3442 5550
752 416 953 488 [asama]
1423 418 1488 484 313

268 574 366 658 γνώτ’
391 576 491 643 άείδω
514 585 571 643 fot
592 603 626 644 τε
649 577 704 644 καὶ
727 580 817 657 ὅστις
840 580 1013 664 ἁμιλλᾶται
1036 579 1111 667 περὶ
1305 581 1370 648 ’Ea
1390 582 1435 667 β’.

268 683 413 767 ἐσχάτων
437 683 570 772 ἀέθλων
592 699 768 772 κορυφαῖς·
792 687 919 753 ὕπατον
942 685 974 752 δ’
1000 691 1094 773 ἔσχεν
1117 693 1207 755 Πίσα
1454 707 1488 755 60

268 787 447 877 Ἡρακλέος
470 796 603 878 τεθμόν.
634 793 744 859 ύδείαί
764 818 800 877 γε
823 791 884 880 μὲν
907 794 1099 880 ἀμβολάδαν

196 901 199 905 ’
269 897 306 962 ἐν
328 903 471 977 τελεταῖς
495 898 547 978 δὶς
567 899 755 967 Ἀθαναίων
777 926 833 966 νιν
856 901 960 987 ὀμφαὶ

216 1022 249 1068 35
269 1006 440 1090 κώμασαν·
464 1011 542 1096 γαίᾳ
565 1005 601 1073 δὲ
624 1012 788 1097 καυθείσᾳ
809 1007 890 1095 πυρὶ
913 1011 1037 1095 καρπὸς
1060 1009 1171 1088 ἐλαίας

270 1117 386 1198 ἔμολεν
400 1112 522 1201 Ἥ-ρας
544 1115 603 1180 τὸν
626 1114 679 1180 εύ-

314 1221 417 1308 άνορα
441 1223 522 1287 λαὸν
546 1221 582 1287 ἐν
605 1220 733 1308 ἀγγέων
756 1221 886 1308 ἕρκεσιν
908 1212 1154 1308 παμποικίλοιςῙ

1294 1427 1373 1508 Στρ.
1393 1421 1435 1506 γ’.

270 1524 378 1590 ἕπεται
402 1525 452 1612 δέ,
477 1531 586 1612 Θεαῖε,
609 1528 771 1613 ματρώων
793 1528 1009 1610 πολύγνωτον
1031 1527 1127 1611 γένος
1149 1529 1329 1616 ὑμετέρων,
1456 1548 1489 1595 70

269 1633 399 1716 εὐάγων
422 1635 499 1718 τιμά
522 1638 701 1719 Χαρίτεσσί
720 1658 753 1699 τε
777 1633 832 1699 καὶ
855 1637 920 1700 σὺν
948 1637 1170 1722 Τυνδαρίδαις
1192 1638 1345 1722 θαμάκις.

271 1740 449 1825 ἀξιωθείην
472 1765 541 1827 κεν,
565 1740 629 1806 ἐὼν
653 1742 850 1827 Θρασύκλου

218 1864 252 1911 40
269 1844 379 1912 Ἀντία
401 1871 435 1912 τε
459 1846 633 1931 ξύγγονος,
655 1847 771 1934 Ἀργει·
792 1851 835 1933 μὴ
859 1851 1016 1934 κρύπτειν
1039 1850 1125 1934 φάος
1458 1869 1490 1916 75

271 1954 434 2039 ὀμμάτων.
471 1958 683 2041 νικαφορίαις
706 1957 769 2040 γάρ
793 1956 885 2033 ὅσαις
909 1959 1068 2042 Προίτοιο
1091 1956 1169 2022 καθ’
1196 1958 1403 2044 ἱπποτρόφον

289 2245 330 2293 31.
351 2238 378 2293 ολ
396 2237 467 2293 coni.
486 2237 606 2307 Kayser:
625 2242 685 2320 θεῷ
704 2237 784 2293 codd.
803 2240 832 2293 ot
849 2239 944 2309 schol,
960 2241 1038 2323 quod
1058 2258 1091 2294 ex
1104 2241 1204 2329 glossa
1225 2237 1312 2314 Θεείφ
1331 2242 1491 2310 corruptum

217 2313 285 2381 puto
305 2343 338 2350 -
358 2316 400 2364 32.
419 2318 546 2378 κορυφᾶς
565 2310 677 2364 Scbmrd
697 2312 726 2363 et
746 2327 816 2364 unus
831 2328 864 2364 ex
879 2311 1038 2366 scholiastrs
1053 2344 1088 2352 -
1102 2331 1221 2367 νστατον
1236 2314 1266 2368 D
1278 2344 1313 2352 —
1327 2317 1370 2367 33.
1389 2330 1420 2381 γε
1435 2327 1489 2365 om.

218 2384 247 2437 D
270 2414 302 2422 -
327 2379 409 2456 ἀδείᾳ
430 2426 436 2436 .
457 2425 462 2435 .
484 2424 489 2434 .
510 2380 541 2435 ἐν
562 2385 658 2471 esterp?
677 2401 702 2436 v.
722 2381 739 2435 l.
760 2380 846 2437 schol.
868 2389 966 2466 ”.³⁴¹·
992 2404 1038 2438 νιν
1053 2401 1115 2466 μοι.
1134 2385 1164 2438 D
1184 2416 1215 2423 —
1235 2389 1277 2437 36.
1302 2379 1427 2454 χαλκέοις
1445 2382 1490 2436 vel

216 2452 980 2589 tttltltttt'tttt‘t‘tttl‘atltttl
998 2454 1259 2581 tratti,
1270 2458 1491 2581 adscivisti

217 2594 282 2650 τίδ’
299 2568 439 2666 εύγνωτον
452 2595 533 2665 γένος
546 2595 646 2666 Bergk,
662 2546 760 2665 δφέπει
770 2637 775 2647 .
787 2545 812 2651 d.
827 2595 907 2666 γένος
921 2570 1008 2666 Bury3
1028 2547 1138 2653 δεξιγεται
1148 2547 1372 2662 ’Βδυολιεοεῐοίος
1387 2569 1491 2651 frustra

218 2667 363 2722 confemnt
377 2667 408 2723 Ο.
419 2684 482 2721 vrrs
496 2699 531 2707 —
546 2673 588 2725 38.
603 2669 655 2722 σὺν
669 2684 722 2720 om.
733 2668 806 2736 BD,
821 2685 854 2722 ex
869 2668 955 2724 schol.
966 2669 1031 2724 add.
1047 2669 1157 2723 Schmid
1173 2702 1205 2709 —
1221 2675 1263 2724 40.
1278 2669 1353 2738 ξύγγ.
1365 2667 1491 2723 Schmid:

218 2739 293 2809 σύγγ.
313 2740 376 2794 BD
394 2771 426 2778 —
447 2744 489 2793 41.
514 2741 695 2808 νικαφορίαις
717 2739 801 2810 Bya.:
824 2737 1018 2811 νικαφορίαισι
1036 2741 1103 2795 RD
1125 2772 1160 2781 -
1183 2740 1274 2804 ὄσσοις
1297 2741 1327 2795 D
1349 2771 1383 2780 -
1407 2736 1491 2807 Προί-

216 2831 276 2865 τοιο
300 2809 371 2864 καθ’
392 2808 568 2880 ἱπποτρόφον
592 2809 661 2865 ἄστυ
684 2809 815 2880 θάλησαν
838 2812 908 2866 coni.
928 2811 1147 2867 Rauchenstein:
1171 2809 1348 2881 λππύτροφον
1372 2810 1441 2865 ἄστυ
1459 2811 1490 2865 τδ

218 2955 302 3009 0.v11
322 2971 347 3008 aa
366 2958 395 3007 et
413 2952 442 3007 P.
457 2972 486 3006 rx
504 2969 542 3021 sa,
562 2955 667 3008 temere
685 2953 809 3024 precari3
828 2957 931 3008 temere
951 2956 1045 3007 autern
1068 2957 1206 3024 precatur,
1225 2954 1274 3022 qui
1293 2953 1422 3008 laborum
1441 2953 1490 3007 im-

218 3025 328 3095 patiens
352 3023 413 3078 sola
436 3023 556 3079 audacia
578 3027 608 3078 et
629 3025 733 3079 fiducia
756 3025 844 3079 animi
866 3024 968 3079 nititur
987 3058 1019 3065 —
1039 3031 1081 3080 31.
1106 3027 1170 3095 περί
1193 3023 1330 3096 ἐσχάτων·
1356 3024 1392 3078 de
1412 3040 1490 3094 prae·

217 3096 356 3166 positione
375 3113 393 3149 a
412 3112 461 3149 suo
485 3095 597 3150 nomine
620 3097 675 3150 fine
699 3114 793 3151 versus
817 3096 959 3150 disiuncta
981 3097 1053 3151 conf.
1072 3096 1147 3152 O.v1
1166 3113 1203 3152 roa
1226 3129 1252 3136 -
1276 3103 1317 3150 33.
1342 3093 1438 3150 ἀδειαί
1461 3114 1491 3164 γε

219 3166 269 3238 μὲν
288 3172 344 3223 κτλ.
360 3166 427 3221 licet
445 3166 605 3248 oleaginam
623 3183 754 3222 coronam
768 3167 945 3238 Olympicum
963 3169 1085 3222 nondum
1109 3167 1301 3237 reportaverit,
1320 3169 1415 3222 tamen
1434 3165 1492 3220 iam

218 3239 273 3293 olei
292 3238 448 3309 praemium
466 3238 541 3291 ludrs
560 3238 776 3294 Panathenaicis
795 3239 945 3293 adsecutus
969 3243 1012 3293 est
1033 3271 1066 3280 -
1088 3238 1261 3311 ἀμβολάδαν,
1280 3237 1492 3308 ἀνατεταμένοις

218 3319 251 3380 τῇ
270 3319 351 3381 φωνῇ
371 3311 418 3363 καί
437 3313 567 3379 λαμπρῶς
585 3309 739 3365 scholiasta
756 3311 827 3365 bene
846 3311 1058 3380 interpretatur;
1078 3310 1221 3365 Disaenius
1240 3327 1337 3364 vereor
1354 3326 1389 3365 ne
1409 3327 1492 3381 argu·

218 3384 301 3447 tetur,
315 3382 390 3462 quod
405 3385 505 3435 cantus
519 3380 584 3436 illos
598 3382 783 3437 Athenienses
797 3383 878 3451 quasi
893 3382 1039 3452 praeludia
1053 3382 1191 3452 quaedam
1202 3379 1363 3454 (ἀναβολάς)
1373 3398 1493 3452 pompae

219 3452 381 3523 Olymprcae
408 3451 494 3506 fuisse
519 3455 604 3522 putat
628 3485 662 3494 -
688 3459 730 3508 35.
757 3454 863 3522 καρπὸς
883 3453 977 3516 ἐλαίας
992 3498 997 3508 .
1014 3497 1019 3508 .
1036 3498 1041 3508 .
1058 3454 1089 3508 ἐν
1107 3451 1215 3535 ἀγγέων
1239 3452 1347 3520 ἕρκεσιν
1370 3471 1492 3522 παμποι-

218 3521 316 3587 κίλοις·
342 3524 614 3580 Panathenaeonicis
640 3524 791 3596 amphorae
816 3525 872 3579 olei
894 3525 995 3595 plenae
1019 3528 1048 3579 et
1072 3527 1168 3596 figurrs
1196 3527 1311 3579 ornatae
1341 3541 1391 3594 pro
1421 3540 1491 3578 mer·

219 3596 286 3650 cede
311 3595 465 3664 dabantur,
492 3613 507 3652 e
532 3596 633 3665 quibus
662 3613 707 3650 am
729 3596 804 3650 horis
832 3597 937 3651 multae
966 3613 1029 3651 cum
1056 3596 1140 3650 titulo
1170 3598 1251 3651 TON
1278 3597 1494 3652 ΑΘΕΝΕΘΕΝ

218 3669 352 3722 ΑΘΛΟΝ
368 3666 486 3721 effossae
505 3669 582 3733 sunt;
602 3668 636 3722 cf.
652 3669 683 3722 O.
716 3668 780 3735 ahn,
799 3668 1031 3722 Vasensammlun
1070 3667 1164 3737 Kdnig
1182 3667 1313 3749 Ludwigs
1332 3686 1358 3721 n.
1377 3683 1425 3721 sss.
1444 3682 1491 3720 ras.

218 3754 265 3793 aas,
284 3753 324 3794 aaa
343 3741 395 3792 etc.
415 3771 448 3778 -
467 3744 509 3793 36.
530 3738 561 3793 ἐν
579 3739 688 3808 ἀγγέων
707 3738 826 3809 ἔρνεσιν·
846 3740 875 3793 in
894 3738 966 3807 ollis,
986 3687 1087 3808 quihus
1106 3739 1198 3793 oleum
1217 3739 1348 3808 cingrtur,
1367 3738 1402 3791 ad
1424 3755 1492 3791 ana-

219 3808 325 3880 logiam
343 3809 483 3864 Homerici
503 3809 582 3879 ἕρκος
600 3809 732 3866 δδύντων.

289 3886 331 3935 37.
351 3881 387 3935 ad
403 3881 535 3936 victorias
554 3881 692 3937 maiorum
706 3881 820 3949 Thesei,
839 3900 910 3951 quas
928 3881 988 3951 ipse
1008 3881 1128 3937 feliciter
1142 3881 1299 3936 aemulatus
1319 3883 1370 3949 est,
1390 3879 1494 3934 transit

220 3983 252 3990 —
272 3952 450 4021 πολύγνωτον
468 3953 560 4023 γένος·
584 3953 734 4008 lectionem
752 3952 832 4023 γένος
850 3953 937 4007 etiam
957 3952 1064 4007 scholia
1081 3953 1155 4007 tueri
1173 3952 1316 4007 videntur:
1340 3953 1494 4007 ἀκολουθεῖ

220 4021 290 4076 κατὰ
308 4024 341 4078 τδ
358 4024 536 4093 πολύγνωτον
555 4027 631 4095 ὑμῶν
650 4022 730 4095 γε’νος
748 4024 780 4079 τὸ
798 4025 855 4079 ἀπὸ
873 4033 923 4094 τῆς
941 4023 1054 4094 μητρός·
1074 4032 1196 4094 μάτρωες
1212 4023 1265 4094 γάρ
1280 4023 1307 4077 ol
1321 4023 1378 4078 ἀπὸ
1391 4023 1494 4092 μητρδς

219 4091 359 4163 πρόγονοι.
393 4095 448 4149 Sed
466 4113 528 4149 cnm
545 4095 642 4150 ἕπεται
655 4114 718 4150 cum
733 4096 894 4150 accusativo
909 4114 964 4150 non
979 4095 1120 4166 iungatur,
1135 4099 1186 4150 aut
1199 4094 1313 4148 dativus
1327 4095 1493 4166 πολυγνύτφ

219 4163 294 4235 γένει
312 4183 375 4219 cum
394 4166 535 4222 Schmidio
554 4168 743 4222 restituendus
762 4171 819 4235 est,
839 4171 890 4221 aut
907 4167 993 4222 verba
1013 4167 1120 4237 εδαγὼν
1139 4166 1204 4236 τιμὰ
1223 4165 1279 4219 vim
1298 4163 1493 4236 appositionis,

218 4253 275 4305 qua
298 4238 493 4292 antecedentia
514 4241 600 4293 verba
624 4238 720 4294 ἕπεται
742 4240 877 4310 ματρώων
901 4237 980 4308 γένος
1002 4237 1190 4307 illustrentur,
1214 4236 1341 4292 obtinere
1364 4236 1493 4291 ducenda

218 4311 296 4363 sunt:
316 4309 458 4379 conspirat
476 4328 538 4364 cum
558 4311 614 4364 tuis
634 4310 785 4366 virtutibus
805 4310 985 4378 victoriisque
1004 4309 1112 4363 illustre
1132 4326 1220 4380 genus
1234 4310 1389 4363 vestrorum
1405 4324 1493 4360 avun-

220 4380 353 4447 culorum,
368 4385 453 4470 atque
468 4381 558 4451 gloria
572 4399 667 4436 eorum
682 4382 811 4436 felicibus
826 4381 1026 4437 certaminibus
1040 4397 1093 4451 ope
1104 4381 1217 4436 deorum
1232 4396 1316 4451 saepe
1331 4380 1494 4504 comparata

220 4483 251 4490 —
272 4458 314 4505 38.
338 4455 490 4520 Χαριτεσσί
509 4472 538 4507 τε
561 4455 610 4508 καί
633 4455 684 4509 σὺν
710 4451 910 4522 Τυνδαρίδαις,
934 4453 1001 4521 quia
1020 4452 1197 4522 Tyndaridae
1221 4451 1320 4507 Castor
1342 4454 1371 4504 et
1416 4449 1493 4504 ollux

219 4523 418 4577 certaminibus
438 4524 576 4593 gymnicis
600 4527 629 4579 et
652 4525 766 4580 Gratiae
793 4524 962 4579 carminibus
986 4523 1015 4577 in
1038 4524 1170 4579 honorem
1194 4523 1331 4577 victorum
1359 4520 1493 4576 canendis

220 4599 380 4662 praeerant,
400 4594 483 4648 simul
503 4599 596 4650 autem
611 4597 836 4666 Tyndaridarum
854 4595 959 4649 mentio
978 4613 1044 4666 prae
1065 4599 1129 4650 arat
1151 4595 1278 4649 fabulam
1301 4594 1493 4662 insequentem

219 4698 253 4704 —
273 4671 316 4719 40.
336 4665 506 4734 Thracyclus
524 4667 655 4722 nimirum
675 4672 704 4723 et
718 4669 817 4722 Antias
837 4667 961 4737 μάτρωες
981 4615 1085 4722 &sadda
1104 4670 1185 4722 eraut
1204 4699 1237 4706 -
1255 4666 1389 4733 κρύπτειν
1408 4664 1493 4734 φάος·

219 4739 317 4789 contra
335 4737 403 4791 victi
426 4737 517 4790 visum
540 4738 684 4793 hominum
708 4740 813 4808 vitant,
840 4743 871 4792 ut
893 4741 1037 4792 narratum
1061 4740 1105 4792 est
1123 4738 1154 4794 Ο.
1173 4757 1222 4791 vnr
1240 4753 1274 4792 an.
1299 4738 1327 4790 P.
1346 4753 1396 4789 vm
1414 4751 1440 4787 aa
1459 4768 1493 4775 -

219 4814 261 4860 41.
284 4805 415 4874 Προίτοιο
434 4808 498 4863 κατ’
515 4809 596 4878 ἄστυ,
616 4811 718 4881 Argos,
738 4811 786 4865 ubi
806 4810 874 4865 olim
891 4810 1008 4864 Proetus
1027 4827 1160 4881 regnasse
1179 4809 1295 4876 dicitur3
1315 4807 1348 4862 cl.
1367 4807 1493 4877 Apollod.

217 4894 279 4935 1125
299 4911 331 4922 -·
