3442 5550
865 1258 1026 1312 NEMEON.
1046 1254 1093 1310 H'.

644 1420 921 1505 ΔΕΙΝΙΔΙ
958 1418 1326 1503 ΑΙΓΙΝΗΤΗι

907 1614 1059 1664 ΣΤΑΔΙΕΙ.

893 1897 1070 1967 strophae.

438 3491 576 3550 Diuidem
599 3492 703 3570 Megae
727 3491 821 3551 filium
845 3491 1024 3569 Aeginetam
1044 3511 1059 3549 e
1079 3495 1167 3568 gente
1193 3490 1410 3550 (lhariadurum
1434 3483 1476 3570 (v.
1496 3483 1547 3571 46)
1565 3490 1624 3550 Ne·

347 3598 413 3638 mea
436 3596 525 3639 cursu
547 3580 653 3640 vicisse
677 3584 708 3639 et
730 3584 847 3657 patrem
876 3581 939 3639 eius
967 3581 1070 3639 eodem
1099 3599 1205 3658 genere
1230 3579 1426 3639 certaminum
1449 3583 1541 3640 autea
1563 3581 1624 3639 iam

345 3669 504 3728 victoriam
531 3672 698 3746 reportasse
727 3690 762 3728 ex
790 3670 920 3729 carmine
949 3669 1014 3745 ipso
1045 3669 1258 3747 cognoscimus.
1304 3668 1453 3745 Didymus
1485 3688 1557 3730 vero
1590 3688 1624 3728 ex

347 3758 485 3837 catalogo
509 3759 757 3818 Nemeonicarum
780 3760 836 3818 hoc
859 3778 952 3817 unum
975 3758 1080 3836 refert,
1104 3758 1241 3817 neutrius
1264 3777 1371 3817 nomen
1395 3759 1475 3817 inter
1496 3757 1625 3820 victores

346 3847 442 3906 stadio
471 3867 654 3924 comparere,
681 3848 760 3907 unde
790 3866 839 3907 eos
866 3868 925 3907 non
955 3847 1065 3923 stadio,
1093 3847 1144 3906 sed
1171 3847 1285 3923 duplici
1314 3847 1411 3907 stadio
1435 3847 1497 3906 sive
1522 3847 1624 3909 diaulo

346 3935 451 3996 vicisse
474 3937 628 4013 probabile
651 3937 693 3995 fit.
740 3938 851 3995 Verum
875 3937 1037 4014 aegerrime
1060 3936 1192 4014 ferimus,
1217 3936 1295 4012 quod
1319 3937 1425 3996 doetus
1448 3938 1624 4015 grammati·

346 4044 397 4084 cns
428 4046 463 4084 ex
493 4026 554 4085 suis
583 4027 741 4104 catalogiS,
769 4025 895 4084 fortasse
924 4025 996 4102 quia
1019 4026 1049 4083 in
1073 4026 1109 4084 iis
1133 4025 1208 4083 nihil
1231 4027 1351 4101 praeter
1374 4025 1472 4085 stadio
1495 4026 1625 4088 victores

347 4118 485 4174 notatum
512 4116 636 4192 invenit,
660 4115 695 4174 de
719 4120 852 4191 tempore
879 4115 1073 4175 victoriarum
1100 4114 1176 4173 nihil
1206 4114 1375 4189 adnotavit3
1409 4114 1495 4191 atqui
1530 4117 1626 4177 omnis

349 4204 557 4280 interpretatio
586 4204 676 4263 huius
700 4204 839 4264 carminis
863 4224 881 4263 a
904 4207 1050 4281 tempore,
1081 4224 1141 4280 quo
1165 4203 1195 4261 id
1219 4204 1364 4280 scriptum
1387 4222 1449 4263 esse
1475 4203 1625 4282 videatur,

346 4293 464 4367 pendet.
502 4293 566 4352 Hoc
586 4294 705 4369 quidem
725 4314 761 4353 ex
779 4297 844 4353 toto
864 4297 965 4353 tenore
984 4293 1124 4352 carminis
1143 4292 1289 4368 suspicari
1307 4293 1386 4370 licet,
1405 4313 1505 4352 rerum
1527 4293 1626 4371 publi·

346 4401 450 4440 carum
480 4384 605 4458 statum,
630 4383 729 4459 qualis
752 4383 804 4441 illo
828 4386 960 4460 tempore
984 4383 1056 4460 fuit,
1080 4381 1208 4440 Pindaro
1233 4401 1412 4460 magnopere
1436 4382 1625 4459 displicuisse

346 4471 471 4548 eiusque
500 4471 633 4530 animum
662 4492 720 4531 non
749 4472 846 4530 solum
876 4471 1038 4531 senectutis
1068 4471 1302 4549 ingravescentis
1331 4470 1478 4532 molestiis
1506 4471 1547 4545 (v.
1567 4465 1627 4554 38),

348 4559 399 4618 sed
417 4561 509 4619 etiam
527 4561 628 4620 dolore
648 4564 678 4620 et
696 4561 741 4619 ira
760 4560 797 4620 ob
821 4561 975 4620 hominum
998 4560 1190 4636 iniquitatem
1214 4562 1245 4618 et
1267 4560 1453 4637 impietatem
1477 4560 1626 4623 afflictum

347 4649 447 4709 fuisse.
493 4650 575 4709 Haec
603 4653 705 4709 autem
733 4650 859 4708 tristitia
887 4650 1011 4727 optime,
1039 4653 1075 4707 ut
1101 4649 1256 4707 Disaenius
1280 4650 1409 4725 monuit,
1440 4650 1572 4726 quadrat
1593 4651 1627 4710 in

348 4756 460 4797 aunum
484 4740 580 4818 459)ss
604 4759 630 4798 e.
650 4737 716 4797 chr.
737 4732 797 4818 (Ol.
818 4741 869 4815 80,
889 4734 932 4820 2),
957 4758 1015 4815 quo
1040 4757 1118 4797 anno
1140 4741 1210 4814 post
1233 4758 1366 4817 pugnem
1390 4738 1626 4816 Cecryphaleam

347 4827 543 4888 Athenienses
565 4828 712 4906 Aeginam
743 4847 916 4906 oppugnare
945 4827 1105 4906 parabant,
1136 4828 1183 4885 vel
1214 4846 1264 4886 eos
1295 4828 1347 4904 qui
1377 4828 1510 4903 proxime
1541 4833 1626 4890 ante·
