3442 5550
218 422 282 485 262
691 424 838 475 munim
857 424 1023 477 remmia

271 590 420 671 πόρθησε
443 584 497 651 καλ
521 585 680 671 Μέροπας

273 691 327 758 καλ
350 694 409 758 τὸν
431 692 535 777 μέγαν
557 693 757 777 πολεμιστὰν

316 803 481 884 ἔκπαγλον
500 798 674 884 Ἀλκυονῆ,

274 907 315 972 οὐ
337 911 529 992 τετραορίας
551 931 587 990 γε
611 905 690 991 πρὶν
714 907 865 971 δυώδεκα
887 905 996 993 πέτρῳ

273 1013 382 1099 ἥρωάς
404 1013 432 1079 τ’
461 1013 707 1099 ἐπεμβεβαῶτας
731 1013 937 1098 λπποθάμους
960 1012 1033 1078 ἕλεν

220 1137 254 1186 30
273 1119 326 1198 όλς
348 1123 480 1204 τόσους,
504 1121 727 1205 ἀπειρομάχας
751 1120 814 1185 ἐών
836 1143 871 1185 κε
895 1124 1015 1205 φανείη

273 1230 373 1311 λόγον
396 1227 414 1294 ό
437 1230 481 1313 μη
505 1227 639 1306 ξυνιείς·
663 1225 731 1292 έπεὶ

273 1334 407 1419 ῥέζοντά
429 1359 461 1400 τι
484 1333 539 1400 καλ
561 1341 684 1401 παθεῖν
708 1338 823 1400 ἔοικεν.

275 1532 314 1595 τὰ
337 1531 444 1616 μακρά
469 1528 500 1595 θ’
527 1529 689 1608 ἐξενέπειν
713 1529 838 1615 ἐρύ-κει
861 1554 900 1615 με
923 1531 1045 1615 τεθμὸς
1315 1535 1395 1616 Στρ.
1415 1529 1443 1596 ε’

274 1632 361 1724 ὧραί
381 1636 410 1702 τ’
436 1637 655 1722 ἐπειγόμεναι·
1463 1654 1495 1702 σσ

222 1763 255 1811 35
277 1753 366 1829 ἴυγγι
390 1743 422 1808 θ’
448 1743 582 1830 ἕλκομαι
605 1740 685 1830 ἦτορ

310 1856 469 1939 νεομηνία
491 1851 637 1937 θιγέμεν.

293 2052 335 2100 30.
355 2042 452 2107 τόσους
470 2044 566 2100 Tricl:
590 2043 705 2109 τόσσους
723 2047 751 2101 Β
765 2046 795 2100 D
812 2078 847 2086 —
865 2051 898 2099 31
920 2064 959 2114 sq.
987 2046 1176 2117 trapecitarum
1196 2046 1274 2101 stou.
1292 2046 1352 2101 flor.
1371 2062 1407 2115 ιε,
1427 2061 1454 2100 ιε
1471 2048 1500 2101 et

223 2117 309 2173 schol.
329 2117 413 2187 Soph.
432 2115 474 2172 El.
495 2132 547 2171 roso
566 2149 600 2155 --

224 2244 364 2314 Meropes,
387 2245 495 2296 veteres
519 2240 625 2295 incolas
646 2242 693 2297 Coi
713 2242 834 2311 insulae,
855 2241 1056 2312 expeditiones,
1075 2259 1145 2311 quas
1164 2242 1194 2295 in
1212 2245 1306 2296 vetere
1325 2240 1422 2311 aliquo
1442 2258 1499 2297 ear·

224 2315 298 2368 mine
324 2316 452 2367 narratas
479 2330 539 2367 esse
564 2315 688 2379 constat,
712 2313 842 2368 similiter
865 2313 1028 2384 perstrinxit
1052 2314 1086 2368 N.
1106 2332 1137 2366 111
1155 2332 1181 2369 au
1201 2332 1236 2369 ss.
1264 2314 1284 2368 l.
1304 2332 1331 2366 vr
1351 2329 1377 2368 ar
1393 2331 1429 2368 ss.
1450 2313 1500 2369 00-

225 2385 333 2455 piosius
352 2384 469 2439 eandem
488 2384 614 2438 fabulam
633 2385 768 2440 tractavit
786 2385 815 2438 in
834 2385 950 2454 hymno,
976 2385 1054 2438 cuius
1073 2387 1186 2440 exstant
1210 2386 1242 2441 fr.
1261 2402 1287 2439 so
1306 2404 1327 2439 s.
1347 2384 1393 2453 (cf.
1413 2384 1500 2440 schol.

225 2456 316 2527 Apoll.
335 2455 424 2511 Rhod.
444 2474 453 2507 1
473 2460 543 2521 rrae).
581 2456 691 2510 Similia
716 2457 751 2510 de
776 2455 860 2510 Peleo
886 2456 1061 2526 praedicavit
1084 2456 1115 2510 fr.
1138 2473 1175 2511 rra
1200 2489 1231 2496 -
1256 2462 1298 2510 26.
1318 2454 1448 2526 πόρθησε
1471 2460 1501 2511 et

226 2529 262 2582 ad
283 2528 378 2582 urbem
398 2525 510 2580 Troiam
529 2528 559 2580 et
577 2528 613 2581 ad
633 2528 758 2582 homines
777 2528 874 2581 referri
898 2545 979 2598 posse
999 2528 1081 2582 docet
1099 2526 1199 2582 similis
1219 2545 1285 2581 usus
1302 2527 1383 2582 verbi
1402 2527 1500 2597 ἔπερσε

225 2600 258 2653 N.
274 2619 305 2652 111
320 2616 344 2653 οι
364 2629 397 2639 -
417 2603 451 2651 ‘28
467 2615 501 2651 ss.
522 2598 621 2653 schol:
642 2600 674 2652 ot
693 2596 829 2667 πρότερον
844 2595 895 2654 οὖν
910 2601 996 2669 φησὶν
1018 2601 1109 2655 ἀνεῖλε
1128 2600 1178 2653 τὸν
1194 2597 1338 2654 Ἀλκυονέα
1353 2597 1501 2670 Ἡρακλῆς,

225 2672 291 2738 πρὶν
314 2669 349 2723 τὰ
373 2668 483 2739 ἅρματα
510 2669 597 2723 αὐτοῦ
623 2670 677 2723 ὑπὸ
702 2678 751 2723 τοῦ
774 2668 937 2734 Ἀλκυονέως
959 2673 1112 2743 βληθῆναι·
1140 2672 1208 2740 μετὰ
1228 2670 1281 2741 γὰρ
1299 2670 1330 2725 τὸ
1349 2668 1502 2738 συντρίψετε

226 2743 313 2796 αὐτοῦ
338 2743 448 2795 δώδεκα
472 2738 583 2809 ἅρματα
606 2742 651 2794 καλ
678 2740 899 2810 εἰκοσιτέσσαρας
921 2742 1028 2812 ἄνδρας
1046 2739 1117 2814 λίθῳ
1136 2744 1264 2815 μεγίστῳ,
1291 2741 1502 2797 τὸτελευταῖον

227 2811 290 2868 κατ’
311 2814 399 2867 αὐτοῦ
418 2811 566 2881 (Herculis)
586 2811 636 2866 τὸν
659 2814 743 2866 λίθον
767 2812 894 2881 ἔρριψεν,
919 2812 952 2868 ὃν
974 2819 1011 2885 τῷ
1036 2810 1147 2886 βοπάλςσ
1170 2811 1392 2884 ἀποσεισάμενος
1416 2811 1502 2875 οὕτως

226 2883 373 2939 ἀπέκτεινε
391 2884 441 2937 τόν
456 2880 613 2951 Ἀλκυονέα,
637 2881 686 2937 καί
704 2903 774 2953 φασι
793 2889 905 2939 κεῖσθαι
924 2886 973 2940 τὸν
992 2882 1075 2939 λίθον
1098 2884 1128 2939 ἐν
1147 2890 1184 2957 τῷ
1203 2885 1302 2957 ἰσθμῷ.
1341 2882 1453 2954 λέγεται
1470 2883 1500 2939 δέ

226 2955 286 3011 τότε
311 2964 496 3024 συμπαρεῖναι
520 2960 557 3028 τῷ
577 2954 707 3023 Ἡρακλεῖ
732 2957 779 3009 καὶ
804 2956 854 3011 τὸν
879 2959 1038 3026 Τελαμῶνα.
1077 2957 1143 3009 Inde
1167 2955 1323 3011 subiectum
1341 2955 1423 3010 verbi
1442 2954 1502 3011 ἕλεν

226 3027 398 3097 Alcyoneum
425 3044 485 3081 esso
510 3030 591 3097 patet
616 3044 671 3082 non
697 3027 851 3082 Herculem.
889 3028 1017 3082 Ceterum
1043 3026 1072 3081 in
1097 3027 1173 3081 vasis
1198 3027 1282 3097 pictis
1305 3027 1501 3097 Alcyoneusa

226 3099 354 3154 Minerva
370 3098 532 3168 consopitus
551 3099 587 3152 ab
607 3098 725 3152 Hercule
745 3099 919 3170 opprimitur,
939 3116 995 3167 qua
1014 3100 1048 3152 de
1068 3098 1227 3153 differentia
1241 3098 1355 3152 fabulae
1370 3118 1396 3154 v.
1412 3098 1501 3170 dep‚

227 3171 307 3225 Aroh.
329 3170 396 3224 Zeit.
418 3173 486 3223 1884
505 3188 531 3239 p.
551 3186 576 3225 ar
596 3176 625 3223 et
642 3170 759 3238 ltobert,
780 3171 872 3225 Herm.
893 3189 929 3237 m,
952 3186 988 3224 us
1007 3188 1042 3225 ss.
1067 3202 1100 3210 -
1125 3172 1169 3233 ἃλς
1196 3169 1304 3238 τόσους,
1333 3170 1450 3243 aurigas
1474 3174 1502 3225 et

226 3246 397 3313 pugnatores
422 3273 454 3281 -
479 3246 522 3295 32.
546 3240 700 3294 scholiasta
724 3246 868 3312 comparat
892 3258 1000 3294 versum
1026 3241 1170 3311 Sophoclis
1194 3241 1226 3296 fr.
1247 3257 1298 3296 sae:
1321 3240 1373 3297 τὸν
1391 3244 1501 3311 doma

227 3313 280 3383 γάρ
299 3334 325 3367 τι
344 3314 392 3366 καλ
418 3316 525 3366 παθεῖν
550 3310 703 3381 ὀφείλεται·
731 3331 813 3381 quem
838 3329 947 3366 versum
974 3330 1007 3367 eo
1033 3313 1127 3383 aptius
1153 3312 1340 3383 comparavit,
1367 3313 1445 3381 quod
1470 3329 1501 3367 ex

228 3382 374 3453 Sophoclis
393 3383 491 3437 tabula
510 3389 632 3452 cognatu.
648 3382 816 3452 Ἡρακλέους
834 3383 879 3437 iul
897 3383 1027 3457 Ταινάρῳ
1047 3388 1173 3454 sirmptus
1193 3388 1261 3439 erat.
1286 3383 1388 3439 Merito
1407 3388 1501 3440 autem

228 3474 261 3511 ex
280 3456 324 3509 his
344 3455 436 3509 verbis
456 3454 625 3509 scholiastae
645 3454 818 3525 collegerunt
836 3454 1048 3509 Timasarehum
1067 3473 1178 3524 quoque
1193 3474 1249 3511 non
1264 3454 1324 3510 sine
1338 3454 1501 3512 vulneribus

227 3526 374 3581 victoriam
393 3529 573 3580 consecutum
592 3543 660 3580 esse.

299 3604 340 3652 ³3.
367 3596 485 3667 τεθμός,
508 3615 604 3652 norma
623 3597 767 3665 conuiuis,
794 3614 866 3665 <puae
893 3616 954 3652 cum
981 3602 1006 3652 et
1033 3599 1069 3652 ad
1088 3601 1218 3653 naturam
1237 3598 1370 3653 carminis
1389 3598 1502 3671 epinieii

228 3669 387 3723 universam
406 3670 451 3735 (ef.
467 3670 486 3723 l.
502 3688 529 3722 vr
544 3672 580 3737 rs)
601 3671 630 3722 et
648 3671 684 3723 ad
704 3685 773 3735 eam,
794 3670 828 3723 de
849 3687 905 3738 qua
918 3669 992 3725 inter
1005 3674 1118 3740 poetam
1134 3673 1161 3725 et
1175 3670 1310 3726 victorem
1324 3675 1501 3739 convenerat,

228 3741 346 3794 formam
365 3741 409 3807 (cf.
425 3740 454 3794 Ρ.
470 3760 498 3792 ιιι
511 3743 548 3809 ιι)
567 3742 596 3793 et
614 3740 837 3809 magnitudinem
856 3741 1066 3809 (cf.Prol.xcv1
1080 3742 1156 3810 adn.)
1174 3742 1313 3812 pert-inere
1352 3742 1434 3813 ossit,
1452 3744 1501 3799 hoc

228 3814 289 3867 loco
313 3811 537 3882 magnitudinem
560 3812 737 3881 potissimum
760 3811 860 3880 respici
885 3828 917 3865 ex
937 3812 1054 3868 adiectis
1073 3812 1166 3867 verbis
1185 3808 1255 3881 ὧραί
1277 3811 1303 3866 τ’
1325 3760 1503 3884 έπειγόμενιυ

228 3883 302 3938 effici
321 3883 389 3936 mihi
408 3882 533 3943 videtum
556 3882 609 3936 hac
629 3883 703 3937 eninr
721 3883 759 3935 im
781 3882 922 3937 edimento
941 3887 1042 3955 poetae
1061 3887 1155 3954 erant,
1175 3884 1322 3954 quominus
1342 3883 1457 3955 longius
1474 3886 1502 3941 in

228 3953 333 4009 fabulis
352 3953 499 4007 narrandis
518 3954 730 4024 exspatiaretur.
760 3901 900 4009 gammam
921 3956 1008 4026 igitur
1022 3957 1079 4010 vim
1095 3955 1188 4012 verbis
1207 3956 1242 4010 τὰ
1261 3955 1355 4025 μακρὰ
1374 3960 1405 4011 et
1423 3974 1502 4040 prae-

228 4026 362 4097 positioni
382 4024 410 4091 a
429 4025 507 4079 verbi
527 4023 667 4091 ἐξενέπειν
686 4025 787 4094 tribuo,
807 4029 839 4080 ut
852 4029 1008 4081 cavendum
1022 4032 1122 4099 poetae
1141 4028 1227 4082 fuisse
1246 4030 1350 4097 putem,
1365 4045 1402 4082 ne
1421 4028 1503 4095 idern,

229 4098 303 4167 quod
323 4097 353 4151 in
372 4097 494 4151 carmine
508 4096 541 4151 N.
557 4118 567 4150 1
582 4097 730 4165 commisit,
750 4099 816 4151 tuno
834 4115 944 4168 quoque
964 4100 1158 4167 committeret,
1178 4102 1210 4151 ut
1228 4098 1354 4152 fabulam
1369 4098 1503 4155 narrandi

229 4169 377 4224 dulcedine
397 4169 529 4239 abreptus
548 4187 661 4250 prorsus
680 4168 794 4223 victoris
813 4169 927 4238 eiusque
948 4171 1127 4225 victoriarum
1146 4169 1251 4224 oblitus
1270 4186 1330 4224 esse
1352 4169 1503 4227 videretur.

228 4242 357 4309 Namque
381 4239 493 4294 fabulas
516 4240 636 4311 epinicio
662 4240 804 4295 intexendi
829 4244 858 4295 et-
876 4240 974 4296 heroes
993 4242 1119 4296 civitatis
1137 4240 1271 4309 cuiusque
1290 4240 1429 4296 laudandi
1447 4258 1504 4297 mo·

230 4332 288 4368 rom
311 4329 369 4367 nou
392 4311 552 4365 universum
570 4312 760 4383 vituperatum
783 4328 856 4379 esse,
881 4330 914 4366 ex
938 4313 985 4379 iis,
1009 4330 1080 4382 quae
1099 4313 1156 4367 iarn
1176 4314 1341 4381 sequuntur,
1365 4312 1438 4368 satis
1457 4330 1504 4384 op·

230 4388 318 4457 paret.
365 4381 504 4438 Nimirum
536 4400 591 4436 non
624 4382 721 4437 statim
753 4386 817 4453 post
848 4383 901 4438 hoc
934 4384 1073 4439 emblema
1099 4388 1200 4455 (sa-sa)
1228 4384 1265 4437 ad
1292 4382 1505 4439 Timasarohum

230 4457 346 4525 eiusque
365 4457 477 4527 gentem
497 4454 578 4523 redit,
598 4472 687 4524 neque
705 4472 777 4523 quae
796 4455 831 4510 de
850 4455 956 4510 Teuc-ro
970 4455 1079 4511 Achille
1098 4454 1283 4526 Neoptolemo
1302 4454 1387 4510 Peleo
1406 4458 1505 4525 (ιο-σι)

231 4527 369 4595 narravit,
392 4525 484 4596 magis
507 4544 591 4594 quam
615 4543 687 4594 quae
711 4530 795 4581 antea
817 4529 918 4598 (νο-οι)
941 4527 976 4582 de
994 4527 1145 4583 Telamone
1170 4528 1346 4593 narraverat,
1365 4526 1404 4580 ad
1424 4526 1504 4599 Aegi·

230 4603 311 4655 netas
337 4602 367 4653 et
390 4597 525 4652 victorem
551 4597 718 4665 Aeginetam
746 4597 894 4668 pertinent.
932 4599 1048 4669 Vemm,
1077 4602 1109 4652 ut
1134 4598 1205 4667 dixi,
1234 4615 1290 4652 non
1318 4596 1505 4669 digressiones

231 4671 308 4741 ipsae
332 4674 362 4724 et
385 4668 600 4723 domesticorum
625 4668 741 4723 heroum
766 4669 864 4724 laudes
890 4671 1011 4726 Pindaro
1036 4670 1106 4725 vitio
1131 4670 1325 4738 vertebantur,
1355 4670 1404 4724 sed
1433 4687 1505 4725 com·

231 4742 367 4811 pendiosa
385 4740 522 4809 brevitas,
549 4740 701 4795 Simonidis
719 4742 828 4811 prolixo
847 4743 953 4796 flumini
972 4743 1002 4796 in
1020 4742 1124 4797 fabulis
1143 4740 1291 4795 narrandis
1310 4741 1453 4797 contraria
1472 4770 1505 4781 ··

233 4820 274 4868 35.
294 4814 380 4894 ἴυγγι·
401 4829 508 4868 summo
527 4811 680 4881 desideria,
702 4813 868 4884 metaphora
887 4814 923 4867 ab
942 4813 1045 4868 amoris
1064 4814 1141 4881 lusu,
1161 4814 1195 4868 de
1214 4829 1269 4880 quo
1287 4812 1317 4866 P.
1337 4831 1364 4865 rv
1383 4828 1423 4866 ειι
1442 4828 1505 4867 eon·

232 4883 304 4939 ferre
322 4888 414 4954 luvet,
434 4885 470 4941 ud
490 4883 562 4938 alias
581 4900 624 4939 res
643 4884 783 4938 translata
802 4917 836 4923 —
855 4883 1004 4959 νεομηνία·
1030 4883 1187 4951 novilunio,
1208 4900 1263 4951 quo
1282 4898 1362 4937 sacro
1381 4886 1506 4954 tempore
