3442 5550
685 1252 840 1306 ΠΥΘΙΟΝ.
861 1250 908 1304 Θ’.

308 1417 820 1500 ΤΕΛΕΣΙΚΡΑΤΕΙ
867 1415 1246 1500 ΚΤΡΗΝΑΙΩι

654 1611 934 1664 ΟΠΛΙΤΟΔΡΟΜΩι

706 1896 881 1967 Strophee.

251 3942 445 4000 'selesieretes
467 3942 626 4001 Carneadis
646 3943 723 4001 filius
744 3936 784 4023 (v.
802 3937 889 4024 51),e
909 3943 1001 4003 nobili
1021 3945 1109 4020 gente
1129 3944 1292 4018 Cyrenaica
1314 3934 1354 4018 (v.
1372 3939 1435 4012 105)

161 4033 252 4108 ortus,
272 4031 346 4090 duas
367 4032 507 4089 victorias
527 4033 651 4108 Delphis
670 4034 843 4110 reportavit,
863 4052 954 4091 unam
974 4035 1090 4091 armate
1110 4051 1198 4091 eursu
1217 4031 1364 4108 Pythiede
1385 4033 1435 4106 28,

162 4121 287 4178 alteram
312 4121 409 4179 stadio
434 4121 580 4195 Pythiade
605 4125 654 4182 30.
693 4123 803 4180 Prioris
827 4122 970 4182 victoriae
994 4125 1217 4181 monumentum
1240 4121 1364 4197 Delphis
1388 4139 1435 4177 ex·

161 4209 275 4285 stabat,
304 4214 405 4268 statue
434 4211 490 4267 viri
519 4211 632 4270 casside
661 4212 782 4287 armali3
810 4212 886 4271 hane
914 4211 1038 4269 eandem
1060 4211 1216 4270 victoriam
1245 4230 1313 4270 cum
1341 4209 1435 4268 solem

160 4298 301 4374 respiciat
332 4300 387 4358 hee
417 4319 534 4358 carmen
566 4301 713 4376 Pythiede
739 4303 779 4360 28
800 4328 841 4348 =
862 4303 925 4360 478
950 4292 1045 4381 (474)
1069 4319 1094 4358 a.
1115 4299 1181 4359 Chr.
1206 4301 1351 4375 seriptum
1381 4301 1434 4356 est.

161 4388 255 4446 Poeta
283 4408 353 4447 vero
386 4389 502 4446 iuvenis
532 4390 644 4467 egregii
674 4390 801 4449 formam
830 4395 860 4448 et
882 4390 1026 4449 virtutem
1054 4394 1117 4448 tam
1145 4390 1228 4448 enixe
1252 4389 1370 4463 laudat,
1400 4390 1436 4445 ut

161 4477 301 4537 interiore
325 4478 454 4553 (laedam
478 4478 684 4538 familiaritate
708 4480 736 4538 ei
759 4480 935 4538 coniunctus
958 4498 1020 4538 esse
1043 4480 1190 4538 videatur.
1233 4481 1333 4554 Atque
1357 4476 1435 4535 Odo-

162 4567 262 4625 fredus
287 4567 448 4625 Muellerus
473 4566 607 4626 Orchem.
631 4580 683 4626 340
706 4572 881 4646 utrumque,
905 4572 1026 4644 poetam
1056 4572 1086 4627 et
1116 4569 1271 4643 victorem,
1304 4566 1436 4625 eiusdem

162 4656 260 4734 gentis
283 4656 467 4733 Aegidarum
494 4655 586 4716 fuisse
614 4662 669 4716 aut
696 4659 802 4718 saltem
830 4657 948 4716 habitos
971 4657 1062 4716 fuisse
1085 4657 1275 4734 sagacissime
1299 4655 1435 4734 collegit3

162 4765 238 4822 quee
262 4745 433 4804 coniectura
456 4745 528 4804 lieet
549 4767 609 4806 non
633 4748 711 4807 omni
736 4768 771 4806 ex
794 4751 879 4823 parte
903 4747 1077 4806 confirmata
1100 4747 1148 4822 sit,
1171 4765 1311 4823 magnam
1335 4749 1436 4803 tamen

162 4835 252 4895 habet
283 4835 535 4912 probabilitatem.
588 4835 713 4895 Carmen
741 4843 777 4896 ut
800 4837 909 4896 Thebis
933 4838 1105 4896 cantaretur
1133 4835 1316 4894 destinatum
1344 4835 1435 4895 fuisse
