3442 5550
226 376 292 441 370
713 380 863 431 ιειιιιιικ
881 380 933 430 ιιι
952 377 1023 449 [v1].

275 543 375 604 ἔτλαν
396 537 433 604 δὲ
455 538 581 616 πένθος
604 540 644 605 οὐ
667 542 788 625 φατόν·
811 540 895 606 άλλδι
918 550 982 606 νῦν
1004 564 1060 624 μοι

278 649 439 732 Γαιάοχος
461 648 577 713 εὐδίαν
600 650 745 714 όπασσεν

275 753 310 818 ἐκ
333 767 499 839 χειμῶνος.
546 754 695 840 ἀείσομαι
718 759 835 840 χαίταν
858 755 1073 839 στεφάνοισιν
1096 754 1214 839 ἁρμόζ-

320 883 380 927 ων·
405 861 422 928 ὁ
447 861 476 927 δ’
504 862 683 928 ἀθανάτων
706 865 750 948 μὴ
773 861 948 948 θρασσέτω
972 865 1112 947 φθόνος.

221 1093 256 1140 40
275 1076 293 1141 ὅ
316 1100 348 1140 τι
370 1078 513 1160 τερπνὸν
536 1076 701 1162 ἐφάμερον
725 1078 857 1142 διώκων
1297 1073 1385 1141 Ἀντ.
1405 1074 1450 1158 γ’.

274 1181 390 1259 έκαλος
413 1186 520 1267 ἔπειμι
542 1193 647 1269 γῆρας
669 1187 702 1260 ἐς
724 1207 759 1248 τε
781 1185 841 1248 τὸν
863 1223 877 1231 -
901 1185 1064 1267 μόρσιμον

275 1291 390 1356 αίῶνα.
435 1290 626 1375 θυάσκομεν
649 1292 712 1374 γάρ
736 1291 825 1375 ὁμῶς
847 1291 1002 1373 ἅπαντες,

274 1399 403 1482 δαίμων
427 1396 455 1463 δ’
483 1399 590 1474 άισος·
613 1400 653 1463 τά
675 1399 784 1483 μακρά
808 1396 839 1462 δ’
866 1403 898 1462 εί
917 1421 967 1473 τις

273 1509 463 1590 παπταίνει,
486 1508 611 1591 βραχὺς
634 1504 800 1583 ἐξικέσθαι
823 1504 1027 1589 χαλκόπεδον
1050 1509 1141 1569 θεῶν
1163 1502 1194 1568 ἕ-

319 1614 417 1698 δραν·
441 1614 459 1678 ό
482 1635 533 1678 τοι
557 1616 705 1698 πτερόεις
727 1615 840 1697 ἔρριψε
864 1611 1022 1693 Πάγασος

222 1843 257 1890 ιο
277 1827 441 1892 δεσπόταν
463 1825 612 1892 ἐθέλοντ’
637 1825 671 1902 ἐς
694 1826 840 1912 οὐρανοῦ
864 1827 1035 1908 σταθμοὺς
1311 1824 1377 1891 ’Era
1397 1826 1442 1910 γ’.
1466 1846 1502 1893 οε

275 1932 388 1999 ἐλθεῖν
410 1933 487 2019 μεθ’
513 1935 678 2019 ὁμάγυριν
701 1975 715 1983 -
739 1935 1011 2018 Βελλεροφόνταν

276 2043 396 2124 Ζηνός·
420 2043 457 2107 τὸ
481 2039 517 2106 δὲ
541 2065 606 2127 παρ
631 2043 729 2105 δίκαν

273 2151 378 2231 γλυκὺ
401 2149 582 2234 πικροτάτα
604 2147 693 2233 μένει
717 2148 859 2212 τελευτά.

274 2256 356 2340 άμμι
380 2254 424 2340 δ’,
448 2253 473 2322 ὧ
497 2255 621 2343 χρυσέᾳ
643 2257 729 2342 κόμα
750 2255 903 2337 θάλλων,
925 2257 1019 2340 πόρε,
1045 2253 1161 2337 Λοξία,

221 2380 255 2427 50
273 2374 401 2448 τεαῖσιν
423 2363 628 2447 άμίλ-λαισιν

274 2469 420 2536 εὐανθέα
441 2468 496 2535 καὶ
520 2511 534 2520 -
558 2472 676 2535 Πυθόϊ
697 2467 871 2554 στέφανον.

291 2689 334 2738 39.
358 2680 493 2751 ἁρμόσαις
512 2698 545 2735 ex
565 2679 678 2735 scholiis
698 2679 823 2735 Schmid:
851 2677 978 2749 ἁρμόζων
997 2680 1063 2734 RD
1082 2711 1114 2720 —
1133 2686 1176 2735 40.
1196 2680 1338 2751 ἐφάμερον
1358 2682 1402 2737 D:
1429 2682 1495 2753 ἐφά-

220 2774 303 2825 μερος
320 2753 403 2809 Trici.
420 2786 451 2794 -
467 2759 509 2807 43.
530 2752 608 2815 ἄϊσος
626 2751 806 2806 Benedictus:
828 2750 922 2815 ἄιστος
936 2751 1025 2821 codd,
1045 2753 1192 2821 utrumque
1207 2752 1293 2807 schol.
1310 2784 1343 2794 —
1358 2759 1401 2810 44.
1421 2751 1438 2809 ὅ
1456 2774 1497 2809 τοι

220 2828 263 2883 B:
281 2825 324 2881 ὅτι
342 2827 372 2881 D
391 2858 425 2867 —
444 2830 487 2879 46.
507 2824 645 2893 οὐρανοὺς
662 2823 693 2878 D
712 2855 745 2864 -
764 2829 807 2877 51.
827 2820 953 2878 ἐνανθέα
973 2823 1010 2877 D.

291 2972 332 3022 37.
356 2966 426 3021 ἀλλὰ
450 2975 513 3021 νῦν
539 2965 625 3020 simili
648 2966 731 3021 modo
755 2982 887 3035 praesens
906 2965 1019 3020 fortuna
1037 2965 1172 3020 tristitiae
1190 2965 1407 3036 praeteritorum
1427 2972 1496 3023 tem-

240 3056 319 3094 orum
342 3038 493 3108 opponitur
515 3038 534 3092 1.
554 3057 584 3091 ιιι
604 3055 643 3099 εις
667 3040 752 3105 atque
771 3036 817 3090 hic
836 3053 946 3106 quoque
965 3037 1131 3106 metaphora
1149 3037 1183 3092 de
1202 3037 1386 3108 navigatione
1405 3042 1496 3094 tracta

220 3059 291 3165 hene
315 3110 437 3178 quadrat
454 3109 484 3163 in
502 3126 616 3163 vernum
636 3113 758 3178 tempus,
782 3126 837 3177 quo
857 3108 917 3162 ludi
941 3107 1067 3162 Isthmiri
1091 3109 1249 3178 agebantur
1271 3142 1305 3149 —
1329 3114 1372 3163 39.
1396 3110 1496 3181 χαίταν

219 3181 393 3251 στεφάνοισι·
421 3181 520 3236 schol:
551 3178 718 3234 τούναντίον
744 3175 815 3233 εἷπε·
844 3181 973 3252 βούλεται
997 3179 1051 3249 γὰρ
1077 3181 1166 3249 λέγειν
1191 3182 1256 3244 τοὺς
1281 3181 1440 3249 στεφάνους
1464 3190 1495 3253 τῇ

219 3252 301 3326 χαίτῃ
321 3250 459 3322 ἁρμόζων·
487 3251 573 3305 simili
592 3251 674 3305 modo
694 3250 837 3305 nominum
856 3267 937 3304 casus
956 3251 1072 3305 invertit
1090 3252 1124 3305 N.
1144 3271 1162 3304 1
1181 3268 1206 3307 ετ
1224 3252 1318 3323 θερμὰ
1338 3253 1373 3322 δὴ
1392 3252 1496 3324 τέγγων

220 3324 330 3392 δάκρυα
349 3342 433 3378 στονα
453 3332 509 3389 αίς,
529 3323 560 3377 Ο.
576 3342 585 3375 1
604 3340 630 3376 ει
649 3320 782 3391 ἀκέρδεια
805 3320 914 3393 λέλογχε
938 3321 1125 3392 κακαγόρους,
1145 3326 1274 3391 (χυοτλ-ῑιιο
1295 3323 1388 3378 locum
1408 3326 1428 3381 I.
1443 3344 1454 3378 1
1472 3341 1495 3380 ιο

218 3396 352 3450 dubitant
370 3412 406 3449 an
426 3345 482 3449 alio
502 3394 584 3448 modo
603 3393 733 3463 expedire
752 3392 850 3460 liceat;
870 3397 935 3464 apte
955 3398 1050 3448 autom
1069 3411 1172 3448 corona
1190 3412 1219 3449 se
1238 3394 1386 3450 redimitos
1404 3396 1423 3451 fi
1466 3397 1494 3463 't,

218 3468 293 3536 quod
321 3466 449 3521 coronati
476 3465 566 3535 epulis
594 3464 728 3519 interesse
757 3464 887 3519 solebant
915 3497 947 3506 —
976 3464 1132 3520 ἀθανάτων
1160 3464 1287 3535 φθόνος·
1324 3467 1359 3521 de
1387 3467 1495 3522 inviis

219 3539 334 3593 deorum
357 3538 391 3592 of.
406 3537 435 3591 P.
451 3556 469 3589 1
487 3554 514 3591 κο
532 3569 565 3576 -
585 3542 627 3590 40.
648 3534 663 3591 ό
681 3557 708 3591 τι
727 3534 846 3605 τερπνόν
865 3535 924 3591 scil.
944 3536 1029 3592 ἐστιν·
1050 3537 1103 3591 hoc
1121 3537 1196 3591 enim
1215 3537 1330 3591 suavius
1348 3541 1393 3593 est
1411 3558 1494 3609 quum

219 3610 243 3663 si
261 3612 366 3681 puncto
385 3611 449 3679 post
463 3605 574 3677 φθόνος
588 3607 618 3661 in
632 3607 772 3679 virgulam
786 3610 895 3661 mutato
910 3606 953 3662 ὅτι
967 3626 1017 3677 pro
1032 3606 1047 3662 ὅ
1061 3629 1088 3662 τι
1102 3608 1208 3662 scribas
1225 3642 1256 3649 -
1271 3616 1314 3663 42.
1328 3609 1492 3682 θνάσκομεν

218 3679 431 3743 ...ἅπαντεςΙ
461 3679 496 3734 cf.
515 3679 549 3734 N.
569 3698 607 3733 vn
626 3697 651 3735 ιο
669 3712 704 3720 -
723 3686 765 3733 43.
794 3677 915 3747 δαίμων·
944 3682 1052 3748 δαίμων
1079 3678 1223 3750 γενέθλιος
1250 3680 1295 3749 (cf.
1318 3680 1419 3735 O.xn1
1443 3685 1491 3751 ros)

220 3752 269 3821 qui
288 3752 421 3820 cuiusque
440 3750 561 3804 hominis
580 3751 709 3805 fortunae
727 3750 889 3804 moderatur
907 3783 940 3791 —
959 3756 1002 3805 44.
1022 3752 1126 3824 βραχὺς
1145 3749 1300 3818 ἐξικέσθαι·
1320 3752 1433 3807 brevior
1450 3760 1492 3809 est

218 3840 303 3892 qnam
322 3822 369 3891 qui
389 3823 418 3876 in
443 3822 552 3876 caelum
576 3822 724 3877 ascendere
748 3822 850 3890 possit3
875 3822 908 3878 cf.
929 3822 962 3877 N.
982 3838 1052 3878 119.
1089 3822 1275 3893 Saganissime
1295 3826 1390 3878 autem
1410 3825 1489 3895 Leop.

219 3894 347 3950 Schmidt
355 3892 435 3948 Pind.
446 3894 511 3950 heb.
522 3912 548 3949 as
557 3893 716 3963 suspicatus
731 3895 774 3947 est
787 3893 914 3963 exemplo
929 3893 1053 3963 mythico
1068 3898 1179 3964 poetam
1193 3893 1351 3963 significare
1361 3896 1490 3966 voluisse,

217 3965 336 4019 nimium
359 3965 485 4020 studium
504 3965 701 4020 Thebanorum
724 3964 840 4034 imperio
858 3964 946 4019 totius
965 3964 1098 4019 Boeotiae
1117 3965 1246 4035 potiundi
1266 3965 1321 4019 sibi
1339 3966 1490 4039 improbari

218 4070 251 4077 —
271 4035 446 4108 χαλκόπεδον
468 4041 547 4092 θεῶν
570 4035 667 4105 ἕδραν
692 4035 820 4089 imitatur
843 4036 923 4092 Hom.
943 4043 965 4090 A
982 4053 1023 4091 aaa
1041 4038 1110 4099 Διὸς
1129 4038 1190 4090 ποτὶ
1211 4037 1381 4110 χαλκοβατὲς
1399 4041 1440 4095 δῶ
1458 4070 1489 4079 -

217 4116 260 4164 47.
282 4109 314 4163 τὸ
333 4108 364 4163 δὲ
383 4129 441 4174 παρ
460 4106 556 4163 δίκαν
577 4107 680 4162 eximia
699 4107 768 4161 haec
787 4107 927 4161 sententia
945 4108 1104 4162 illustratur
1123 4108 1208 4161 simili
1233 4108 1293 4162 loco
1315 4108 1345 4164 P.
1360 4128 1390 4163 ιν
1404 4128 1444 4166 rao
1457 4142 1489 4151 -

217 4186 259 4235 49.
285 4179 316 4234 in
341 4180 454 4250 epilogo
480 4180 563 4234 huius
589 4177 720 4233 carminis
746 4177 876 4233 similiter
900 4182 986 4247 atque
1011 4180 1033 4233 P
1060 4198 1078 4232 v
1096 4182 1125 4233 et
1143 4179 1163 4233 Ι.
1182 4199 1192 4232 ι
1211 4179 1256 4233 dei
1281 4179 1419 4235 auxilinm
1442 4198 1490 4253 pro

217 4251 379 4321 certamine,
398 4252 473 4321 quod
492 4252 582 4306 victor
600 4251 778 4305 Isthmiorum
798 4249 854 4303 iam
869 4250 1070 4317 meditabatur,
1085 4249 1225 4375 ileorat.
1245 4250 1384 4306 Videntur
1398 4258 1489 4308 autem

217 4323 274 4377 iam
293 4323 408 4377 Pindari
426 4326 552 4394 tempore
571 4322 685 4378 iuvenes
705 4338 760 4376 non
779 4320 876 4375 statim
890 4326 955 4391 post
969 4320 1087 4391 Isthmia
1102 4340 1119 4374 a
1154 4321 1329 4392 Olympicum
1344 4324 1490 4379 victoriam

217 4395 390 4465 admirasse,
416 4395 465 4449 sed
491 4398 576 4449 antea
601 4393 781 4463 Pythicomm
806 4392 935 4447 ludorum
961 4392 1115 4447 certamina
1141 4391 1256 4460 obiiss03
1283 4395 1317 4449 cf.
1338 4395 1357 4450 1.
1377 4415 1388 4449 1
1408 4412 1436 4452 es
1459 4427 1489 4437 -

216 4466 317 4540 χρυσέᾳ
341 4466 413 4541 κόμᾳ
436 4466 561 4521 θάλλων·
588 4464 705 4535 respicit
722 4463 861 4533 Apollinis
884 4464 1011 4534 epitheta
1029 4462 1217 4534 ἀκειρεκόμαν
1240 4465 1269 4518 Ρ.
1289 4485 1320 4519 ιιι
1341 4483 1371 4520 ιι
1402 4467 1423 4523 Ι.
1442 4488 1452 4521 ι
1470 4484 1490 4537 ι,

216 4536 393 4609 χρυσοκόμαν
413 4537 444 4594 Ο.
463 4557 492 4594 τι
510 4555 544 4592 ll.
563 4556 602 4591 vn
620 4553 653 4593 εκ.
682 4535 746 4591 Eur.
766 4534 862 4606 Suppl.
882 4553 930 4606 οτο,
949 4535 1150 4607 χρυσοέθειρον
1169 4534 1235 4592 clo.
1252 4553 1313 4591 κοτε.
