3442 5550
216 397 281 461 334
695 401 843 452 prunum
861 401 1025 453 ammom.

307 566 341 623 In
371 567 523 642 prooemio
551 569 641 642 poeta
664 565 887 641 Thrasybulum
916 586 951 624 ne
976 566 1108 624 carmina
1131 566 1251 642 quidem
1275 566 1337 624 sine
1362 565 1500 624 mercede

217 655 278 713 iam
297 656 397 731 parari
416 656 513 715 iocose
533 656 674 713 admonet
692 647 829 736 (1-11).
863 655 927 724 Quo
946 655 1033 714 modo
1053 675 1120 714 cum
1140 673 1257 714 carmen
1276 657 1381 730 optato
1401 655 1501 713 serius

218 745 342 804 missum
361 747 538 821 excusasset,
558 744 688 820 primurn
706 764 828 802 munere
843 744 985 803 victorias
1004 744 1186 821 Xenocratis,
1206 744 1378 803 Isthmicum
1392 743 1501 820 Pythi-

218 853 283 892 cam
318 834 542 911 Atheniensem,
579 833 770 909 praedicandi
803 833 1003 911 perfungitur.
1058 833 1113 891 His
1129 832 1278 916 ‘victoriis
1310 833 1500 908 praeclaram

220 921 407 999 Olympicam
436 923 581 982 Theronis
609 923 771 999 subnectit,
801 926 836 980 ut
864 942 941 999 quae
970 922 1007 980 ab
1035 922 1137 981 eodem
1168 922 1275 999 auriga
1304 921 1499 998 Nicomacho,

220 1032 279 1088 quo
294 1013 486 1072 Atheniensis
504 1012 631 1071 victoria
650 1012 833 1089 Xenocratis,
852 1015 941 1088 parta
959 1011 1052 1070 fuerit
1070 1004 1214 1091 (ιτ-ευ).
1243 1011 1315 1069 Inde
1334 1011 1373 1069 ad
1392 1011 1499 1071 laudes

219 1106 385 1161 ceterarum
404 1102 554 1160 virtutum
572 1101 748 1160 Xenocratis
769 1101 885 1178 transit,
909 1100 1002 1159 studii
1027 1101 1137 1159 artium
1160 1100 1338 1176 liberalium,
1362 1100 1498 1177 pudoris,

218 1190 349 1268 pietatis,
367 1191 585 1267 hospitalitatis
606 1183 749 1272 (oo-42).
779 1190 814 1248 In
833 1193 965 1249 extrema
984 1191 1107 1266 stropha
1121 1182 1256 1270 (ts-48)
1272 1189 1498 1264 Thrasybulum

218 1299 271 1356 per
293 1280 489 1356 Nicasippum
513 1280 704 1338 tabellarium
729 1279 915 1356 adhortatur,
939 1283 1034 1338 utne
1059 1279 1187 1338 invidiae
1211 1279 1313 1355 cedat,
1337 1278 1389 1337 sed
1411 1297 1498 1355 prae-

218 1369 336 1429 conium
362 1370 457 1446 patris
481 1369 587 1445 optimi
611 1369 794 1444 adstatque
818 1368 963 1446 divulget.

762 1522 806 1587 De
826 1523 949 1589 metris.

307 1635 453 1696 Carminis
476 1637 566 1695 huius
587 1637 703 1695 numeri
723 1641 795 1695 sunt
812 1636 1089 1713 dactylo-epitritici
1108 1636 1256 1715 vulgares.
1294 1635 1493 1711 Stropharum

218 1729 249 1785 ct
276 1726 362 1802 epodi
390 1727 520 1803 primum
548 1746 696 1803 quemque
724 1745 843 1785 versum
869 1726 901 1784 in
929 1727 1004 1786 duos
1030 1745 1146 1803 versus,
1170 1726 1241 1785 licet
1262 1724 1327 1784 fieri
1349 1725 1493 1800 potnerit,

218 1834 276 1874 non
305 1816 462 1892 dissecari,
490 1816 633 1892 quoniam
657 1835 675 1873 a
697 1816 920 1875 monocolorum
947 1835 1088 1875 versuum
1118 1815 1241 1874 levitate
1269 1814 1402 1893 dignitas
1430 1832 1493 1874 car·

218 1904 307 1962 minis
330 1905 608 1981 dactylo-epitritici
632 1906 778 1964 abhorret.
825 1905 949 1981 Epodus
972 1925 1007 1964 ex
1030 1905 1147 1963 duabus
1170 1895 1493 1983 pericopis(vv.1—3

217 1997 248 2052 et
270 1987 355 2075 4--6)
379 1999 510 2070 constat,
534 2014 661 2071 qua-rum
684 1998 812 2070 utraque
836 1994 985 2069 epitritioo
1009 1994 1103 2070 epodo
1127 1993 1328 2069 concluditur3
1351 1992 1493 2068 strophae

217 2083 305 2160 duaS,
336 2103 395 2142 non
419 2084 559 2160 aequales
583 2084 633 2142 sed
657 2084 825 2160 aequaliter
848 2086 977 2142 structas
1001 2083 1154 2159 pericopas
1178 2075 1239 2162 (vv.
1261 2094 1328 2140 1-‘2
1353 2086 1385 2140 et
1407 2075 1492 2161 3-4)

218 2172 329 2247 epodus
360 2173 527 2249 epitriticus
558 2173 757 2248 subsequitur.
792 2206 833 2212 -—
867 2173 992 2232 Carmen
1021 2172 1157 2248 quamvis
1187 2174 1314 2231 formam
1347 2171 1492 2246 epistolae

217 2261 327 2320 habeat
345 2282 363 2320 a
382 2262 512 2321 Pindaro
531 2262 671 2320 Thebano
692 2262 877 2338 Thrasybulo
897 2262 1095 2340 Agrigentino
1119 2281 1172 2337 per
1195 2260 1387 2319 tabellarium
1405 2259 1493 2319 Nica·

218 2351 336 2424 sippum
364 2344 406 2430 (v.
425 2344 474 2432 47)
503 2351 609 2409 missae
639 2343 689 2429 (cf.
710 2352 798 2411 schol.
819 2351 856 2409 ad
880 2345 995 2431 insen),
1011 2354 1123 2413 ,tamen
1148 2370 1166 2409 a
1188 2356 1279 2426 poeta
1309 2349 1493 2408 destinatum

217 2439 289 2516 fuit,
324 2443 360 2497 ut
393 2441 511 2516 publice
542 2460 560 2498 a
590 2441 679 2499 choro
710 2441 740 2498 in
771 2441 943 2499 memoriam
974 2440 1148 2499 Xenocratis
1183 2439 1295 2498 mortui
1328 2443 1493 2497 caneretur.

217 2528 360 2587 Disertim
375 2530 453 2588 enim
468 2529 673 2604 Thrasybulus
692 2530 770 2587 hunc
789 2530 933 2605 hymnum
952 2529 1070 2588 silentio
1090 2548 1221 2605 premere
1237 2531 1358 2587 vetatur
1376 2521 1419 2609 (v.
1433 2520 1492 2607 44),

220 2637 314 2693 neque
334 2618 421 2677 aedes
441 2619 505 2676 eius
524 2619 661 2677 cantibus
677 2622 707 2676 ct
721 2619 979 2678 comissationibus
994 2622 1177 2695 perstrepere
1195 2618 1364 2676 dicerentur
1378 2616 1422 2697 tv.
1436 2610 1493 2696 30),

219 2706 276 2764 nisi
300 2707 354 2766 hoc
378 2727 495 2766 carmen
520 2707 637 2784 quoda
657 2708 745 2767 choro
765 2712 922 2766 caneretur
944 2708 1127 2766 destinatum
1151 2707 1264 2765 fuisset.
1303 2706 1494 2783 Quamquam

218 2795 338 2855 difficile
362 2796 516 2856 intellectu
541 2800 594 2873 est,
619 2797 767 2872 quomodo
790 2797 919 2872 hymnus
943 2797 972 2855 in
996 2796 1147 2872 publicam
1167 2797 1265 2855 lucem
1284 2795 1331 2855 edi
1351 2796 1494 2873 potuerit,

218 2885 304 2943 cuius
327 2905 437 2964 magna
460 2905 529 2961 pars
553 2891 644 2962 atque
668 2886 803 2962 inprimis
826 2886 1007 2962 principium
1030 2889 1061 2944 et
1083 2885 1220 2963 epilogus
1243 2885 1341 2962 magis
1359 2888 1396 2943 ut
1414 2885 1495 2943 intra

219 2975 352 3050 privatos
376 2976 506 3050 parietes
529 2976 700 3053 legerentur
724 2994 813 3050 quam
838 2975 989 3034 recitando
1010 2978 1040 3033 ot
1059 2976 1206 3033 cantando
1231 2974 1260 3032 in
1285 2975 1384 3032 forum
1409 2974 1495 3034 emit·

218 3067 353 3122 terentur
375 3070 447 3141 apta
471 3068 564 3124 erant.

1297 3187 1377 3268 Στρ.
1398 3180 1441 3247 α’.

274 3292 318 3355 Oi
338 3288 398 3374 μὲν
421 3291 536 3373 πάλαι,
561 3286 586 3354 ὦ
613 3291 841 3375 Θρασύβουλε,
865 3301 985 3373 φῶτες,
1010 3293 1044 3353 οἳ
1065 3291 1310 3375 χρυσαμπύκων

272 3397 305 3474 ἐς
328 3399 451 3482 δίφρον
475 3401 611 3461 Μοισᾶν
634 3400 721 3480 ἔβαι-

315 3528 377 3569 νον
400 3508 503 3590 κλυτᾷ
527 3507 686 3589 φόρμιγγι
710 3507 963 3589 συναντόμενοι,

274 3611 381 3697 ῥίμφα
404 3612 574 3686 παιδείους
598 3609 748 3688 ἐτόξευον
771 3611 971 3696 μελιγάρυας
994 3611 1133 3695 ὕμνους,
1479 3625 1494 3674 t

290 3876 369 3910 vnum
390 3876 493 3912 nacrro.
530 3858 613 3911 lusor.
634 3874 687 3912 om.
707 3859 773 3912 BD
792 3890 825 3898 -
846 3858 950 3912 Scholz
975 3854 1056 3920 οὗτος
1079 3856 1093 3910 d
1118 3855 1242 3921 ἑπλνικος
1264 3855 1422 3928 γέγραπται
1446 3855 1495 3917 μὲν

220 3928 258 3991 εἰς
277 3928 457 3996 Ξενοκράτην
475 3928 701 3998 Ἀκραγαντῖνον,
723 3929 860 3998 πέμπεται
881 3930 911 3983 δὲ
933 3929 1119 4002 Θρασυβούλῳ
1139 3929 1187 3984 διά
1207 3950 1282 3992 τινος
1302 3928 1495 3998 attactum,

218 3999 285 4053 ὥστε
306 3996 379 4053 εἶναι
398 4000 583 4054 ἀποστολικὸν
603 3998 689 4054 αὐτόν
705 4044 709 4054 .
727 4044 732 4055 .
750 4045 755 4054 .
772 3998 852 4064 οὗτος
867 4000 897 4055 δὲ
913 4000 927 4054 ὁ
943 3999 1121 4069 Ξενοκράτης
1140 4003 1173 4054 οὐ
1192 4000 1278 4071 μόνον
1293 3998 1409 4070 Ἴσθμια
1424 3999 1494 4056 νενί-

217 4091 303 4140 κηκεν
322 4069 430 4136 ἵπποις,
455 4071 524 4125 ἀλλὰ
549 4073 597 4125 καλ
616 4074 715 4125 Πύθια
734 4072 786 4140 τὴν
805 4073 851 4126 ud'
870 4073 1007 4126 Πυθιάδα
1027 4074 1063 4133 ὡς
1079 4070 1260 4141 Ἀριστοτέλης
1279 4071 1443 4142 ἀναγράφει
1462 4105 1494 4113 -

219 4150 242 4197 1.
258 4143 284 4196 οἳ
299 4159 332 4196 ex
348 4141 462 4195 scholiis
476 4142 591 4196 Pindari
610 4146 639 4196 et
653 4143 849 4213 Aristophanis
864 4143 927 4196 Pac.
944 4160 982 4197 ooo
998 4146 1062 4197 rest.
1078 4142 1204 4199 Schmid:
1225 4143 1284 4198 ὅσοι
1299 4143 1365 4198 BD
1380 4176 1414 4185 —
1430 4151 1455 4200 2.
1469 4144 1496 4207 ἐς

218 4213 321 4284 δίφρον
339 4214 434 4268 B⁸D:
459 4212 489 4267 ἐν
508 4216 600 4286 δίφρῳ
619 4213 668 4282 Bi,
688 4215 762 4268 unde
782 4215 812 4269 ἐν
831 4213 933 4284 δίφρον
952 4217 1074 4270 veterem
1094 4214 1243 4270 lectionem
1263 4214 1350 4269 fuisse
1370 4216 1496 4286 suspicor

219 4317 250 4325 -
272 4285 478 4354 συναντώμενοι
497 4287 524 4339 Β
544 4288 572 4340 et
591 4286 676 4340 schol.
692 4287 776 4341 Arist.
792 4286 810 4340 l.
825 4286 843 4340 l.
864 4319 897 4326 -

290 4447 479 4483 connnrrrnn,
508 4446 533 4482 v.
551 4436 561 4480 l
580 4447 614 4482 ss.
635 4428 664 4482 in
679 4427 826 4499 splendido
841 4429 983 4498 prooemio
998 4429 1142 4483 Socratica
1158 4430 1281 4498 quadam
1301 4430 1394 4484 ironia
1407 4429 1495 4487 veteri

219 4500 329 4568 Musae,
349 4499 410 4554 sola
434 4499 574 4554 suavitate
594 4501 697 4554 amoris
721 4501 823 4555 ductae
848 4500 1067 4555 mercennariam
1087 4517 1178 4568 suam,
1197 4518 1375 4556 nummorum
1401 4518 1495 4557 curam

218 4589 302 4643 agere
321 4575 448 4625 coactam
467 4571 585 4640 opponit
604 4604 636 4611 -
656 4580 680 4625 2.
700 4571 728 4635 ἐς
747 4570 863 4642 δίφρον·
888 4572 923 4625 de
941 4575 1025 4640 poeta
1044 4588 1125 4624 curru
1144 4573 1276 4641 vehente,
1301 4590 1357 4627 non
1376 4574 1495 4644 pedibus

218 4647 302 4697 eunte
317 4644 408 4714 (πεζῷ,
423 4642 557 4722 pedestri)
572 4642 699 4697 conferO
719 4663 746 4697 τι
762 4660 799 4709 ²²3
819 4660 953 4714 perquam
975 4645 1068 4696 nutem
1088 4645 1299 4698 :incommodam
1316 4646 1387 4700 haec
1401 4646 1494 4716 imago

218 4714 272 4767 fuit
291 4712 408 4768 carmini
428 4731 457 4766 nr
475 4713 586 4766 laudem
606 4714 739 4769 victoriae
764 4716 867 4769 curulis
891 4716 966 4768 facto
985 4745 1020 4753 -
1039 4713 1185 4784 φόρμιγγι,
1209 4715 1284 4784 quod
1308 4717 1450 4772 amatoria
1467 4720 1494 4771 st

219 4784 320 4839 melica
337 4784 462 4838 carmina
481 4785 613 4854 pleraque
633 4786 670 4839 ad
689 4786 827 4841 citharam
846 4786 1020 4841 canebantur
1039 4817 1071 4824 -
1091 4792 1115 4839 3.
1135 4785 1282 4852 παιδείους
1299 4785 1416 4857 ὕμνους·
1436 4805 1494 4842 car·

219 4856 293 4909 mina
308 4857 337 4909 in
352 4874 451 4927 pueros
467 4859 576 4911 amatos
591 4858 675 4912 fecta.
705 4858 809 4914 Schol:
827 4866 917 4912 ταῦτα
932 4855 962 4910 dl
977 4858 1061 4911 velvet
1081 4858 1127 4912 καλ
1149 4858 1188 4921 εἰς
1206 4860 1272 4923 τοὺς
1289 4861 1354 4929 περὶ
1372 4859 1495 4915 Ἀλκαῖον
