3442 5550
425 391 460 442 lI.
488 391 537 441 DE
556 391 649 441 ARTE
667 391 828 443 nuralcn
847 392 1004 445 Plnnnal.
1301 391 1388 447 XLlIl

532 562 640 603 L.
693 563 801 604 L.
925 555 1030 605 oL'.-

204 641 303 709 δεῦτέ
322 667 386 708 νον
409 577 516 728 ἅβραι
532 642 671 728 Χάριτες
694 647 885 729 καλλίκομοι
909 667 944 709 τε
967 648 1095 710 Μοῖσαι
1119 642 1291 733 (Sappho).

102 787 235 864 Quibus
259 786 425 852 decausis
449 787 552 851 multo
576 787 714 873 facilius,
737 787 765 853 si
788 787 872 852 ratio
898 810 996 872 supra
1018 787 1188 873 proposita
1205 787 1390 874 reicerctur,

99 895 139 959 in
162 916 236 958 eam
259 894 454 958 sententiam
477 893 681 979 inclinarem,
709 898 745 959 ut
768 894 871 959 altera
900 894 1000 981 longa
1027 895 1208 960 choriambi
1235 918 1390 981 percussa

101 1000 362 1069 choriambicum
384 1001 573 1086 rhythmum
596 1001 631 1066 in
654 1002 798 1067 ionicum
821 1003 960 1067 transire
984 1003 1123 1067 dicerem

104 1235 229 1300 Verum
260 1256 301 1299 ne
334 1234 381 1299 sic
414 1234 542 1318 quidem
576 1235 759 1301 subtilitate
795 1235 1053 1321 rhythmicarum
1086 1237 1250 1303 rationum
1283 1260 1390 1303 carere

102 1365 290 1428 possemus,
323 1342 475 1426 quoniam
511 1341 610 1406 etiarn
640 1343 740 1408 ionici
772 1343 862 1426 pedis
895 1343 984 1427 prior
1016 1342 1115 1429 longa
1146 1344 1261 1428 procul
1292 1345 1391 1409 dubio

103 1450 206 1535 longa
229 1450 359 1536 longior
382 1454 415 1513 et
439 1449 519 1513 duae
544 1450 657 1514 breves
680 1450 833 1514 brevibus
857 1449 1022 1515 breviores
1046 1456 1132 1535 sunt,
1155 1450 1283 1516 etiamsi
1303 1454 1392 1518 dubi·

105 1562 176 1622 tare
208 1556 315 1641 possis
347 1578 426 1620 num
458 1556 548 1639 prior
581 1555 681 1641 longa
713 1556 777 1619 tria
809 1561 957 1641 tempora
988 1558 1164 1642 expleverit
1194 1562 1227 1622 et
1253 1563 1335 1624 nota
1356 1587 1391 1627 L.

107 1664 267 1750 signanda
290 1663 342 1727 sit.
385 1660 448 1726 Sed
471 1684 538 1726 non
561 1666 612 1726 est
635 1684 692 1726 cur
714 1662 768 1728 hic
794 1664 931 1728 subtiles
958 1665 1039 1730 istas
1069 1665 1274 1748 quaestiones
1303 1689 1393 1731 accu-

108 1772 212 1836 ratius
249 1768 466 1853 excutiamur,
503 1768 662 1852 siquidem
699 1769 858 1835 Pindarus
897 1771 1134 1837 choriambicos
1167 1795 1279 1836 versus
1316 1772 1394 1839 fecit

109 1878 215 1943 nullos
239 1880 272 1941 et
295 1875 404 1961 pauci,
432 1897 513 1959 quos
541 1875 619 1941 lecit
645 1875 771 1940 ionicos
796 1874 832 1943 O.
850 1894 873 1940 v
897 1883 930 1942 et
952 1878 990 1942 fr.
1010 1879 1061 1943 95.
1089 1880 1160 1944 189.
1184 1878 1264 1964 203,
1290 1901 1394 1964 neque

110 1985 182 2071 puri
204 2005 308 2068 neque
332 1981 479 2047 continui
502 1986 587 2047 sunt.

197 2108 422 2207 Qus
446 2107 576 2195 longis
600 2109 823 2174 trichronis.
866 2109 904 2174 ln
926 2111 1034 2195 poetis
1063 2111 1199 2177 scenicis
1228 2134 1323 2197 saepe
1347 2113 1394 2197 fit,

112 2223 148 2281 ut
169 2217 250 2281 duae
273 2201 604 2301 Ιοιιςιιιι-ἶρῖμρονοι)
617 2212 620 2217 ’
636 2214 721 2300 quae
746 2210 910 2302 dipodiam
939 2240 994 2282 sex
1023 2223 1207 2303 temporum
1235 2219 1395 2304 expleant,

114 2324 259 2406 deinceps
283 2343 317 2386 se
341 2322 518 2407 excipiant,
546 2322 644 2407 idque
668 2324 758 2389 et1n
781 2325 887 2389 media
915 2325 1004 2389 etin
1032 2325 1152 2390 initiali
1180 2326 1276 2390 etin
1303 2326 1393 2390 finali

116 2431 185 2496 sede
207 2452 330 2515 versus,
353 2434 390 2493 ut
412 2428 528 2494 Aesch.
552 2429 647 2494 llum
666 2432 741 2496 918.
766 2432 839 2496 920.
863 2432 945 2497 550·

402 2554 437 2606 ι·-
491 2566 527 2605 m
581 2579 813 2606 αμα-ο-
831 2580 957 2608 ιιι-
1017 2586 1023 2597 ·

209 2647 271 2710 τὰν
292 2643 349 2710 καὶ
374 2647 458 2721 Ζεὺς
480 2645 498 2711 ὁ
521 2646 711 2728 παγκρατὴς
723 2642 827 2730 ’Ἄρης
849 2669 884 2711 ιε
907 2649 1074 2732 φρονριον
1097 2620 1188 2713 θεῶν
1211 2646 1301 2733 νέμει

583 2768 656 2821 nal-⁹.
708 2779 743 2819 L.
799 2780 816 2820 L
834 2794 853 2820 ιι
870 2813 886 2821 -
904 2795 958 2822 υ-

389 2794 582 2946 ῥυσίβωμον
600 2856 769 2925 Ἑλλάνων
791 2861 921 2945 ἄγαλμα
945 2862 1115 2947 δαιμόνων

420 3008 439 3034 υ
462 3014 467 3022 ·
491 3009 510 3034 υ
526 2995 598 3035 l--
587 2996 592 3022 ²
616 3009 669 3036 υ-
687 3009 706 3035 υ
723 3012 740 3035 ι
758 3010 777 3036 υ
794 2996 861 3036 Ι...·
954 2988 1027 3037 υιζ,
1043 2997 1079 3037 l..

248 3072 334 3140 ἕκὼν
357 3072 388 3139 δ’
409 3072 555 3156 ἀναγκας
577 3075 654 3159 ἄτερ
679 3075 807 3150 δίκαιος
830 3075 878 3139 ὢν
901 3074 963 3140 οὐκ
986 3077 1128 3160 ἄνολβος
1152 3078 1251 3141 ἔσται.

119 3214 265 3302 Pindaro,
298 3240 370 3283 cum
399 3240 418 3282 a
446 3216 604 3283 choriacis
637 3216 849 3301 carminibus,
879 3216 915 3281 in
945 3217 1063 3301 quibus
1095 3217 1176 3282 hacc
1208 3217 1395 3285 coniunctio

119 3323 246 3389 duarum
276 3324 449 3411 longarum
477 3327 663 3409 τριχρόνων
695 3269 890 3388 creberriina
917 3329 981 3409 est,
1011 3347 1145 3409 prorsus
1174 3324 1397 3411 abstinuisset,

119 3431 206 3516 copia
228 3432 325 3497 huius
348 3432 550 3517 rhythmicae
574 3431 696 3495 formae
720 3432 922 3516 usurpandae
947 3432 1053 3496 minus
1080 3432 1194 3497 crebro
1221 3431 1310 3497 iacta
1337 3437 1395 3497 est.

119 3535 175 3603 Sed
198 3561 272 3604 cum
296 3561 334 3603 ea
357 3539 456 3603 etiam
479 3539 513 3603 in
535 3537 733 3624 logaoedicis
762 3537 960 3603 carminibus
987 3545 1157 3623 poetarum
1186 3539 1396 3624 scenicorum,

118 3646 258 3728 quamvis
283 3644 386 3710 multo
414 3644 533 3730 rarius,
561 3645 759 3729 inveniatur,
787 3645 953 3728 quaeritur
981 3668 1058 3710 num
1081 3645 1240 3710 Pindarus
1268 3668 1396 3731 quoque

117 3750 172 3817 hac
198 3752 306 3817 forma
332 3774 410 3816 usus
439 3751 491 3816 sit.
537 3751 646 3836 Atque
674 3752 753 3816 duas
786 3752 902 3838 longas
930 3774 1175 3836 nonnumquam
1202 3753 1237 3817 in
1263 3751 1396 3817 Pindari

117 3859 310 3925 carminibus
334 3859 485 3944 deinceps
507 3858 555 3923 ita
577 3858 669 3944 poni,
696 3862 733 3923 ut
756 3858 791 3922 in
813 3859 958 3924 nullut
927 3859 1062 3944 stropha
1084 3882 1143 3944 pro
1168 3860 1266 3945 longa
1289 3860 1396 3926 brevis

117 3967 253 4032 admissa
291 3967 335 4032 sit
341 3967 540 4053 ,exemplis
576 3967 672 4033 certis
710 3971 839 4032 constat
826 3966 965 4033 tSed
1004 3989 1078 4031 cum
1115 3966 1241 4051 syllaba
1279 3990 1396 4052 anceps

116 4073 297 4159 rhythmica
319 4021 484 4161 (βαθμοῦ)
507 4074 768 4159 brevitetlouga
786 4019 912 4158 syllaba
931 4074 1088 4139 orationis
1108 4072 1253 4159 (λέξεως)
1276 4075 1397 4160 expleri

116 4181 230 4267 possit,
263 4180 430 4265 quaeritur
458 4184 567 4245 utrum
600 4181 682 4245 duae
713 4180 797 4245 istae
829 4182 945 4268 longae
978 4180 1123 4266 syllabae
1156 4181 1221 4245 vim
1254 4181 1397 4246 habeant

116 4286 332 4372 rhythmicam

626 4400 882 4446 suant-L.

118 4519 221 4606 Atque
254 4519 322 4585 iam
347 4520 422 4584 inde
450 4542 470 4583 a
496 4518 669 4605 principio,
703 4520 731 4584 si
759 4519 909 4585 omnibus
936 4521 970 4585 in
998 4515 1143 4606 strophis
1171 4521 1252 4584 duae
1281 4521 1397 4605 longae

117 4627 239 4710 positae
264 4630 348 4710 sunt,
370 4625 406 4689 in
430 4626 564 4690 alteram
589 4627 784 4691 sententiam
807 4625 1050 4712 inclinabimus3
1074 4628 1175 4692 mirus
1200 4627 1284 4691 enim
1311 4631 1397 4690 esset

118 4731 203 4798 lusus
224 4732 385 4815 fortunae,
404 4732 595 4817 praesertim
613 4733 648 4797 in
667 4733 864 4799 carminibus
885 4741 959 4799 octo
978 4735 1160 4819 pluriumve
1179 4732 1397 4818 stropharum,

122 4837 264 4927 sijgpoeta
287 4838 437 4905 libertate
460 4841 592 4905 brevem
609 4841 750 4926 ponendi
769 4862 930 4925 nusquam
949 4863 1027 4906 usus
1048 4844 1141 4908 esset.
1183 4840 1245 4906 Sed
1269 4843 1305 4903 ut
1325 4843 1398 4904 tuto
