3442 5550
465 413 501 466 Il.
529 413 578 463 DE
599 413 692 464 ARTE
710 413 869 465 METRICA
888 415 1046 467 PlNDARl.
1318 409 1393 465 XXV

111 575 213 659 pedes
238 574 416 657 solvantur,
440 574 474 637 in
497 574 570 639 cola
592 573 763 640 dirimendi
785 581 874 659 sunt,
897 576 981 640 unde
999 574 1218 660 rhythmicam
1237 568 1419 671 composi-l

111 680 239 746 tionem
271 681 340 746 sine
372 681 519 746 versibus
552 687 585 746 et
616 682 753 766 pedibus
785 683 856 747 fieri
883 705 978 767 posse
1006 704 1119 769 neges,
1152 683 1231 747 eolis
1259 676 1419 747 candem*

112 810 224 853 carere
247 810 343 873 posse
366 789 533 853 concedas.
570 786 729 854 Nonnulli
753 788 882 872 quidem
905 794 1033 873 poetae,
1055 789 1218 875 inprimis,
1242 789 1297 875 qui
1322 812 1394 854 ana·

111 895 260 980 paestica
290 895 455 960 trochaica
486 894 594 960 ionica
617 896 761 961 earmina
788 902 1053 983 composuerunt,
1085 903 1189 962 metra
1220 919 1286 962 non
1313 897 1395 962 fece·

112 1006 207 1086 runt,
229 1001 292 1066 nisi
316 1024 398 1086 quae
422 1025 460 1067 ex
484 1004 610 1068 duobus
633 1004 821 1089 pluribusve
844 1004 924 1069 eolis
948 1008 1144 1070 constarent.
1192 1001 1254 1069 Sed
1278 1003 1394 1069 horum

113 1131 154 1173 ex
189 1130 323 1174 numero
351 1109 509 1175 Pindarus
537 1133 603 1175 non
630 1110 707 1195 fuit,
739 1133 842 1195 neque
874 1111 898 1174 ii
930 1111 1062 1176 fuerunt
1094 1117 1224 1198 poetae,
1256 1133 1394 1197 quorum

113 1220 220 1280 artem
243 1215 391 1300 inprimis
415 1222 545 1284 secutus
569 1223 632 1303 est,
654 1239 758 1303 neque
783 1217 988 1283 Stesichorus
1011 1241 1115 1304 neque
1141 1218 1287 1285 Alcaeus.

206 1322 258 1388 De
286 1324 449 1408 pedibus
478 1324 735 1410 simplicibus.
781 1327 882 1391 Pedes
911 1326 1074 1411 simplices
1102 1324 1298 1411 principales
1317 1329 1395 1389 sunt

113 1431 194 1513 dno,
219 1422 358 1515 (ju'at‘uor
372 1416 438 1496 *aut
459 1418 560 1496 trium
584 1437 767 1517 temporum
791 1431 936 1520 (χρόνων
958 1431 1127 1520 codrum:

608 1600 624 1609 .
638 1526 678 1608 'oe
701 1540 862 1626 dactylus,

608 1706 624 1714 -
643 1688 662 1714 e
702 1646 884 1711 trochaeus.

112 1753 203 1818 Nam
230 1753 386 1820 iambicos
415 1758 447 1819 et
473 1753 698 1838 anapaesticos
722 1753 850 1819 ordines
873 1753 955 1818 nihil
979 1755 1160 1820 aliudesse
1183 1759 1275 1840 patet
1297 1777 1395 1839 quam

112 1860 300 1925 trochaieos
332 1867 388 1925 aut
420 1861 611 1946 dactylicos,
644 1862 762 1946 quibus
800 1862 965 1927 anacrusis
1002 1862 1229 1946 monosyllaba
1263 1868 1320 1927 aut
1351 1861 1396 1926 di-

113 1967 243 2052 syllaba
272 1952 451 2050 praemissa
483 1969 534 2033 sit.
581 1969 724 2033 Paeones
754 1973 862 2033 autem
890 1974 923 2034 et
951 1969 1100 2053 epitritos
1129 1975 1162 2035 et
1189 1968 1394 2035 choriambos

112 2075 202 2140 inter
224 2074 321 2159 pedes
345 2074 545 2158 compositos
568 2076 678 2159 potius
704 2097 800 2159 quam
829 2075 992 2161 simplices
1019 2099 1080 2142 nos
1110 2077 1295 2141 referendos
1326 2097 1395 2140 esse

114 2181 273 2247 ducimus.
315 2181 385 2257 Qua
406 2180 441 2245 in
464 2203 498 2244 re
520 2181 701 2247 dissensum
720 2187 866 2248 veterum
885 2183 1158 2269 rhythmicorum,
1182 2183 1237 2269 qui
1256 2204 1395 2267 paeones

112 2295 149 2354 et
180 2288 301 2374 partim
332 2288 431 2352 etiam
464 2288 614 2373 epitritos
645 2289 732 2354 inter
764 2288 928 2373 simplices
958 2290 1056 2374 pedes
1089 2290 1299 2374 rettulerunt,
1330 2311 1397 2353 non

114 2396 255 2461 multum
274 2395 422 2480 equidem
441 2417 564 2482 moror,
581 2396 773 2482 praesertim
792 2419 866 2461 cum
886 2402 919 2463 et
936 2397 1089 2483 prosodia
1108 2396 1266 2462 sermonis
1281 2395 1396 2461 Graeci

115 2508 301 2587 accentum,
324 2523 388 2586 quo
412 2524 468 2586 pes
492 2503 630 2568 creticus
654 2501 686 2589 (a
704 2545 722 2571 e
739 2500 771 2590 )
799 2509 856 2568 aut
878 2526 984 2589 paeon
1005 2505 1130 2591 primus
1153 2501 1185 2589 (a
1203 2545 1222 2571 e
1237 2544 1257 2570 o
1274 2498 1307 2588 e)
1331 2501 1397 2566 effi-

115 2611 223 2676 ciatur
246 2609 373 2693 reiciat,
396 2614 429 2672 ct
452 2609 603 2695 princeps
626 2617 772 2676 veterum
797 2611 994 2677 musicorum
1017 2611 1232 2680 Aristoxenus
1255 2609 1397 2693 primum

116 2717 183 2780 duo
210 2716 404 2814 principalia
430 2738 548 2801 genera
571 2718 688 2802 pedum
712 2740 812 2802 eaque
838 2719 948 2783 eadem
972 2723 1071 2802 atque
1093 2740 1153 2782 nos
1178 2717 1330 2782 statuerit
1355 2716 1397 2803 (v.

117 2822 261 2887 Aristox.
290 2822 381 2887 elem.
409 2823 552 2907 rhythm.
580 2824 881 2913 p.288ed.M01-.)
909 2830 942 2890 et
969 2830 1083 2910 postea
1111 2825 1240 2889 demum
1263 2824 1397 2889 tertium

117 2951 220 3015 genus
239 2951 401 3014 paeonum
421 2930 574 2995 adiecerit
592 2929 628 3019 (l.
641 2931 661 2997 l.
676 2955 706 3016 p.
722 2933 786 2997 298
807 2938 840 2997 et
859 2930 947 3019 300).
988 2931 1130 2997 Pedibus
1149 2954 1224 2996 vero
1244 2930 1397 3016 simpliei-

116 3038 178 3101 bus
193 3037 368 3102 adnumero
383 3037 482 3103 etiam
499 3039 646 3124 dactylos
662 3039 801 3124 cyclicos
816 3039 1089 3124 autlogaoedicos
1099 3037 1200 3102 trium
1211 3041 1396 3122 temporum

117 3253 174 3337 qui
202 3275 399 3338 quamquam
426 3254 513 3319 infra
540 3254 668 3319 demum
695 3254 828 3339 plenum
855 3253 1052 3337 explicatum
1079 3251 1258 3337 invenient,
1288 3256 1398 3316 tamen

115 3360 170 3424 hic
195 3360 274 3424 mihi
297 3360 364 3424 iam
388 3361 661 3426 commemorandi
683 3361 823 3426 fuerunt.

207 3465 260 3531 De
288 3467 450 3558 pedibus
479 3468 718 3555 compositis.
764 3467 865 3533 Pedes
894 3469 1092 3553 compositos
1121 3490 1219 3552 supra
1242 3489 1297 3532 eos
1321 3466 1397 3551 dixi,

117 3573 175 3657 qui
207 3560 246 3637 eri
274 3575 399 3640 duobus
426 3575 562 3660 pedibus
590 3575 793 3660 simplicibus
821 3580 984 3661 constent3
1016 3574 1113 3660 longe
1141 3573 1397 3658 frequentissimi

116 3704 231 3745 eorum
258 3704 314 3745 sex
343 3704 507 3747 morarum
535 3679 680 3769 (χρόνων
706 3680 863 3770 πρώτων)
892 3688 982 3766 sunt,
1010 3703 1090 3766 quos
1119 3704 1138 3745 a
1161 3703 1295 3745 numero
1319 3685 1398 3744 tem·

115 3811 235 3874 porum
261 3790 367 3865 πόδας
395 3786 576 3873 ἑξασήμους
603 3794 728 3854 veteres
756 3789 931 3875 rhythmici
961 3789 1213 3874 appellaverunt.
1259 3786 1397 3852 Formae

116 3917 230 3960 eorum
258 3900 316 3960 aut
341 3896 455 3980 plenae
479 3894 725 3984 (ἀκατάληκτοι)
750 3902 806 3961 aut
830 3897 963 3962 mutilae
988 3893 1215 3983 (κατάληκτοι)
1244 3900 1301 3959 aut
1325 3915 1399 3960 con-

116 4007 242 4068 tractae
275 4000 467 4089 (περίπλεω)
501 4008 592 4086 sunt,
626 4004 710 4068 unde
743 4004 803 4067 hae
835 4003 976 4067 evadunt
1007 4002 1130 4086 species
1164 4002 1282 4086 pedum
1315 4022 1400 4065 corn-

117 4109 314 4195 positorum:

230 4217 410 4302 dactylicae
470 4257 622 4285 rw--
702 4258 782 4285 rw
809 4277 826 4285 -
854 4258 891 4285 ω
989 4255 1112 4284 reo-
1209 4233 1214 4243 '

230 4324 414 4390 trochaicae
471 4369 489 4390 a
523 4365 542 4390 o
568 4382 586 4391 -
605 4353 623 4390 a

230 4429 496 4516 logaoedicaeae
521 4472 540 4497 o
567 4459 621 4497 ,e
700 4474 718 4496 a
754 4459 773 4497 e
799 4471 870 4498 ,oe
977 4473 1013 4498 ao
1039 4470 1058 4497 o
1093 4489 1110 4497 -
1206 4449 1212 4462 ·

230 4537 405 4621 paeonicae
471 4582 488 4603 a
524 4578 543 4604 e
560 4570 596 4603 oe
986 4598 1004 4606 -

119 4644 178 4708 His
198 4643 362 4709 addendae
381 4648 458 4708 sunt
477 4643 600 4707 formae
620 4644 768 4709 anacrusi
789 4649 916 4729 auctae,
936 4644 1160 4729 anapaesticae
1180 4649 1213 4708 et
1231 4642 1400 4727 iambicae,

121 4757 152 4815 et
168 4751 302 4835 iusuper
315 4749 413 4835 pedes
428 4749 565 4836 epitriti,
585 4749 640 4833 qui
656 4751 803 4835 quamvis
818 4775 837 4815 a
851 4751 991 4837 dipodiia
1005 4750 1181 4815 trochaicis
1196 4751 1398 4834 aliquantum

124 4856 284 4944 differant,
306 4863 416 4922 tamen
437 4880 475 4922 ex
498 4857 539 4923 iis
562 4856 610 4922 ita
634 4857 702 4923 nati
723 4879 793 4923 esse
813 4859 976 4943 videntur,
998 4864 1035 4923 ut
1056 4880 1094 4922 ex
1116 4857 1241 4921 duabus
1261 4854 1399 4941 syllaba·
