3442 5550
756 414 889 464 PYTHIA
907 415 939 465 V.

428 576 515 659 ὄφρα
538 576 582 659 μὴ
605 578 704 662 ταμιά
727 575 838 660 Κυρσί-

470 707 530 758 νας
553 681 668 766 ἀτελής
691 680 820 765 γίνοιτο
844 682 1092 766 μαντεύμασι-ν.

426 912 522 978 ὃιιαὶ
544 918 683 999 βαρειᾶν
705 917 816 979 νόσων
1100 917 1181 997 Στρ.
1205 912 1247 995 γ’.
1293 930 1327 975 ιιι

426 1019 579 1105 ἀκέσματ’
605 1022 761 1104 ἄνδρεσσι
784 1018 839 1085 καὶ
862 1018 992 1103 γυναιξὶ
1015 1018 1119 1104 νίμει,

374 1146 407 1192 oo
426 1130 528 1211 πόρεν
551 1151 585 1192 τε
608 1131 746 1214 κίθαριν
769 1127 890 1191 δίδωσί
909 1150 943 1191 τε

472 1239 607 1300 Μοῖσαν
630 1227 680 1311 οἷς
703 1234 745 1299 ἂν
768 1232 882 1319 ἐθέλῃ,

426 1341 591 1426 ἀπόλεμον
613 1340 747 1424 ἀγαγὼν

427 1448 459 1525 ίς
481 1449 647 1533 πραπίδας
670 1448 843 1532 εὐνομίαν,

426 1558 533 1639 μυχόν
557 1553 583 1619 τ’
611 1554 753 1639 ἀμφέπει

427 1664 600 1746 μαντήιον·
624 1671 669 1750 τῷ
694 1663 916 1746 Λακεδαίμονι

376 1788 408 1834 ιο
428 1769 591 1853 ἕν”Αργει
613 1794 648 1834 τε
670 1768 725 1834 καί
750 1769 850 1858 ζαθέᾳ
874 1771 976 1858 Πύλῳ

426 1880 564 1943 ἔνασσεν
587 1877 750 1954 ἀλκᾶντας
767 1875 948 1963 Ἡρακλίος
1294 1895 1328 1941 aa

427 1983 584 2066 ἐκγόνους
607 1986 767 2068 Αἰγιμιοῦ
789 2008 832 2048 τε.
877 1986 915 2049 τὸ
939 1982 971 2048 d'
997 1984 1089 2069 ἐμόν,
1113 1985 1249 2067 γαρύειν

429 2089 492 2155 ἀπὸ
517 2090 676 2173 Σπάρτας
699 2088 862 2175 ἐπήρατον
885 2090 990 2168 κλίος·

286 2308 328 2357 69.
348 2302 484 2371 μαντήιον
502 2306 539 2373 τῷ
559 2303 606 2354 καί
624 2307 694 2354 Aua.
713 2302 831 2369 RBE,
851 2303 898 2357 καί
916 2302 983 2358 eieo.
997 2303 1083 2356 l'a-uw
1102 2302 1187 2358 schol.
1208 2308 1328 2370 secutus,
1348 2312 1488 2375 μαντεῖον,

214 2381 252 2445 τῷ
271 2376 317 2428 καί
339 2373 409 2427 coni.
425 2374 565 2426 Hermann
581 2405 614 2412 —
631 2379 672 2428 71.
692 2372 809 2428 ἔννασεν
823 2373 853 2427 D
866 2407 901 2414 —
916 2381 958 2428 72.
977 2376 1093 2444 γαρύειν
1112 2375 1182 2429 coni.
1197 2375 1355 2431 Hermann:
1374 2375 1486 2446 μαρύετ’

215 2447 282 2501 BD
305 2445 365 2514 (sed
384 2444 535 2511 Dialia,
555 2444 629 2498 unde
648 2443 781 2514 μαρύεντ’
802 2445 957 2514 antiquitus
977 2446 1111 2516 scriptum
1130 2446 1216 2501 fnisse
1236 2446 1396 2517 suspiceris)
1415 2448 1445 2501 A'
1461 2452 1489 2501 et

214 2514 463 2642 εσλιο1.,1γα1ρύεντ’
480 2517 508 2569 P
522 2522 544 2585 Q
561 2516 601 2584 R,
622 2515 695 2569 unde
715 2517 830 2586 γαρύειν
849 2518 921 2571 τάπὸ
941 2517 1007 2571 olim
1027 2518 1199 2573 conieceram
1224 2551 1257 2558 —
1282 2525 1323 2575 73.
1349 2522 1489 2587 Σπαρτῶν

215 2606 286 2643 οοιιι.
333 2605 364 2642 eo
386 2604 416 2641 er
434 2620 467 2626 -

286 2736 329 2785 62.
353 2730 555 2800 μαντεύμασιν,
575 2746 647 2798 quae
666 2729 750 2785 Batto
769 2730 870 2800 Apollo
890 2731 1006 2801 Delphis
1025 2732 1154 2801 dederat,
1173 2732 1296 2786 breviter
1314 2748 1372 2785 rem
1392 2732 1488 2785 adum-

214 2803 296 2856 brare
322 2806 422 2872 poetae
447 2801 540 2865 licuit,
567 2801 642 2869 quod
673 2818 735 2855 eam
764 2802 821 2855 iam
847 2806 932 2856 antea
962 2803 991 2857 Ρ.
1015 2823 1043 2856 ιν
1066 2822 1079 2855 ο
1100 2821 1135 2858 ss.
1158 2804 1240 2873 plene
1266 2806 1429 2858 narraverat
1458 2835 1486 2841 --

216 2880 249 2927 63
265 2892 300 2929 ss.
320 2873 421 2943 Apollo
436 2890 492 2927 non
507 2872 597 2927 solum
611 2872 670 2941 ipse
685 2873 845 2927 hominibus
860 2874 973 2940 mederi,
988 2875 1037 2928 sed
1052 2875 1138 2928 etiam
1154 2875 1324 2929 medicorum
1335 2876 1488 2941 Cyrenaeo-

215 2964 277 2999 rum
300 2948 390 2999 artem
407 2961 569 3015 promovere
589 2943 705 3011 dieitur;
725 2963 749 2999 τ.
769 2945 870 3000 llerod.
890 2964 920 2998 ιιι
941 2963 976 2999 ιιι
996 2956 1101 3013 πρῶτοι
1119 2945 1171 3016 μὲν
1193 2951 1385 3014 Κροτωνιῆται
1399 2945 1487 3013 ἰητροί

215 3015 341 3087 ἐλέγοντο
361 3015 417 3071 ἀνὰ
436 3016 487 3085 τὴν
502 3014 623 3070 Ἑλλάδα
643 3010 729 3085 εἶναι,
748 3016 871 3084 δεύτεροι
891 3015 923 3069 δὲ
943 3021 1097 3085 Κνρηναιοι
1116 3050 1151 3057 -
1170 3022 1212 3071 δι’).
1232 3019 1265 3070 de
1286 3016 1489 3084 Cyrenaeorum

216 3088 318 3142 studiis
336 3087 451 3141 musicis
469 3088 541 3142 conf.
556 3106 600 3142 vv.
617 3103 663 3142 ιοι.
678 3104 725 3142 ιιι.
745 3087 774 3141 P.
789 3106 817 3139 ιν
831 3104 870 3142 aa
885 3119 918 3127 -
933 3094 975 3140 dd.
995 3088 1029 3142 cf.
1045 3088 1109 3142 Hor.
1125 3088 1154 3143 C.
1169 3108 1200 3140 ιιι
1214 3106 1235 3149 ι,
1249 3104 1274 3141 ιι
1290 3104 1336 3141 aros
1355 3089 1412 3141 leae
1425 3105 1489 3141 σοιι-

217 3161 311 3215 ailr'um
329 3167 354 3214 τί
372 3162 446 3213 datis
464 3167 488 3213 et
506 3161 571 3213 dato
589 3160 728 3228 pendetis,
747 3159 849 3213 Antou.
868 3158 1014 3214 Liberale
1034 3168 1141 3214 παῦσαι
1160 3158 1335 3227 (Ἀπόλλωνα)
1354 3157 1489 3227 ἐμφύλιον

215 3229 337 3300 πόλεμον
355 3232 403 3283 καί
423 3229 518 3297 ἔριδας
536 3231 584 3283 καί
603 3228 708 3297 στάσιν,
723 3229 869 3298 ἐμποιῆσαι
886 3230 949 3284 ἀντὶ
963 3231 1069 3284 τούτοιν
1083 3229 1114 3285 δ’
1131 3228 1265 3300 εὐνομίαν
1280 3230 1325 3281 καί
1341 3227 1427 3298 θέμιν
1441 3230 1487 3282 καί

216 3301 299 3372 δίκην
315 3334 347 3341 -
362 3309 395 3355 ab
411 3320 446 3356 aa.
467 3300 582 3355 anicula
596 3300 743 3370 Apollinis,
758 3300 860 3369 quibus
875 3301 1042 3355 Heraclidae
1056 3306 1086 3356 et
1098 3302 1251 3371 Aegimius,
1266 3318 1313 3353 rex
1331 3300 1443 3362 llorum,
1458 3303 1490 3354 ut

217 3373 247 3427 in
260 3373 452 3443 Peloponneso
463 3390 550 3426 novas
560 3372 640 3425 aedes
650 3376 824 3440 quaererent,
834 3372 970 3442 compulsi
981 3376 1054 3442 sunt,
1065 3377 1149 3444 pocta
1158 3373 1312 3443 praedicat.
1323 3375 1354 3425 ut
1363 3372 1399 3424 ad
1410 3370 1488 3425 llori-

217 3461 278 3498 eam
296 3444 433 3513 originem
452 3444 655 3512 Cyrenaeorum
675 3444 749 3497 viam
769 3443 824 3497 sibi
842 3448 976 3513 paret-
997 3450 1030 3498 to
1058 3446 1154 3517 Πύλα
1174 3444 1275 3499 schol:
1295 3444 1352 3497 ιἰπό
1371 3440 1423 3497 οὖν
1441 3452 1490 3513 της

218 3516 312 3569 Πύλον
327 3516 377 3603 τήν
396 3516 548 3583 Μεσσήνην
568 3513 707 3584 σημαίνει·
728 3515 754 3569 οἱ
774 3516 826 3584 γὰρ
846 3517 972 3583 νεώτεροι
990 3530 997 3579 ι’ι
1002 3516 1018 3570 i.
1034 3533 1056 3570 a.
1071 3519 1171 3586 poetae
1185 3519 1250 3586 post
1264 3515 1425 3583 Homerum)
1438 3516 1490 3583 τήν

218 3588 320 3653 Πύλον,
342 3608 372 3653 ης
387 3586 401 3639 ὁ
418 3588 530 3654 Νέστωρ
552 3587 651 3656 ἠγεῖτο,
671 3588 704 3641 οὐ
723 3588 787 3654 περί
806 3588 856 3655 τήν
873 3586 1030 3656 Τριφυλίαν
1043 3598 1092 3657 τῆς
1106 3586 1258 3656 Ἀρκαδίας,
1277 3586 1347 3640 ἀλλὰ
1360 3588 1423 3655 περὶ
1438 3587 1490 3655 τὴν

218 3658 370 3727 Μεσσήνην
394 3656 530 3713 διδόασιν.
569 3658 603 3712 el'.
624 3658 653 3711 Ρ.
673 3677 699 3710 vr
719 3675 745 3711 aa
764 3690 796 3697 —
818 3664 858 3712 72.
881 3662 914 3712 τὸ
933 3658 961 3713 δ’
983 3659 1061 3728 ἐμόν·
1086 3677 1119 3713 ex
1143 3658 1284 3713 constanti
1304 3676 1354 3711 usu
1375 3658 1489 3711 Pindari

218 3730 254 3783 ed
272 3734 385 3799 poetam
405 3730 505 3799 ipsum,
520 3747 574 3783 non
589 3730 626 3782 ad
641 3731 755 3783 chorum
770 3729 946 3783 referendum
961 3734 1015 3796 est,
1035 3731 1065 3785 cs
1080 3731 1178 3798 Rehm,
1193 3748 1290 3784 comm.
1302 3730 1369 3799 phil.
1380 3730 1489 3783 Monac.

219 3818 257 3855 ιιι
271 3818 321 3864 ss.;
347 3819 428 3854 suum
452 3801 538 3871 igitur
561 3817 621 3855 esse
645 3804 728 3870 poeta
747 3800 828 3868 dicit,
855 3804 887 3854 ut
906 3802 1024 3871 Spartae
1042 3802 1215 3871 praeclaram
1235 3802 1340 3854 faniam
1360 3799 1489 3867 illustret,

218 3872 291 3925 unde
310 3872 429 3925 maiores
449 3873 492 3925 aui
512 3872 637 3938 Aegidae
656 3872 776 3925 'l'horam
796 3872 930 3927 venerint.
968 3873 1091 3943 Aegidas
1110 3876 1204 3927 autem
1224 3872 1278 3926 sibi
1297 3876 1392 3942 patres
1411 3872 1489 3932 dicit,

218 3944 291 4011 quod
310 3942 353 3996 illi
373 3942 475 3996 Thebis
495 3943 731 3997 Lacedaemonem
750 3943 859 3998 venisse
878 3948 907 3998 et
926 3945 1080 4015 Spartanos
1103 3944 1132 3997 in
1151 3944 1275 4013 Amyclis
1295 3942 1489 4013 expugnandis

218 4013 358 4068 adiuvisse
378 4014 552 4081 ferebantnr3
573 4015 606 4068 cf.
628 4016 646 4067 l,
666 4035 703 4067 vn
724 4032 756 4080 m,
777 4015 891 4070 Aristot.
911 4015 939 4068 in
960 4016 1044 4071 schol.
1064 4017 1101 4069 ad
1121 4016 1147 4070 h.
1166 4015 1185 4070 l.
1219 4016 1338 4069 Theram
1358 4031 1423 4068 sero
1442 4032 1489 4068 eos

218 4084 327 4139 venisse
346 4089 450 4151 narrat,
470 4086 544 4154 quod
564 4087 636 4140 inter
654 4086 787 4154 Lacones,
807 4104 876 4155 quon
896 4105 929 4141 ex
948 4088 1157 4141 Lacedaemone
1172 4088 1291 4140 Theram
1311 4086 1447 4153 migrasse
1462 4090 1491 4140 et

217 4174 279 4211 cum
293 4157 397 4225 Minyis
416 4158 537 4210 Lemniia
557 4160 720 4212 commixtos
739 4175 800 4212 esse
819 4162 931 4212 conatast
949 4172 984 4219 ιτ.
1001 4160 1100 4214 Ηειοιί.
1117 4179 1142 4211 rv
1159 4162 1215 4226 rra),
1237 4158 1359 4229 Aegidas
1378 4174 1489 4227 quoque

217 4228 302 4282 fuisse
317 4228 440 4299 collegit,
451 4229 678 4297 ‹primdoquidem
693 4232 800 4284 Carnea
811 4230 937 4300 Spartae,
946 4231 1062 4298 Therae,
1077 4230 1191 4298 Cyrenis
1207 4229 1364 4299 agebantur
1378 4230 1489 4283 eadem-

217 4316 270 4369 que
284 4317 365 4354 saera
380 4300 533 4354 domestica
548 4304 577 4353 et
591 4300 761 4354 hereditaria
775 4302 868 4370 gentis
878 4301 1030 4356 Thebanae
1041 4302 1211 4371 Aegidarnm
1226 4318 1286 4353 esse
1296 4301 1488 4354 credebantur.

217 4374 308 4439 Atque
332 4370 402 4425 illud
426 4372 540 4439 quidem
563 4372 699 4425 historica
717 4373 771 4425 lide
791 4372 984 4427 confirmatum
1004 4377 1059 4441 est,
1078 4372 1151 4426 unde
1170 4371 1359 4425 Callimachus
1378 4388 1488 4439 quoque

218 4442 293 4496 futur
310 4443 403 4511 hymn.
423 4462 442 4494 n
462 4460 487 4497 τι
503 4461 542 4497 ss:
569 4443 686 4511 Σπάρτη
706 4464 761 4503 τοι,
782 4448 914 4512 Karpasia,
934 4444 997 4499 τόδε
1017 4446 1170 4512 πρώτιστον
1189 4443 1321 4508 ἔδεθλον,
1338 4446 1341 4511 Ι
1358 4444 1489 4509 δεύτερον

218 4512 253 4567 αὖ
270 4516 357 4583 Θήρη,
377 4516 505 4581 τρίτατόν
524 4534 553 4585 με
573 4513 624 4584 μὲν
643 4515 712 4569 ἄσιν
728 4516 865 4583 Κυρήνης.
883 4518 886 4583 Ι
903 4515 933 4568 ἐν
952 4515 1004 4585 μίν
1023 4534 1051 4569 σε
1067 4514 1198 4582 Σπάρτης
1218 4512 1298 4567 ἕκτον
1317 4512 1396 4583 γένος
1412 4515 1488 4567 Oida-

218 4584 310 4639 πόόιιο
326 4588 330 4653 Ι
349 4585 432 4656 ἤγαγε
454 4589 582 4655 Θηραίην
601 4586 628 4648 ἐς
647 4584 805 4640 ἀπόκτισιν·
827 4587 857 4640 ἐν
876 4585 908 4639 a
927 4604 956 4640 σε
978 4587 1071 4655 Θήρης
1087 4592 1090 4655 Ι
1108 4584 1188 4648 οὖλος
1205 4584 1385 4653 Ἀριστοτέλης
1401 4584 1488 4657 Ἀσβν-

217 4656 288 4711 στίδι
302 4657 429 4724 πάρθετο
444 4657 517 4729 γαίη.
547 4657 673 4711 Alterum
688 4658 825 4711 Pindarus
840 4658 953 4725 quidem
968 4658 1088 4712 credidit
1102 4658 1147 4711 vel
1161 4656 1273 4711 credere
1288 4672 1317 4707 se
1336 4655 1488 4719 simulavit,

217 4746 336 4800 magnae
353 4734 447 4783 antem
464 4729 635 4783 dubitationi
652 4730 803 4783 obnoxium
821 4745 881 4782 esse
898 4732 974 4798 puto.
1008 4730 1088 4783 Certe
1104 4746 1185 4783 nemo
1203 4729 1368 4797 scriptorum
1386 4728 1489 4780 'lla-his

217 4798 350 4855 historico
368 4806 491 4870 ternpore
507 4800 614 4854 (tamea
632 4806 696 4856 aeta
716 4818 776 4855 esee
795 4803 916 4854 testatus
936 4806 980 4855 est
998 4818 1087 4870 neque
1107 4801 1264 4869 quisquam,
1280 4818 1314 4851 ne
1331 4798 1488 4851 Lueblrerto

218 4872 330 4941 quidem
346 4877 469 4941 excepto,
485 4872 593 4926 idoneis
615 4876 786 4944 argumentis
806 4874 858 4927 hoc
877 4873 1067 4942 conprobauit.
1102 4874 1276 4939 Quamquam
1296 4869 1368 4923 eninr
1390 4886 1488 4925 nomen

269 4972 394 5013 Ριιιιιιιιιιιιι
408 4973 441 5011 ιιι,
457 4972 560 5011 (Ὶιιιιι.
1245 4968 1276 5015 12
