3442 5550
215 387 282 451 346
689 390 836 440 ruunmu
855 388 1020 440 scincum.

296 554 386 617 ἔστιν
409 549 441 616 δ’
467 551 609 635 ἀφάνεια
634 551 734 635 τύχας
757 548 811 615 καί
834 548 1064 635 μαρναμένων,
1310 547 1376 614 Ἐκ.
1398 547 1446 633 γ’.

230 676 264 723 60
296 656 377 745 πρὶν
399 659 492 736 τέλος
514 660 618 743 ἀκρον
641 658 785 724 ίκέσθαι·

296 778 363 832 τῶν
386 791 419 831 τε
443 767 507 853 γάρ
529 765 584 831 καί
607 777 674 831 τῶν
698 766 795 831 διδοῖ.
1465 781 1503 829 55

297 872 352 938 καί
375 872 524 960 κρέσσον’
552 873 686 959 ἀνδρῶν
709 876 869 960 χειρόνων

217 989 273 1053 (35)
293 984 413 1065 ἔσφαλε
431 978 528 1065 τέχνα
547 979 800 1068 καταμάρψαισ’.
832 986 900 1045 ίστε
923 981 989 1064 μάν
1008 986 1152 1056 Αίαντος
1171 979 1284 1062 ἀλκάν,
1303 980 1444 1063 φοίνιον

1068 1088 1128 1151 τάν
1151 1087 1231 1173 ὀψίᾳ

299 1178 335 1243 ἐν
357 1177 452 1244 νυκτί
476 1180 588 1264 ταμὼν
610 1177 685 1264 περί
707 1185 756 1266 spi
1180 1205 1185 1214 ·
1463 1193 1500 1240 σο

350 1286 510 1373 φασγάνῳ
530 1287 666 1371 μομφὰν
685 1283 730 1370 ἔχ’
752 1285 788 1351 ἐν
806 1286 980 1350 παίδεσσιν
999 1284 1175 1368 Ἑλλάνων,
1194 1284 1266 1349 ὅσοι
1286 1281 1439 1370 Τρῴανδ’

1067 1395 1154 1476 ἔβαν.

1296 1609 1377 1691 Στρ.
1397 1605 1442 1670 δ’.

232 1733 265 1780 oo
298 1714 371 1781 ἀλλ’
388 1714 531 1801 Ὅμηρός
555 1740 604 1780 τοι
628 1718 797 1800 τετίμακεν
820 1713 863 1779 δι’
891 1714 1094 1799 ἀνθρώπων,
1118 1714 1154 1790 ὃς
1176 1713 1280 1779 αὐτοῦ

298 1833 408 1889 πᾶσαν
430 1822 600 1910 ὀρθώσαις
622 1823 742 1907 ἀρετάν
764 1823 846 1887 κατὰ
869 1822 995 1909 ῥάβδον
1019 1825 1163 1909 ἔφρασεν
1463 1837 1496 1885 oo

299 1934 485 1996 θεσπεσίων
509 1928 613 1995 ίπέων
636 1935 764 2006 λοιποῖς
787 1928 936 2013 ἀθύρειν.

219 2049 275 2112 (40)
298 2047 395 2103 τοῦτο
419 2039 481 2122 γάρ
506 2037 678 2103 ἀθάνατον
701 2046 835 2121 φωνᾶεν
858 2035 962 2123 ἕρπει,

219 2238 432 2246 ————

292 2363 334 2412 50.
354 2357 442 2426 ἀκρον
457 2374 509 2411 om.
524 2357 552 2411 B
566 2389 601 2397 -
620 2364 661 2410 51.
681 2358 759 2410 διδοῖ
769 2355 845 2418 τέλος
859 2356 929 2425 BD,
947 2354 1024 2419 τέλος
1042 2355 1108 2410 eiec.
1124 2355 1219 2423 Tricl.;
1240 2357 1328 2410 τῶνδε
1346 2353 1401 2424 γὰρ
1420 2358 1498 2411 διδοῖ

219 2428 295 2492 τέλος
318 2430 360 2482 cd.
381 2429 454 2483 Crat.
475 2432 504 2482 et
527 2428 641 2484 Schmin
660 2460 692 2469 -
720 2432 761 2481 63.
789 2425 872 2497 τέχνα
897 2428 938 2482 D:
964 2426 1048 2501 τέχνᾳ
1066 2430 1094 2482 Β
1116 2459 1146 2467 -
1166 2425 1378 2496 καταμάρψαισ’
1400 2427 1496 2483 codd:

221 2505 406 2570 καταμάρψαι
429 2516 462 2553 ex
486 2498 600 2553 scholiis
623 2500 777 2553 Mommsen
801 2498 863 2555 coll.
882 2499 912 2554 P.
931 2519 959 2553 xv
979 2516 1016 2554 ιιο
1036 2531 1068 2539 -
1088 2499 1145 2568 μὰν
1168 2500 1194 2553 Β
1201 2523 1206 2554 :
1232 2499 1279 2551 καί
1303 2499 1333 2552 D
1351 2530 1385 2538 -
1405 2498 1497 2554 ἀλκὰν

221 2570 347 2643 φοίνιον,
375 2571 427 2626 τὰν
456 2568 526 2645 ὀψίᾳ
553 2571 638 2642 vulgo
663 2571 926 2640 interpungebatur,
950 2570 1203 2640 interpunctionem
1231 2569 1351 2624 correxit
1378 2570 1497 2640 Madvig

221 2643 371 2769 Adugcrit.
391 2662 401 2695 1
421 2658 459 2697 raa
484 2675 520 2682 -
548 2648 589 2697 bl.
619 2640 660 2712 ἔχ’
688 2641 718 2696 ἐν
746 2641 816 2695 coni.
842 2641 950 2712 Bergk:
980 2642 1035 2713 ἔχει
1064 2643 1143 2697 οοδδ.
1171 2674 1203 2681 -
1231 2640 1380 2697 παίδευσιν
1407 2643 1436 2696 D
1463 2673 1495 2682 -

221 2721 263 2770 58.
298 2735 363 2784 ρποι
382 2715 412 2769 D
429 2746 462 2754 -

293 2935 335 2984 49.
354 2930 403 2983 καλ
421 2926 617 2999 μαρναμένων·
638 2932 670 2982 ut
688 2928 788 2983 ceteris
802 2927 832 2981 in
846 2928 937 2997 rebus,
956 2929 996 2983 sic
1012 2929 1098 2984 etiam
1112 2929 1141 2982 in
1156 2927 1357 2983 certaminibus
1372 2927 1496 2982 incertus

222 3001 313 3056 exitus
328 3002 457 3055 fortunae
478 3004 573 3054 eat-
592 3007 633 3053 51.
653 3010 708 3054 τῶν
724 3045 729 3054 .
746 3045 751 3054 .
768 3045 773 3055 .
789 3002 875 3055 διδοῖ·
895 3001 978 3056 modo
998 3002 1194 3066 secundorum,
1213 3000 1295 3054 modo
1315 2999 1495 3054 adversorum

221 3072 330 3141 aliquid
350 3073 400 3127 dat
419 3072 557 3138 l'ortuna;
577 3072 707 3126 videntur
728 3071 926 3141 Cleonymitlae
939 3071 1075 3126 ludorum
1097 3089 1238 3126 sacrorum
1257 3070 1413 3126 certamina
1431 3072 1496 3126 obe·

221 3147 303 3199 untes
321 3144 446 3215 palmam
464 3144 513 3197 diu
531 3161 587 3198 non
606 3144 748 3197 consecuti
768 3160 841 3209 esse,
865 3144 949 3212 idque
974 3143 1099 3198 iudicum
1116 3142 1274 3212 iniquitate.
1313 3141 1358 3196 Sic
1377 3143 1453 3197 enirn
1473 3142 1496 3197 ai

222 3216 385 3283 statuimus,
409 3214 508 3270 melius
532 3232 580 3269 cur
603 3214 729 3268 fabulam
749 3215 783 3269 de
803 3215 888 3270 Aiace
907 3215 1010 3284 iniquis
1035 3215 1175 3286 suffragiis
1200 3231 1332 3285 oppresso
1350 3219 1436 3283 poeta
1454 3214 1496 3268 in·

221 3287 354 3355 texuerit,
377 3286 554 3357 intellegitur
572 3319 605 3326 —
625 3292 667 3341 52.
687 3285 832 3357 χειρόνων·
856 3286 960 3356 plurali
983 3290 1048 3357 post
1066 3287 1236 3357 singularem
1256 3286 1392 3355 κρέσσονα
1411 3289 1497 3357 pocta

223 3376 288 3413 usus
317 3361 374 3426 eat,
402 3358 477 3426 quod
506 3358 565 3412 eius
594 3357 682 3412 menti
709 3358 766 3412 iam
794 3359 997 3413 obversabatur
1022 3358 1140 3429 pluralis
1168 3360 1267 3420 παῖδες
1291 3357 1435 3413 Ἑλλάνων
1463 3389 1495 3398 -

223 3435 263 3484 53.
284 3427 398 3499 φοίνιον
412 3446 475 3482 cum
489 3428 609 3484 relativa
624 3429 764 3484 sententia
778 3429 1003 3500 coniungendum
1018 3447 1078 3485 esse
1093 3429 1234 3485 intellexit
1247 3427 1409 3499 Madvigius
1425 3428 1495 3484 Adv.

223 3501 283 3556 crit.
298 3522 308 3554 1
324 3517 361 3556 raa
375 3533 410 3540 —
425 3498 495 3575 ὀψίᾳ
510 3501 540 3555 ἐν
555 3499 634 3556 νυκτί
643 3519 647 3529 ·
669 3500 767 3557 schol:
787 3511 843 3565 τοῖς
858 3500 888 3556 δὲ
903 3501 953 3556 τόν
972 3501 1079 3569 ὄρθρον
1098 3502 1233 3556 ἀκούουσι
1251 3503 1300 3555 καλ
1317 3499 1353 3554 τδι
1372 3500 1431 3554 ἀπδ
1449 3509 1497 3570 τῆς

223 3572 487 3699 {tltttttlts
508 3571 1497 3714 “A‘’Jtttlt'zttltlttt‘ttltltltttttttdtt

224 3716 349 3783 Troiam,
369 3715 443 3783 quod
462 3714 521 3784 ipse
541 3719 658 3769 mortem
677 3715 732 3769 sibi
744 3666 918 3770 zconsciverit
936 3719 965 3770 et
983 3719 1076 3770 mente
1099 3719 1198 3786 captus
1222 3715 1324 3770 arietes
1347 3731 1399 3786 pro
1422 3714 1496 3785 prin·

224 3787 333 3857 cipibus
348 3786 516 3841 Graecorum
531 3787 711 3851 mactaverit3
731 3787 796 3841 huic
815 3787 948 3841 infamiae
963 3790 1113 3858 opponitur
1127 3789 1223 3856 honos,
1243 3803 1298 3855 quo
1313 3785 1349 3840 ab
1367 3786 1497 3855 Homero,

223 3875 306 3927 quem
325 3875 380 3912 non
398 3857 488 3912 solum
501 3857 600 3912 Iliadis
615 3858 664 3912 sed
679 3858 765 3912 etiam
780 3859 880 3912 Aethio
901 3859 955 3913 idis
971 3863 1113 3914 auctorem
1127 3859 1214 3912 fuisse
1228 3858 1366 3913 Pindarus
1381 3857 1497 3926 eiusque

223 3930 356 3999 aequales
375 3930 535 3999 eredebant,
555 3930 672 3985 affectus
691 3933 741 3984 est.
780 3878 909 3984 Patienii
928 3934 1024 3985 antem
1042 3931 1099 3984 vim
1118 3930 1210 3984 verbis
1229 3930 1335 4000 μέμψιν
1354 3927 1430 3999 ἔχειν
1449 3929 1497 3984 tri·

223 4000 344 4055 buerunt
369 4001 468 4071 etiam,
494 4004 527 4056 ut
552 4001 621 4056 scite
639 4001 776 4071 Bergkius
794 4002 911 4071 monuit,
930 4001 1024 4072 Eurip.
1044 4002 1154 4057 Heracl.
1173 4019 1212 4056 οτι
1230 4001 1335 4089 πολλὴν
1359 3999 1406 4067 ἀρ’
1429 3999 1498 4068 ἔξεις

223 4072 338 4143 μέμψιν,
358 4073 384 4128 εί
402 4072 514 4141 δράσεις
527 4073 604 4141 τάδε,
624 4076 653 4127 ct
668 4074 737 4127 [sae.
753 4093 781 4125 xx
795 4090 820 4125 aa
840 4071 952 4137 είκότως
975 4072 1025 4143 μὲν
1049 4075 1099 4128 οὐκ
1119 4071 1155 4127 ἀν
1175 4073 1261 4143 ἔχοιμι
1282 4084 1397 4142 μεμψιν,
1418 4072 1443 4127 εί
1461 4073 1497 4142 μὴ

223 4146 366 4214 τάμαυτοῦ
384 4142 555 4215 προστίθημι
574 4146 690 4212 τούτοις,
709 4146 801 4209 σώζων
816 4143 847 4199 δὲ
863 4144 898 4199 τὰ
917 4145 1022 4199 τούτων
1041 4146 1089 4199 καί
1107 4142 1191 4198 πλείω
1210 4154 1308 4210 ποιῶν,
1327 4140 1444 4208 δικαίως
1463 4142 1499 4198 διν

224 4214 400 4286 ἐπαινοίμην,
419 4233 590 4286 quamquam
609 4217 673 4271 Eur.
691 4215 794 4270 Phoen
815 4233 853 4271 ιιι
867 4219 897 4271 at
910 4216 1009 4271 Aesch.
1024 4217 1114 4271 Prom.
1129 4232 1168 4271 ιισ
1184 4215 1274 4270 cidem
1289 4213 1427 4269 locutioni
1441 4215 1498 4269 vim

224 4287 335 4342 crimini
349 4287 414 4342 aliia
428 4288 555 4343 vertendi
571 4288 792 4358 adsignaverunt
807 4320 838 4328 -
855 4294 896 4342 56.
916 4288 1000 4358 iunge
1019 4287 1091 4342 κατὰ
1106 4284 1213 4361 όάβδον
1227 4288 1386 4342 θεσπεσίων
1401 4286 1499 4353 ἐπέων,

225 4361 260 4415 ad
281 4363 422 4430 sceptrum
447 4359 606 4415 divinorum
624 4360 784 4424 verborum,
808 4359 826 4413 i.
847 4377 869 4413 e.
889 4361 964 4428 quod
983 4360 1141 4414 divinarum
1161 4358 1321 4413 fabularum
1339 4361 1498 4413 namatorca

223 4449 309 4485 manu
327 4432 474 4500 tenebant3
495 4431 598 4486 etenim
614 4430 628 4484 ὁ
644 4429 715 4484 κατὰ
730 4426 836 4500 ῥάβδον
851 4430 965 4501 φράζων
984 4448 1020 4501 op
1041 4431 1129 4485 ositus
1148 4434 1192 4485 ast
1209 4435 1246 4504 τῷ
1265 4428 1337 4483 κατὰ
1356 4428 1499 4513 φόρμιγγα

224 4501 356 4557 ἀείδοντι,
394 4503 465 4556 Exin
491 4507 598 4565 λοιποῖς
616 4502 738 4570 ἀθύρειν
758 4502 794 4556 ab
814 4501 935 4571 ἔφρασεν
954 4520 1008 4572 pen
1031 4505 1070 4571 et,
1094 4507 1126 4556 ut
1149 4520 1234 4572 supra
1252 4521 1277 4556 v.
1299 4519 1324 4555 ιο
1342 4500 1499 4556 infinitivus

223 4574 325 4642 τρέψαι
345 4591 362 4627 a
381 4574 492 4628 nomina
512 4583 607 4644 palpa:
627 4572 763 4627 Homerus
782 4573 883 4627 futuris
902 4574 1050 4644 rhapsodis
1064 4574 1175 4645 praeiit,
1191 4577 1222 4627 ut
1240 4572 1303 4626 lusu
1314 4572 1430 4661 poetico
1445 4573 1498 4627 vir-

223 4648 298 4699 tutes
318 4644 412 4699 Aiacis
431 4649 572 4700 canerent.
600 4645 654 4697 Vix
673 4644 747 4698 enim
766 4644 808 4698 ita
826 4646 912 4699 verba
925 4645 1044 4700 traicere
1059 4645 1133 4713 licet,
1153 4649 1185 4699 ut
1199 4644 1271 4698 κατὰ
1285 4640 1394 4717 όαβδον
1413 4661 1432 4698 a
1450 4661 1499 4699 suo

223 4718 309 4771 verbo
329 4716 451 4785 ἔφρασεν
470 4716 637 4770 divellamus
657 4719 685 4769 ct
704 4734 766 4768 cum
784 4719 891 4771 remoto
905 4718 990 4771 verbo
1005 4717 1126 4783 ἀθύρειν
1141 4717 1351 4786 coniungamua.
1380 4715 1500 4770 Videtur

224 4786 311 4911 {gitur
334 4787 472 4842 Pindarus
497 4787 550 4842 hoc
575 4787 636 4841 loco
663 4790 803 4857 sceptrum
825 4784 964 4861 (όάβδον),
988 4788 1064 4857 quod
1087 4788 1226 4842 llesiodus
1251 4804 1284 4851 (τ.
1301 4788 1396 4857 thoog.
1417 4792 1453 4857 ao)
1472 4789 1500 4841 et

252 4858 393 4913 omeridae
411 4860 556 4929 gerebant,
575 4859 632 4913 iam
651 4858 780 4927 Homero,
799 4859 910 4928 parenti
928 4860 1024 4931 opicae
1043 4859 1149 4931 poesis,
1169 4857 1332 4913 attribuisse
1351 4891 1385 4899 -
