3442 5550
653 404 777 454 NEMEA
796 405 840 457 lV.

163 568 263 649 ἔμπα,
285 570 401 649 καίπερ
425 567 490 648 ἔχει
513 567 634 648 βαθεῖα
656 565 793 642 ποντιὰς
817 566 903 649 ἅλμα

159 671 298 757 μέσσον,
322 670 477 737 ἀντίτειν’
504 670 689 759 ἐπιβουλίᾳ·
713 673 846 758 σφόδρα
869 673 1007 759 δόξομεν

164 781 268 845 δαίων
291 777 464 865 ὑπέρτεροι
488 778 524 844 ἐν
547 778 624 864 φοίει
648 783 871 864 καταβαίνειν·

163 887 315 972 φθονερὰ
338 884 370 950 δ’
396 889 494 964 ἄλλος
517 885 601 972 ἀνὴρ
625 886 756 970 βλέπων

108 1012 142 1059 40
162 995 297 1078 γνώμαν
319 994 436 1059 κενεὰν
459 996 564 1080 σκότφ
588 995 736 1059 κυλίνδει

162 1225 262 1312 χαμαὶ
285 1238 450 1292 πετοῖσαν.
497 1223 568 1310 ἐμοὶ
591 1223 623 1290 δ’
649 1225 783 1291 ὀποί-αν
807 1225 926 1311 ἀρετὰν
1188 1232 1268 1313 Στρ.
1288 1227 1329 1296 ς’.

162 1335 262 1400 ἔδωκε
285 1336 409 1418 πότμος
432 1332 527 1416 ἅναξ,

162 1438 200 1509 εὖ
222 1439 310 1507 ίοῐδ’
336 1442 386 1506 ὅτι
410 1442 529 1525 χρόνος
551 1439 661 1524 ἕρπων

204 1546 421 1634 πεπρωμέναν
443 1545 573 1612 τελέσει.

161 1657 331 1741 ἐξύφαινε,
354 1660 503 1738 γλυκεῖα,
527 1652 581 1719 καλ
604 1653 675 1720 τόδ’
701 1655 832 1738 αὐτίκα,
856 1656 1014 1742 φόρμιγξ,

108 1781 142 1829 ιο
163 1764 273 1851 Λυδίᾳ
296 1765 359 1827 σὺν
383 1762 525 1849 ἁρμονίᾳ
548 1759 645 1847 με’λος
667 1759 892 1847 πεφιλημένον

163 1871 296 1957 Οίνώνᾳ
319 1893 353 1934 τε
376 1867 429 1934 καὶ
455 1869 592 1957 Κύπρῳ,
616 1872 700 1935 ἔνθα
726 1872 867 1954 Τεῦκρος
890 1869 1028 1955 ἀπάρχει
1349 1888 1382 1936 το

177 2088 218 2137 36,
243 2080 345 2149 καίπερ
364 2081 439 2148 BD,
467 2080 563 2148 κεῖπερ
586 2080 678 2151 Bergk
706 2113 738 2120 -
768 2086 809 2136 ut.
839 2080 1010 2163 ἐπιβουλίαις
1034 2082 1060 2136 V
1081 2113 1114 2124 -
1142 2080 1260 2151 δόξομεν
1285 2081 1381 2138 Trici:

107 2153 231 2224 δόξωμεν
249 2155 277 2207 Β
292 2155 321 2208 D
342 2185 372 2193 -
394 2158 435 2206 42.
456 2152 559 2206 ἔνδωκε
579 2152 649 2206 coni.
669 2152 836 2222 Mommsen,
860 2154 924 2207 vide
944 2171 988 2208 vv.
1008 2171 1033 2208 aa
1052 2158 1082 2208 et
1099 2170 1126 2209 au
1144 2187 1178 2195 -
1198 2159 1240 2209 46.
1260 2153 1381 2224 ἀπάρχει

106 2227 134 2281 Β
145 2228 185 2282 Il:
206 2224 324 2295 ὑπάρχει
343 2224 446 2278 lemma
464 2223 494 2276 in
512 2224 587 2292 BD,
607 2222 721 2293 ἐπάρχω
740 2223 811 2278 coni.
827 2223 925 2294 Pauw,
944 2225 1058 2279 ductast
1075 2224 1284 2280 ltauchenatein
1304 2258 1334 2266 -

106 2369 176 2422 haec
195 2366 316 2438 epinicia
335 2368 400 2420 acta
419 2382 479 2420 esse
498 2365 642 2432 videntur;
665 2365 785 2420 victoria
804 2367 878 2421 enim
897 2367 959 2437 ipsa
978 2384 1033 2421 non
1052 2367 1204 2436 novilunii,
1224 2368 1273 2422 sed
1292 2368 1380 2438 pleni·

105 2439 176 2493 lunii
195 2442 319 2509 tempore
339 2436 563 2519 comparabatur.
601 2436 706 2502 Quodsi
725 2437 900 2492 novilunium
918 2442 1034 2507 tangere
1072 2443 1138 2494 oeta
1161 2438 1304 2511 cupiebat,
1327 2439 1381 2494 hoc

106 2527 163 2565 non
186 2514 245 2565 tam
269 2510 305 2564 ad
329 2508 464 2580 epinicia,
488 2526 572 2577 quam
591 2509 628 2562 ad
648 2509 715 2563 deos
733 2513 763 2564 et
781 2508 892 2579 heroes,
916 2527 1033 2579 quorum
1052 2459 1102 2565 lic
1127 2509 1187 2565 dies
1210 2526 1289 2565 sacer
1312 2514 1380 2578 erat,

107 2581 275 2654 pertinebat.
318 2581 397 2647 Quod
425 2583 520 2635 autem
548 2579 656 2635 scholia
684 2581 720 2635 ad
748 2581 782 2636 N.
805 2601 835 2634 111
862 2598 874 2636 s
902 2581 1078 2636 novilunium
1106 2581 1243 2652 Apollinis
1272 2598 1380 2636 sacrum

106 2653 192 2709 tuisse
215 2653 345 2722 tradunt,
368 2652 420 2707 hoc
443 2652 537 2707 nescio
561 2670 598 2706 an
621 2651 755 2707 adhunc
778 2652 870 2707 locum
894 2670 950 2708 non
973 2652 1125 2724 pertineat3
1152 2653 1237 2708 imm0
1261 2652 1379 2722 siquae

106 2724 237 2795 deinceps
263 2727 347 2796 poeta
369 2723 528 2794 praedicat,
551 2723 737 2794 reputaveris,
761 2723 936 2779 novilunium
959 2728 999 2780 Ae
1022 2725 1028 2736 '
1050 2741 1084 2780 ae
1103 2725 1190 2780 Aeaci
1213 2723 1380 2780 ethereum

106 2796 323 2852 domesticorum
344 2812 453 2849 sacrum
472 2794 558 2849 fuisse
577 2794 757 2850 verisimilius
777 2795 862 2850 duces
881 2828 914 2836 —
933 2801 976 2852 36,
1015 2816 1088 2866 μπα,
1112 2796 1186 2865 quod
1211 2813 1245 2850 ex
1267 2795 1298 2850 ἐν
1322 2805 1380 2850 πᾶν

106 2872 198 2924 ortum
221 2871 278 2935 est,
302 2885 364 2921 cum
387 2865 516 2920 similiter
541 2869 625 2935 atque
644 2868 769 2921 nostrum
790 2867 961 2936 ‘jedenlalla'
983 2866 1167 2922 conditionali
1186 2866 1333 2922 enuntiato
1352 2871 1381 2922 et

105 2939 250 3011 praemitti
273 2941 302 2993 et
326 2937 466 3008 postmitti
491 2938 593 3006 possit,
621 2937 693 3007 ἔμπα
719 2938 821 3005 καίπερ
848 2938 904 3008 ἔχει
929 2938 1003 2992 idem
1029 2937 1122 2992 valere
1147 2938 1277 3007 equidem
1302 2942 1379 3020 puto,

105 3011 181 3080 quod
204 3009 288 3080 vulgo
312 3009 411 3064 Graeci
435 3009 533 3062 dicunt
556 3009 604 3062 καὶ
627 3008 705 3077 εἴπερ
729 3007 785 3079 ἔχει
805 3054 810 3063 .
827 3052 832 3062 .
850 3053 854 3064 ,
875 3008 947 3080 ὅμως
970 3011 1120 3076 ἁντίτεινε,
1144 3010 1218 3064 unde
1236 3009 1306 3063 baec
1324 3009 1379 3064 loci

106 3082 247 3138 sententia
270 3080 377 3135 evadit:
402 3080 530 3148 quamvis
554 3079 643 3134 latum
662 3096 738 3134 mare
757 3083 794 3148 te,
813 3080 852 3134 mi
871 3080 971 3149 anime,
991 3080 1027 3134 ab
1047 3080 1216 3135 adversariis
1235 3080 1380 3148 distineat,

105 3157 202 3208 tamen
229 3151 339 3207 fortiter
366 3150 514 3206 calumniis
541 3150 681 3219 obnitere;
709 3151 739 3204 in
762 3152 968 3207 contentionem
992 3152 1066 3206 enim
1089 3151 1113 3206 si
1136 3156 1168 3206 tu
1193 3151 1379 3220 descenderis,

104 3224 282 3296 praestantia
299 3227 365 3278 tuae
384 3222 454 3277 artis
473 3225 502 3277 et
519 3223 599 3278 dotes
618 3226 719 3277 natura
739 3222 793 3277 tibi
811 3223 915 3278 insitae
933 3223 1089 3278 elucebunt.
1120 3223 1175 3279 Sed
1193 3222 1251 3278 iam
1269 3222 1379 3292 quaeri-

104 3302 163 3365 tur,
190 3295 306 3365 quinam
329 3293 377 3349 isti
401 3294 556 3349 adversarii
580 3294 686 3348 fuerint
712 3296 742 3348 et
768 3294 837 3364 qnid
860 3295 982 3349 Pindaro
1004 3294 1075 3349 vitio
1098 3294 1241 3350 verterint.
1286 3296 1379 3364 Atque

104 3371 213 3423 veteres
241 3367 354 3437 quidem
377 3365 554 3438 grammatici
577 3365 623 3419 hic
647 3382 757 3434 quoque
781 3366 921 3420 aemulum
944 3365 1059 3420 Pindari
1082 3365 1254 3421 Simonidem
1277 3366 1378 3436 respici

104 3443 134 3495 et
152 3439 229 3510 carpi
248 3437 389 3510 putabant
411 3436 521 3507 (ecbol.:
550 3439 630 3493 δοκεῖ
646 3436 678 3491 δὲ
696 3446 785 3492 ταῦτα
807 3439 911 3493 τείνειν
934 3437 973 3500 εἰς
996 3435 1167 3507 Σιμωνίδην,
1191 3437 1251 3492 ἐπελ
1274 3437 1379 3501 ἐκεῖνος

103 3509 292 3583 παρεκβάοεοι
315 3513 440 3580 χρῆσθαι
463 3508 570 3578 clade),
596 3524 685 3578 neque
710 3509 839 3576 dcerunt,
863 3509 912 3577 qui
935 3508 1021 3563 verba
1044 3508 1101 3580 ἔχει
1120 3511 1243 3581 βαθεῖαν
1261 3508 1378 3572 ποντιὰς

104 3581 179 3653 ἅλμα
206 3580 307 3651 μέσσον
335 3581 364 3634 in
394 3580 466 3634 hanc
496 3579 664 3635 sententiam
691 3580 871 3651 interpretari
899 3580 1036 3647 audeant,
1064 3583 1096 3634 ut
1122 3580 1158 3634 iis
1187 3579 1378 3634 adversarium

105 3654 190 3709 Caum
216 3651 408 3724 adsignificari
434 3654 548 3722 putent,
575 3651 624 3722 qui
652 3651 722 3707 mari
751 3651 810 3706 lato
838 3651 975 3706 discretus
1003 3669 1018 3706 e
1045 3650 1199 3722 longinquo
1226 3652 1285 3706 tela
1312 3651 1377 3706 mit-

104 3728 155 3781 tat.
180 3725 285 3779 Tamen
304 3723 375 3777 nihil
395 3723 524 3793 equidem
543 3723 607 3777 huic
627 3723 865 3795 argumentationi
883 3722 985 3790 tribuo,
1001 3723 1167 3794 praesertim
1181 3740 1244 3777 cum
1259 3723 1376 3794 Aegine-

104 3795 156 3851 tici
198 3812 289 3865 uoque
312 3794 467 3849 adversarii
490 3794 561 3848 mari
584 3795 722 3866 profundo
741 3812 758 3849 a
776 3794 911 3850 Thebano
934 3798 1018 3865 poeta
1042 3793 1156 3849 discreti
1177 3797 1279 3849 essent.
1315 3795 1376 3849 Duo

103 3884 170 3923 vero
211 3868 310 3921 indaro
328 3866 399 3921 vitio
418 3865 489 3920 verti
508 3869 654 3935 poterant,
673 3870 702 3921 et
720 3867 794 3936 quod
813 3866 902 3921 nimia
919 3866 1059 3921 brevitate
1079 3865 1175 3937 capita
1192 3882 1285 3920 rerum
1303 3882 1377 3920 com-

103 3938 289 4010 prehenderet
307 3954 397 4006 neque
416 3937 494 4008 epico
513 3953 589 3992 more
608 3937 735 3992 fabulam
753 3938 891 4008 panderet
911 3937 955 4007 (cl.
971 3937 1000 3992 P.
1015 3957 1043 3991 rx
1063 3940 1107 4008 ιι),
1126 3939 1156 3990 et
1175 3937 1250 4006 qnod
1272 3936 1377 4006 digres-

104 4009 231 4065 sionibus
245 4012 331 4078 atque
349 4007 454 4062 fabulis
473 4007 632 4063 intexendis
651 4008 721 4063 adeo
740 4012 863 4078 vacaret,
882 4012 988 4063 utare
1006 4008 1152 4080 proposita
1171 4008 1331 4067 deflecteret
1348 4013 1378 4064 et

103 4099 204 4136 munus
221 4079 357 4135 victoriae
376 4078 583 4150 praedicandae
609 4080 778 4151 neglegeret.
814 4081 921 4135 Horum
945 4080 1022 4152 prius
1041 4080 1093 4134 hoc
1112 4079 1226 4149 quidem
1244 4079 1305 4134 loco
1324 4096 1377 4150 ego

102 4151 324 4223 intellegendum
343 4168 404 4206 esse
422 4152 502 4220 duco,
526 4155 557 4205 ut
579 4151 736 4221 quodcum
760 4152 854 4207 verbis
879 4151 953 4222 ίοημι
972 4149 1086 4222 ἕλκομαι
1105 4148 1240 4226 νεομηνία
1258 4149 1377 4233 θιγέμεν

103 4228 133 4279 et
151 4226 214 4278 tota
232 4222 365 4278 carminis
383 4223 473 4279 forma
492 4228 526 4291 (v.
538 4223 574 4277 ad
589 4242 613 4277 v,
625 4225 661 4291 aa)
680 4222 779 4277 melius
795 4222 938 4277 conciliari
952 4223 1051 4304 possit,
1071 4222 1138 4278 licet
1151 4222 1277 4294 plerique
1291 4227 1376 4277 inter-

102 4300 195 4367 pretes
219 4295 389 4349 contrariam
413 4294 582 4349 sententiam
608 4293 822 4376 amplectantur.
859 4293 939 4348 Nihil
959 4293 1046 4364 igitur
1065 4294 1259 4350 cavillationes
1279 4293 1376 4348 adver-

103 4366 240 4421 sariorum
263 4383 363 4421 curans
386 4366 523 4420 Pindarus
542 4365 635 4437 pergit
653 4383 683 4419 rn
702 4383 753 4420 sna
772 4370 833 4420 arte
870 4366 1055 4435 ersequenda,
1082 4369 1114 4420 ut
1132 4365 1320 4436 digressiones
1339 4365 1377 4420 ad

102 4438 202 4493 laudes
221 4439 336 4493 heroum
354 4437 582 4508 Aegineticorum
605 4455 660 4492 non
683 4436 789 4508 fugiat,
812 4385 869 4492 seri
884 4440 979 4492 tamen
998 4437 1121 4494 breviter
1139 4454 1186 4493 eas
1205 4435 1377 4508 perstringat

102 4526 194 4581 neque
207 4510 382 4581 provinciam
396 4525 414 4563 a
428 4509 533 4563 victore
548 4508 602 4563 sibi
617 4508 771 4563 iniunctam
787 4508 971 4564 obliviscatur
987 4541 1020 4550 -
1037 4515 1072 4563 44
1094 4507 1156 4564 τόδ’
1172 4506 1273 4562 αὐτίκα
1288 4505 1376 4576 με’λος,

102 4581 155 4636 boc
174 4581 252 4636 illico
270 4597 383 4635 carmen
401 4579 472 4635 velis
490 4579 622 4650 expansis
640 4581 747 4651 pande;
767 4580 801 4634 cf.
818 4580 872 4635 AP.
886 4600 908 4634 11
922 4597 947 4636 ιο
961 4579 1041 4651 μέλος
1059 4580 1087 4635 δ’
1105 4581 1225 4650 εὔυμνον
1243 4576 1377 4645 ὑφαίνειν

102 4684 136 4694 -
155 4658 198 4707 46.
221 4653 341 4726 Οἰνώνᾳ,
361 4651 494 4722 Aeginae,
513 4651 558 4705 cui
577 4651 685 4723 pridem
703 4668 805 4706 nomen
819 4651 951 4707 Oenones
969 4654 1055 4708 fuisse
1072 4655 1184 4708 constat
1202 4682 1235 4690 —
1255 4649 1377 4719 ἀπάρχει

102 4724 137 4778 de
152 4723 258 4778 Teucro
273 4723 302 4777 in
316 4722 427 4778 colonia
441 4725 548 4776 remota
562 4726 697 4793 regnante
717 4722 824 4777 dictum
842 4726 887 4777 est
904 4723 941 4778 ad
960 4724 1120 4794 analogiam
1140 4721 1217 4777 verbi
1237 4723 1375 4776 ἀποικεῑν.

103 4795 225 4850 Externa
244 4794 308 4848 huic
327 4811 413 4863 regno
432 4793 531 4847 Teucri
557 4793 707 4866 opponitur
729 4810 846 4867 regnum
864 4794 894 4850 in
911 4799 987 4850 terra
1005 4794 1099 4866 patria
1116 4792 1253 4867 (πατρῴᾳ)
1272 4791 1374 4861 Aiacis,

101 4865 184 4921 cuius
203 4866 238 4920 de
256 4864 361 4936 templo
381 4864 410 4918 in
429 4863 571 4920 Salamine
589 4865 683 4920 insula
701 4866 765 4921 vide
784 4865 866 4921 Paua.
885 4885 896 4920 1
914 4882 948 4935 aa,
967 4884 980 4922 a
999 4899 1031 4908 -
