3442 5550
319 414 407 470 LXIV
821 416 1099 470 Pssonsuouanl.
1138 450 1141 456 -

316 580 470 646 Pontium
493 584 659 664 venerunt,
682 577 775 645 ludos
798 582 977 668 gymnicos,
999 586 1036 645 ut
1056 580 1117 646 diis
1137 579 1257 646 salutis
1273 577 1413 666 gratiam
1432 581 1602 665 referrent,

316 688 537 754 instituerunt.
545 685 570 773 ¹)

405 795 468 873 Qui
487 797 653 879 hucusque
672 819 692 860 a
710 818 762 860 me
781 796 932 861 recensiti
952 801 1028 861 sunt
1047 795 1115 859 ludi
1135 795 1220 880 apud
1236 795 1401 860 Romanos
1416 796 1599 880 concaptivi

318 902 534 989 audiebant²)‚
558 903 645 988 quod
667 903 813 988 plerique
832 926 945 967 eorum
964 902 1005 968 ab
1025 902 1222 986 hominibus,
1246 925 1319 968 oum
1339 903 1435 967 rebus
1455 903 1599 967 adversis

317 1010 465 1096 oppressi
492 1032 512 1074 a
538 1009 588 1074 dis
617 1010 773 1074 auxilium
787 1015 964 1095 peterent,
992 1010 1157 1094 conceptis
1181 1010 1288 1074 verbis
1312 1009 1382 1074 voti
1405 1014 1507 1075 erant.
1548 1009 1600 1074 Ex

317 1117 369 1182 his
392 1117 462 1182 nati
486 1121 562 1182 sunt
586 1117 716 1182 annales
741 1121 774 1182 et
798 1117 877 1181 stati
901 1118 1137 1202 sollemnesque
1161 1115 1386 1203 (aegrotaret).
1425 1116 1599 1183 Crescente

318 1225 404 1289 enim
427 1224 641 1290 certaminum
664 1224 772 1289 studio
792 1229 826 1287 et
844 1223 1010 1289 hominum
1032 1225 1250 1290 aemulatione
1269 1225 1371 1309 ludos,
1396 1246 1477 1309 quos
1499 1225 1600 1290 semel

319 1337 483 1417 voverant,
506 1336 563 1396 aut
585 1353 650 1395 uno
675 1352 803 1416 quoque
823 1354 907 1396 anno
927 1337 984 1397 aut
1002 1332 1150 1415 pluribus
1169 1332 1349 1397 interiectis
1369 1332 1461 1397 annis
1480 1331 1599 1396 iterare

317 1444 499 1524 coeperunt.
542 1439 673 1524 Insigne
696 1438 793 1503 huius
816 1438 975 1503 transitus
1000 1439 1181 1523 exemplum
1205 1438 1316 1523 Pythii
1339 1439 1407 1503 ludi
1433 1438 1600 1525 praebent,

317 1548 372 1633 qui
397 1570 469 1612 curn
492 1546 634 1630 primum
656 1546 691 1610 in
714 1546 800 1610 bello
825 1544 956 1611 Crisaeo
981 1547 1058 1610 urbe
1082 1546 1227 1611 hostium
1256 1551 1440 1631 expugnata
1468 1546 1537 1609 voti
1566 1550 1600 1610 et

317 1654 381 1719 acti
414 1658 535 1739 essent,
567 1657 682 1738 postea
715 1653 755 1717 ad
783 1653 946 1738 exemplar
974 1651 1217 1738 Olympicorum
1249 1653 1422 1718 sollemnes
1454 1652 1534 1717 facti
1566 1658 1600 1717 et

317 1761 431 1846 quinto
460 1782 588 1846 quoque
617 1781 702 1824 anno
729 1760 840 1825 iterati
869 1764 953 1824 sunt.
995 1759 1158 1824 Paulatim
1186 1759 1285 1824 etiam
1313 1783 1386 1825 curn
1417 1759 1599 1844 concaptivi

316 1868 384 1933 ludi
407 1889 473 1932 non
495 1871 753 1952 praecesserant,
774 1867 868 1932 ludos
893 1871 997 1932 statos
1025 1867 1196 1932 instituere
1225 1871 1408 1950 coeperunt.
1449 1865 1599 1950 Namque

317 1975 500 2041 sacerdotes
529 1978 563 2038 et
590 1973 772 2038 civitatium
800 1981 955 2058 rectores,
988 1997 1062 2040 cum
1092 1974 1240 2038 homines
1272 1973 1426 2039 feriantes
1459 1974 1599 2038 maxime

315 2082 400 2146 ludis
425 2080 579 2145 delectari
602 2086 635 2145 et
657 2080 811 2146 feriarum
835 2073 1039 2167 splendorem
1062 2080 1248 2145 homiuibus
1275 2081 1417 2166 undique
1441 2081 1482 2146 ad
1504 2081 1599 2146 ludos

316 2195 374 2254 aut
388 2188 582 2273 spectandos
597 2193 653 2252 aut
668 2189 834 2254 obeundos
849 2189 1088 2254 confluentibus
1102 2209 1298 2273 magnopere
1310 2188 1422 2275 augeri
1432 2188 1601 2274 vidissent,

316 2296 417 2361 sacris
446 2296 579 2359 deorum
607 2300 640 2359 et
668 2295 807 2359 maxime
834 2296 969 2362 heroum
997 2296 1090 2359 ludos
1119 2295 1326 2377 addiderunt,
1353 2300 1390 2360 ut
1418 2300 1451 2360 et
1478 2295 1523 2359 dii
1545 2295 1599 2380 pie

316 2408 491 2488 sancteque
514 2402 698 2467 colerentur
720 2408 754 2467 et
772 2402 919 2469 homines
939 2403 1042 2488 epulis
1062 2401 1202 2486 publicis
1217 2401 1493 2486 certaminumque
1509 2401 1599 2466 omni

211 2497 216 2511 ⁸
317 2532 434 2596 genere
459 2509 703 2574 delectarentur.
744 2511 854 2596 Atque
882 2511 967 2594 quod
995 2511 1131 2575 heroum
1158 2509 1366 2595 potissimum
1395 2532 1468 2574 cum
1497 2510 1598 2575 saeris

314 2617 409 2683 ludos
433 2617 678 2700 coniunxerunt,
700 2617 774 2681 inde
797 2617 922 2682 factum
945 2623 1004 2702 est,
1029 2618 1113 2701 quod
1138 2616 1188 2681 dei
1207 2639 1272 2681 non
1292 2617 1476 2681 moriuntur
1493 2638 1598 2701 neque

316 2724 465 2809 sepulcra
489 2744 600 2788 eorum
625 2728 764 2809 exstant,
786 2724 880 2789 ludos
905 2730 1022 2808 autem,
1046 2747 1120 2790 cum
1144 2724 1388 2808 antiquissimos
1412 2729 1445 2789 et
1463 2724 1599 2790 sanctis-

316 2830 417 2895 simos
444 2829 596 2894 funebres
624 2829 724 2894 fuisse
753 2831 815 2895 sibi
843 2832 1094 2916 persuasissent,
1127 2853 1227 2917 prope
1258 2831 1401 2896 tumulos
1431 2835 1464 2895 et
1490 2829 1598 2916 sepul-

315 2937 416 3001 cralia
429 2941 641 3001 monumenta
655 2958 751 3022 agere
766 2937 923 3003 solebant.
956 2938 1110 3023 Inprimis
1129 2960 1205 3004 vero
1225 2943 1316 3003 sexto
1336 2937 1465 3004 saeculo
1480 2960 1508 3002 a.
1523 2934 1597 3003 Chr.

315 3044 445 3128 tyranni
469 3041 654 3109 Clisthenes
679 3042 850 3128 Sicyonius
879 3050 912 3109 et
934 3044 1109 3110 Periander
1132 3046 1321 3111 Corinthius
1349 3051 1382 3111 et
1404 3045 1597 3111 Pisistratus

314 3149 525 3215 Atheniensis
543 3151 693 3215 ludorum
708 3151 770 3216 hoc
785 3151 929 3216 studium
943 3152 1064 3218 fovisse
1084 3158 1117 3218 et
1136 3175 1301 3218 sacrorum
1321 3153 1597 3235 certaminumque

315 3257 486 3341 splendore
514 3257 633 3322 civium
661 3257 786 3322 animos
815 3258 878 3323 sibi
902 3259 1084 3325 devinxisse
1107 3258 1298 3346 videntur.³)
1348 3259 1388 3324 In
1410 3258 1597 3324 adornando

316 3368 425 3428 autem
444 3364 506 3429 hoc
523 3386 608 3428 novo
628 3385 745 3449 genere
763 3364 914 3430 ludorum
933 3366 1073 3452 vestigia
1091 3371 1236 3432 veterum
1254 3367 1417 3452 legebant.
1448 3365 1597 3450 Namque

316 3471 402 3554 quod
429 3471 543 3556 primis
573 3470 687 3535 diebus
721 3493 814 3537 sacra
845 3473 906 3537 diis
939 3473 1103 3538 faciebant
1135 3478 1168 3537 et
1199 3473 1302 3537 finitis
1334 3474 1463 3537 demum
1496 3471 1598 3537 sacris

315 3576 442 3642 animos
465 3577 635 3642 homiuum
662 3577 747 3643 ludis
776 3579 1014 3664 exhilarabant,
1043 3579 1105 3644 hoc
1134 3602 1172 3644 ex
1199 3578 1361 3643 institutis
1389 3582 1535 3642 veterum
1564 3582 1598 3642 et

315 3685 578 3770 concaptivorum
602 3685 752 3749 ludorum
775 3692 952 3752 traxerunt.
994 3686 1158 3752 Nimirum
1181 3686 1216 3749 in
1238 3685 1290 3750 his
1314 3705 1443 3768 quoque
1473 3683 1598 3768 pietate

314 3789 484 3856 hominum
507 3797 541 3857 et
564 3792 698 3877 antiquo
721 3816 783 3858 usu
807 3794 968 3859 sancitum
991 3797 1074 3877 erat,
1105 3797 1142 3857 ut
1164 3791 1353 3875 priusquam
1377 3790 1418 3855 ad
1445 3789 1597 3854 ludorum

315 3897 516 3964 hilaritatem
544 3900 788 3986 descenderent,
819 3905 915 3967 antea
942 3902 1019 3967 deos
1048 3905 1081 3966 et
1109 3921 1219 3965 manes
1247 3902 1451 3963 mortuorum
1479 3896 1597 3962 hostiis

316 4004 453 4090 aliisque
472 4006 639 4072 sacrificiis
659 4007 833 4092 placarent.
871 4006 1113 4092 Olympicarum
1133 4007 1263 4091 quidem
1281 4005 1436 4071 feriarum
1454 4004 1597 4089 quinque

316 4111 383 4177 dies
408 4113 570 4197 quomodo
593 4114 679 4179 inter
702 4137 795 4179 saera
818 4114 858 4179 ad
882 4136 954 4179 aras
978 4114 1112 4179 deorum
1134 4114 1283 4180 facienda
1306 4118 1339 4178 et
1361 4113 1451 4177 varia
1478 4133 1598 4197 genera

316 4219 530 4283 certaminum
553 4219 721 4285 distributi
744 4221 867 4286 fuerint
890 4242 1086 4306 quamquam
1110 4243 1177 4285 non
1200 4221 1288 4286 omni
1312 4242 1351 4284 ex
1374 4224 1467 4304 parte
1491 4220 1598 4304 exple

315 4329 423 4390 ratum
446 4331 509 4410 est,
532 4328 594 4393 hoo
617 4332 727 4392 tamen
750 4333 893 4411 constat,
923 4350 1015 4393 sacra
1038 4328 1189 4392 ludorum
1217 4349 1291 4392 curn
1318 4325 1469 4390 ludorum
1497 4331 1598 4392 certa-

407 4521 434 4587 1)
452 4536 478 4572 v.
488 4519 613 4590 Xenoph.
629 4520 713 4576 anab.
727 4540 756 4574 rr
766 4527 790 4584 8,
801 4526 848 4588 so;
868 4520 903 4578 cf.
914 4520 1023 4575 Arrian.
1039 4522 1122 4575 anab.
1133 4540 1171 4575 vn
1183 4527 1224 4588 14,
1236 4527 1259 4574 1.
1292 4519 1333 4574 De
1348 4520 1464 4576 Soteriis
1479 4517 1596 4590 Delphis

316 4588 495 4673 postnGallos
514 4590 604 4646 victos
623 4596 653 4647 et
670 4592 706 4646 de
724 4591 799 4646 ludis
817 4591 941 4647 Actiacis
962 4595 1027 4662 post
1049 4592 1196 4646 victoriam
1220 4592 1296 4662 apud
1318 4591 1433 4646 Actium
1455 4590 1596 4645 institutis

317 4664 540 4803 ommamuqtppm
560 4734 586 4788 d
605 4733 674 4816 ling.
693 4733 743 4789 lat.
764 4741 860 4816 v126.¹

406 4810 433 4875 3)
452 4823 477 4861 v.
488 4805 564 4874 Bury
573 4824 603 4859 m
613 4806 736 4861 editione
746 4806 862 4860 Pindari
872 4806 1048 4876 Nemeorum,
1062 4806 1266 4874 London1890,
1281 4806 1436 4877 appendD
1449 4824 1476 4875 p.
1485 4810 1596 4861 tussa:

317 4874 467 4948 Origines
482 4875 530 4931 the
549 4882 631 4948 great
648 4894 754 4950 gemes.
