3442 5550
295 429 396 483 axxn
741 404 747 414 '
799 427 1078 480 Paoaaaounun.

295 594 458 679 pullorum
488 592 670 678 quadrigis,
701 590 795 675 Pyth.
816 592 856 655 61
887 589 1055 674 pancratio
1083 610 1270 673 puerorum,
1301 587 1396 672 Pyth.
1416 589 1459 653 62
1487 584 1579 672 pullo

301 702 412 785 celete,
435 699 528 783 Pyth.
547 701 589 764 cu
612 698 777 784 pullorum
800 698 885 783 biga.

386 806 518 872 Nemeis
549 810 582 869 et
611 804 759 869 Isthmiis
793 827 875 889 quae
908 824 1026 889 genera
1056 802 1270 868 certaminum
1301 801 1424 867 luerint
1453 805 1486 866 et
1516 823 1580 885 quo

297 915 445 998 quodque
474 934 559 977 anno
589 912 778 976 inst'tutum
806 911 862 994 sit,
895 933 961 975 non
989 932 1089 993 aeque
1120 910 1294 975 memoriae
1325 909 1490 994 proditum
1521 914 1582 994 est,

295 1021 360 1085 nisi
380 1020 465 1104 quod
485 1018 617 1084 Nemeis
637 1018 715 1083 solis
735 1018 900 1104 quadrigis
925 1015 1085 1105 (ἅρματι),
1108 1041 1174 1082 non
1198 1017 1297 1082 etiam
1321 1016 1398 1103 biga
1421 1022 1454 1083 et
1478 1016 1580 1082 celete

297 1132 458 1194 certatum
481 1149 552 1192 esse
580 1125 705 1296 schppia
727 1125 857 1191 Pindari
881 1150 910 1210 p.
926 1126 992 1190 424
1015 1126 1162 1208 tradunt,
1190 1130 1223 1190 et
1250 1123 1493 1210 quinquertium
1517 1123 1581 1189 Ne

296 1235 407 1301 mesae
427 1235 469 1299 53
496 1265 536 1286 =
562 1192 648 1297 ott
673 1234 721 1316 ,4
748 1233 938 1298 institutum
966 1254 1036 1298 esse
1065 1234 1101 1297 a
1129 1232 1260 1298 senous
1289 1233 1329 1297 aa
1353 1231 1392 1296 s.
1408 1249 1457 1295 vu
1484 1231 1580 1298 inser.

296 1341 471 1408 memoriae
498 1339 664 1425 proditum
693 1344 751 1405 est.
796 1341 905 1405 Etiam
932 1340 1110 1405 incertiora
1137 1345 1285 1424 tempora
1312 1339 1511 1423 reliquorum
1534 1339 1581 1402 lu-

296 1450 411 1514 dorum
444 1452 533 1534 sunt,
565 1446 644 1512 solis
677 1448 715 1512 de
744 1448 975 1513 certaminibus
1004 1448 1304 1541 Ptfflathmaffllum
1330 1445 1580 1512 Atheniensium

296 1555 518 1641 plenissimam
538 1555 690 1620 notitiam
708 1555 871 1639 lapidibus
891 1556 1055 1641 debemus,
1077 1578 1151 1620 cum
1175 1555 1246 1619 aliis
1271 1560 1341 1618 tum
1365 1553 1487 1619 tabulis
1506 1554 1582 1618 dua

297 1663 358 1727 bus
380 1661 569 1726 marmoreis
588 1661 709 1728 saeculi
727 1662 836 1745 quarti
851 1661 932 1727 ClA.
944 1663 1044 1728 11365
1060 1694 1102 1716 =
1117 1660 1361 1747 Dittenbergeri
1377 1660 1449 1746 syll.
1464 1683 1493 1725 n.
1507 1662 1581 1727 395.

298 1770 405 1852 Atque
429 1769 619 1854 principalis
643 1775 675 1833 et
699 1769 928 1854 antiquissima
949 1792 1025 1854 pars
1048 1769 1166 1833 horum
1189 1768 1339 1833 ludorum
1364 1767 1503 1832 musicas
1527 1790 1579 1832 res

298 1876 564 1961 amplectebatur,
588 1880 692 1941 artem
716 1876 788 1941 dico
812 1877 1062 1961 rhapsoderum,
1087 1876 1358 1960 citharoedorum,
1381 1874 1584 1958 salodorum,

296 1982 477 2064 fidicinum,
505 1982 685 2047 tibicinum.
732 1981 817 2047 Nam
842 1981 973 2048 Solonis
998 1983 1127 2068 quidem
1157 1988 1264 2047 aetate
1292 1983 1459 2047 nulladum
1490 1986 1583 2046 erant

300 2089 452 2177 gymnica
470 2091 521 2154 rel
541 2089 705 2173 equestria
729 2090 916 2174 certamina,
939 2112 1021 2174 quae
1041 2089 1237 2174 sifuissent,
1258 2087 1427 2175 legislator
1447 2088 1585 2173 pruden-

298 2198 445 2263 tissimus
473 2217 541 2260 non
569 2196 675 2261 solum
699 2194 858 2281 Olympiis
887 2201 920 2261 et
948 2194 1109 2280 Isthmiis,
1139 2196 1195 2259 sed
1223 2195 1323 2260 etiam
1346 2194 1584 2260 Panathenaeis

298 2304 460 2371 victorum
483 2304 628 2388 praemia
651 2303 832 2368 statuisset.
869 2302 1001 2368 Pindari
1024 2307 1134 2367 autem
1153 2301 1357 2387 temporibus
1376 2301 1442 2367 iam
1462 2324 1583 2388 magno

297 2411 333 2475 in
360 2411 483 2475 honore
511 2414 604 2474 erant
632 2409 803 2475 multifarii
829 2410 898 2508 ludi
921 2409 1137 2475 Athenienses
1166 2414 1199 2473 et
1227 2410 1402 2494 amphorae
1425 2409 1586 2474 Panathe-

297 2516 419 2581 naicae.
466 2515 579 2601 Neque
607 2515 683 2581 ullis
711 2516 797 2581 ludis
825 2516 920 2602 plura
950 2517 1164 2582 certaminum
1192 2537 1312 2601 genera
1334 2521 1442 2601 eraut,
1474 2538 1585 2601 quam·

299 2646 397 2708 quam
416 2622 520 2687 maior
543 2644 655 2687 eorum
675 2646 749 2707 pars
774 2624 814 2687 ad
833 2623 966 2688 Pindari
990 2624 1169 2689 carminum
1192 2623 1405 2707 interpretem
1428 2623 1510 2688 nihil
1534 2627 1584 2688 at-

299 2730 391 2795 tinet.
430 2729 589 2814 Gymnica
608 2731 737 2813 quidem
758 2730 937 2795 certamina
954 2730 1256 2796 Panathenaeorum
1276 2728 1368 2794 eraut
1386 2752 1503 2795 novem
1521 2730 1584 2797 hoe

300 2837 411 2902 ordine
436 2859 505 2901 sese
530 2837 738 2922 excipientia:
764 2839 909 2922 ὁόλιχος,
932 2838 1080 2921 στάδιον,
1104 2840 1256 2921 δίαυλος,
1279 2836 1439 2924 ἵππιος,1)
1467 2836 1585 2902 πέντα-

299 2949 396 3027 θλον,
420 2944 516 3027 πάλη,
540 2945 662 3028 πυγμή,
685 2944 899 3027 παγκράτιον,
918 2943 1063 3027 ὁπλίτης,
1082 2967 1145 3030 quo
1165 2967 1203 3009 ex
1224 2945 1334 3009 ordine
1348 2943 1433 3029 Aug.
1448 2944 1584 3011 Momm-

301 3051 423 3137 senius,
452 3051 666 3137 Heortologie
694 3076 723 3136 p.
746 3052 809 3115 145
847 3051 1010 3136 sagaciter
1044 3052 1177 3137 collegit
1209 3053 1325 3116 ἵππιον
1357 3051 1484 3136 δρόμον
1516 3052 1584 3117 sive

301 3181 430 3224 cursum
460 3164 600 3242 quatuor
629 3158 808 3223 stadiorum
836 3163 869 3222 et
899 3157 1038 3241 ὁπλίτην
1066 3159 1191 3243 δρόμον
1223 3160 1291 3224 sire
1324 3162 1486 3224 armatum
1514 3181 1584 3223 cur-

302 3288 383 3350 sum,
407 3276 490 3331 cum'
504 3265 621 3329 ultimo
645 3265 718 3329 loco
742 3265 795 3329 hic
819 3264 964 3329 omnium
988 3266 1210 3348 certaminum,
1236 3264 1290 3330 ille
1314 3288 1410 3331 cursu
1434 3266 1584 3331 certami-

301 3395 378 3438 num
397 3372 575 3437 collocatus
591 3375 684 3454 esset,
703 3375 779 3455 post
798 3370 924 3455 reliqua
943 3376 1067 3455 septem
1087 3373 1265 3437 certamina
1282 3372 1454 3437 institutos
1471 3368 1584 3459 esse.²)

300 3478 512 3563 Equestrium
532 3500 608 3541 vero
628 3477 841 3542 certaminum
864 3479 1073 3563 praecipuum
1091 3479 1156 3543 fuit
1179 3479 1348 3563 cleopatrae
1371 3477 1426 3543 καὶ
1448 3480 1585 3562 ἡνίοχον

302 3585 546 3671 ε’μβιβάζοντος,
580 3607 643 3668 quo
672 3584 848 3649 certamine
876 3589 1021 3649 armatus
1045 3586 1186 3669 epebata
1216 3586 1250 3649 in
1280 3584 1386 3650 medio
1417 3607 1514 3649 cursu
1545 3586 1584 3650 de

302 3692 380 3778 biga
404 3692 575 3757 desiliebat
598 3696 631 3755 et
655 3692 811 3756 currendo
836 3691 945 3776 bigam
970 3690 1011 3755 ab
1035 3692 1149 3776 auriga
1172 3697 1294 3756 rectam
1318 3692 1488 3775 aequabat.

388 3800 573 3882 'Postquam
596 3797 687 3861 varia
716 3798 893 3862 certamine
920 3797 1167 3882 praecipuorum
1196 3798 1346 3863 ludorum
1375 3798 1586 3884 perlustravi-

304 3927 387 3989 mus,
409 3906 521 3990 paucis
546 3927 705 3989 exponere
727 3904 828 3989 iurat,
851 3926 933 3988 quae
956 3904 991 3967 in
1015 3926 1134 3990 genera
1156 3904 1214 3970 illa
1236 3905 1465 3991 comprehendi
1488 3906 1588 3971 solita

304 4012 378 4075 sint.
421 4011 495 4075 Duo
519 4012 621 4096 igitur
645 4034 763 4098 genera
786 4011 999 4076 certaminum
1022 4011 1121 4099 vulgo
1146 4013 1439 4100 distinguebantur,
1462 4012 1587 4098 gymni-

305 4140 379 4183 cum
399 4117 504 4203 (ayov
524 4118 697 4205 γυμνικός)
721 4123 754 4183 et
777 4123 926 4202 equestre
951 4115 1057 4204 (ἀγὼν
1072 4117 1265 4208 ίππικός);3)
1290 4142 1427 4204 quorum
1448 4120 1586 4185 duorum

305 4245 460 4309 generum
484 4226 580 4311 longe
604 4225 900 4310 splendidissimum
919 4231 1068 4309 equestre
1087 4226 1159 4310 fuit,
1184 4228 1266 4292 unde
1291 4227 1321 4291 ei
1345 4226 1498 4312 mythicis
1521 4226 1589 4310 qui·

305 4332 377 4396 dem
401 4330 603 4416 temporibus
630 4332 756 4417 primus
778 4331 869 4396 locus
896 4332 1134 4417 assignabatur.
1181 4333 1253 4398 Hoc
1281 4337 1390 4398 autem
1418 4334 1588 4418 proprium

306 4466 312 4471 .
328 4466 477 4473 ..—..—-.
498 4467 511 4473 ,-

305 4594 355 4648 fall
395 4526 420 4591 1)
446 4520 579 4592 ἐφίππιος
607 4541 680 4595 agon
706 4524 809 4578 dicitur
834 4542 851 4577 a
875 4524 991 4580 Platone
1016 4526 1088 4597 legg.
1109 4545 1157 4579 vm
1181 4545 1207 4595 p.
1224 4532 1276 4579 333
1291 4527 1327 4594 B,
1351 4525 1531 4581 librariorum
1559 4526 1588 4580 ni

307 4737 312 4747 ι
344 4610 514 4750 ,oralrrvoide
544 4670 639 4721 tamen
667 4667 701 4721 de
731 4667 817 4721 simili
844 4667 999 4722 mutatione
1033 4668 1139 4722 ordinis
1168 4668 1352 4722 certaminum
1379 4669 1589 4739 Olympicorum

305 4741 378 4790 mm
394 4758 424 4860 'll
440 4756 593 4863 hxxlldrod
608 4828 635 4861 vr
654 4815 695 4863 33.
734 4810 806 4863 Plat.
825 4810 962 4877 leggvru
985 4829 1011 4881 p.
1028 4816 1087 4866 833.
1122 4812 1236 4865 Pausv
1257 4820 1285 4869 3,
1306 4818 1330 4866 3.
1364 4812 1456 4867 Strab.
1477 4818 1585 4864 111155.

305 4880 392 4936 schol.
407 4879 488 4933 Pind.
508 4900 534 4949 p.
548 4887 608 4934 4⁸25.
