3442 5550
746 383 894 434 PINDARI
913 383 1080 435 EPINICIA.

408 565 442 613 oo
487 549 546 612 τὸν
570 545 634 611 αιέὶ
656 568 765 631 μενοι·
776 555 845 610 νῶν
868 550 1013 627 κεφαλάς
1034 546 1149 627 βαλεῖν

531 653 742 739 εὐφροσύνας
765 651 891 716 ἀλᾶται.

489 904 554 985 ἔχει
577 898 609 964 δ’
635 899 807 985 ἀπάλαμον
830 903 907 984 βίον

535 1016 655 1073 τοῦτον
678 1006 943 1092 ἐμπεδόμοχθον,

490 1116 570 1200 μετά
593 1125 696 1200 τριῶν
718 1112 831 1200 τέταρ-

535 1245 594 1285 τον
616 1223 737 1302 πόνον,
761 1220 941 1286 ἀθανάτων
964 1221 1014 1286 ὅτι
1038 1218 1173 1297 κλέψαις

490 1327 637 1393 ἁλίκεσσι
660 1330 843 1412 συμπόταις

489 1432 608 1519 νέκταρ
632 1433 817 1519 ἀμβροσίαν
840 1456 874 1498 τε

493 1541 612 1623 δῶκεν,
636 1531 686 1616 οἷς
708 1564 764 1605 νιν
786 1541 935 1623 ἄφθιτον

490 1645 627 1712 θέσσαν.
674 1648 705 1712 εί
726 1643 763 1710 δὲ
785 1647 869 1711 θεὸν
892 1644 976 1732 ἀνήρ
1000 1669 1050 1722 τις

536 1756 665 1818 ἔλπεται
688 1751 871 1837 λελαθέμεν
895 1756 945 1838 ἔρ·
970 1753 1055 1836 διον,
1078 1752 1266 1838 ἁμαρτάνει.

491 1861 630 1924 τούνεκα
652 1869 803 1945 προῆκαν
825 1860 901 1924 υἱὸν
924 1858 1177 1925 ἀθάνατοί-λοι
1200 1859 1301 1924 πάλιν
1383 1877 1431 1924 lon

491 1966 571 2051 μετά
594 1967 631 2030 τὸ
654 1967 864 2050 ταχύποτμον
888 1961 982 2042 αὖτις
1004 1964 1134 2052 ἀνέρων
1157 1968 1267 2042 ἔθνος.

491 2072 574 2159 πρὸς
597 2072 785 2157 εὐάνθεμον
808 2071 841 2137 δ’
867 2074 920 2138 ὅτε
943 2073 1036 2157 φυάν

416 2196 449 2244 το
494 2179 611 2262 λάχναι
635 2204 690 2244 νιν
712 2178 814 2263 μέλαν
836 2178 966 2261 γένειον
990 2183 1126 2265 ἔρεφον,

494 2283 626 2369 ἑτοῖμον
649 2286 888 2371 ἀνεφρόντισεν
911 2286 1034 2372 γάμον,

1196 2444 1279 2511 'Ave
1303 2446 1346 2529 γ’.

495 2534 625 2599 Πισάτα
648 2538 737 2618 παρά
759 2538 883 2620 πατρὸς
906 2537 957 2601 εύ-

540 2639 638 2717 δοξου
657 2639 890 2726 Ἱπποδάμειαν

495 2745 664 2831 σχεθέμεν.
710 2747 808 2831 ἐγγὺς
831 2747 881 2813 έλ-

539 2855 614 2918 θὼν
636 2859 754 2930 πολιᾶς
776 2853 854 2931 ἀλὸς
877 2849 948 2931 οἷος
971 2853 1007 2919 ἐν
1030 2857 1140 2941 ὄρφνᾳ
1385 2872 1433 2920 116

355 3053 397 3103 60,
417 3048 462 3102 ἀεὶ
477 3048 573 3114 AOD,
593 3046 677 3101 etsie
692 3046 796 3117 passim
812 3046 901 3114 codd,
921 3048 997 3117 quod
1011 3065 1067 3101 non
1081 3046 1138 3101 inm
1153 3047 1274 3102 enotabo
1294 3078 1328 3086 -
1349 3053 1389 3100 61.
1409 3046 1561 3117 ἀπάλαμον

282 3120 365 3190 Bon:
385 3118 552 3188 ἀπάλαμνον
571 3118 661 3173 AOD
687 3151 718 3159 —
743 3123 785 3172 63.
804 3115 847 3182 οἷς
865 3140 911 3174 νιν
930 3119 1000 3174 coni.
1020 3120 1057 3173 M.
1078 3118 1219 3174 Schmidt:
1239 3114 1311 3172 οἶσιν
1330 3119 1406 3187 ΔΙ),
1425 3114 1467 3179 οἷς
1487 3120 1510 3173 0
1527 3151 1558 3158 —

284 3195 325 3244 66.
344 3189 452 3245 θέσσαν
471 3192 555 3261 Βμκ.;
578 3188 669 3244 θέσαν
688 3191 774 3244 αὐτὸν
793 3190 896 3257 nol),
914 3189 969 3244 θέν
988 3211 1034 3244 νιν
1052 3190 1220 3256 Mommsen;
1240 3189 1273 3242 of.
1294 3189 1329 3244 N.
1344 3207 1361 3242 v
1375 3207 1401 3243 ιο
1420 3188 1560 3244 θέσσαντο

282 3294 317 3301 -
336 3259 490 3330 λελαθέμεν
509 3261 676 3316 Mommsen:
703 3260 827 3330 λαθέμεν
845 3262 912 3330 ΑΟ,
932 3259 1086 3331 ληθέμεναι
1104 3260 1142 3328 D,
1161 3281 1187 3314 τι
1206 3257 1324 3330 λασέμεν
1342 3262 1424 3331 Βμτ.;
1451 3260 1515 3314 fort.
1534 3281 1561 3314 τι

282 3329 364 3388 Hirr.
384 3329 540 3402 λελαθέμεν
559 3365 591 3373 -
612 3337 654 3387 67.
675 3331 704 3386 οἴ
720 3332 795 3401 quod
814 3331 843 3385 in
861 3336 930 3387 vett.
949 3332 1029 3387 codd.
1049 3335 1114 3401 post
1132 3332 1252 3386 τούνεκα
1271 3330 1383 3401 legitur,
1401 3334 1467 3421 post
1485 3330 1560 3385 ἀθά-

284 3421 364 3457 νατοι
383 3407 519 3473 transpos.
540 3403 623 3458 Tricl.
652 3435 684 3443 -
715 3409 757 3457 68.
786 3400 915 3468 αὖθιςθ
941 3436 972 3444 -
1002 3410 1043 3458 69.
1071 3402 1098 3458 δ’
1120 3420 1166 3456 om
1186 3404 1224 3458 0¹
1253 3435 1286 3443 -
1316 3408 1357 3457 70.
1382 3407 1483 3472 λαχναι
1501 3423 1560 3458 νινε

285 3472 385 3545 λάχνιν
404 3474 433 3529 D
452 3506 484 3515 ·-
506 3481 547 3530 73.
568 3474 648 3545 ἐγγύς
666 3474 772 3545 Bergkr
792 3475 872 3545 ἐγγὺς
890 3473 918 3529 δ’
939 3475 1061 3531 ABOD
1078 3479 1108 3529 et
1126 3474 1221 3543 schol,
1241 3473 1306 3543 ἀγχι
1324 3472 1351 3528 δ’
1369 3474 1471 3546 RBye.
1492 3505 1523 3514 -

285 3633 414 3671 amovere
437 3617 544 3689 (βαλεῖν
563 3643 596 3662 =
615 3617 778 3690 ἀποβαλεῖν,
802 3618 836 3672 cf.
862 3618 892 3672 O.
912 3636 961 3670 vm
979 3619 1015 3683 ιο)
1039 3613 1184 3684 moliatur,
1208 3616 1324 3671 Pindari
1347 3616 1469 3686 vestigia
1491 3617 1562 3688 legit

284 3687 433 3758 Euripides
453 3687 542 3743 Orest.
557 3704 577 3743 ο.
598 3721 630 3729 -
655 3694 696 3743 62.
718 3687 817 3744 schol:
837 3686 912 3757 ἢότι
931 3688 961 3742 έν
980 3684 1051 3763 ᾅδου
1070 3687 1139 3756 μετὰ
1158 3697 1243 3755 τριῶν
1261 3686 1390 3756 τέταρτος
1408 3687 1562 3758 κολάζεται,

284 3759 415 3828 Σισύφου
434 3763 537 3815 Τιτυοῦ
554 3758 675 3826 Ἰξίονος,
695 3757 711 3828 ἢ
731 3758 773 3814 ὅτι
792 3760 860 3830 μετὰ
879 3769 970 3828 τριῶν,
989 3767 1159 3828 vocacione
1178 3762 1267 3829 διψῆν
1287 3758 1409 3823 ἑστάναι,
1428 3756 1561 3828 τέταρτον

284 3827 374 3884 πόνον
392 3839 493 3885 τοῦτον
512 3830 568 3912 ἔχει
587 3830 618 3884 τὸ
636 3836 673 3902 τῷ
690 3834 761 3904 λίθῳ
781 3830 957 3897 κολάζεσθαι.
984 3831 1111 3885 Alteram
1129 3830 1344 3900 explicationem
1363 3829 1412 3899 qui
1430 3830 1562 3901 probant,

286 3899 468 3955 obscuritatis
487 3901 557 3956 vitro
576 3902 669 3955 locum
687 3905 829 3972 premunt,
849 3920 915 3956 nem
935 3919 998 3956 oum
1015 3904 1100 3972 poeta
1119 3901 1167 3971 qui
1188 3906 1245 3956 tres
1264 3901 1307 3955 illi
1322 3901 1433 3956 labores
1448 3901 1561 3971 fuerint,

285 3988 341 4026 non
361 3972 476 4041 dixerit,
495 3972 550 4043 ipsi
567 3972 598 4027 in
616 3972 807 4027 diversissima
831 3973 987 4028 discedunt.
1025 3971 1128 4027 Contra
1151 3977 1250 4044 operta
1268 3975 1312 4027 est
1330 3972 1378 4026 vis
1395 3971 1496 4043 prioris
1515 3989 1562 4027 ex-

284 4042 460 4114 plicationis,
487 4061 571 4113 quam
595 4047 644 4114 qui
666 4043 874 4114 ingrediuntur,
898 4061 956 4098 non
983 4046 1027 4098 est
1054 4060 1102 4097 our
1130 4061 1192 4098 cum
1220 4043 1335 4098 Pnuwio
1358 4042 1489 4112 τέταρτος
1510 4062 1562 4126 pro

284 4112 418 4185 τέταρτον
437 4115 608 4186 interpolent
627 4148 658 4155 -
679 4121 721 4171 63.
741 4113 864 4171 ἁλίκεσσι
878 4112 1039 4185 συμπόταις,
1054 4114 1103 4182 qui
1117 4115 1249 4169 contrarii
1264 4118 1345 4169 erant
1362 4115 1417 4168 diis
1436 4115 1563 4170 convivis

286 4218 319 4227 —-
343 4192 386 4241 66.
410 4186 530 4255 θέσσαν,
555 4186 740 4253 immortalem
764 4186 854 4241 forme
877 4186 955 4242 verbi
979 4203 1013 4240 ex
1036 4185 1109 4239 falsa
1132 4187 1265 4257 analogia
1290 4185 1366 4240 vorbi
1392 4185 1477 4240 ἔσσαν
1496 4188 1564 4242 ficta

286 4261 341 4324 est3
366 4257 400 4311 de
424 4258 567 4312 ambrosia
589 4261 618 4312 et
640 4261 754 4312 nectare
773 4257 1015 4313 immortalitatem
1034 4255 1261 4326 impertientibus
1280 4257 1375 4312 confer
1393 4257 1508 4312 Theoor.
1528 4274 1564 4327 ιτ,

287 4345 332 4384 roo.
362 4327 442 4383 Ovid.
462 4333 528 4383 met.
549 4346 582 4398 ιι,
601 4346 640 4385 σοι
670 4360 701 4369 -
730 4335 763 4383 67
784 4348 804 4383 s.
834 4329 980 4384 ἀθάνατοι
1003 4332 1032 4384 et
1054 4329 1177 4399 ταχύποτ
1199 4349 1232 4384 ον
1255 4327 1364 4398 ἀνέρων
1388 4328 1474 4393 ἔθνος
1496 4345 1564 4385 oon-

285 4398 403 4453 lrnriam
422 4399 478 4453 vim
498 4400 604 4456 habent
623 4433 655 4440 —
676 4405 718 4455 70.
738 4400 824 4470 μέλαν
842 4400 996 4482 proleptice
1015 4401 1160 4454 demerito
1179 4350 1312 4472 imagine
1332 4399 1412 4471 nigro
1432 4399 1508 4455 fecto
1528 4433 1563 4442 —

288 4476 328 4525 71.
349 4467 474 4540 ἕτοιμον,
498 4471 527 4524 in
547 4489 602 4540 quo
622 4471 758 4526 vocabulo
778 4471 944 4541 explicando
963 4471 1032 4526 mire
1051 4474 1159 4525 veteres
1189 4475 1218 4525 et
1244 4475 1369 4526 recentes
1396 4471 1564 4541 interpretes

285 4541 430 4611 laborent,
454 4542 491 4596 ad
514 4543 692 4612 pubertatem
710 4544 832 4612 spectat,
856 4560 940 4610 qnam
959 4543 1056 4612 Pelopi
1081 4544 1209 4597 assecuto
1234 4546 1349 4612 parntes
1368 4559 1429 4597 esso
1448 4541 1564 4612 nuptias

286 4612 367 4683 dixit,
386 4612 489 4683 quibus
508 4613 563 4668 sibi
581 4613 799 4684 Hippodamiam
818 4612 947 4683 iungeret
968 4647 998 4654 -
1020 4620 1052 4667 72
1068 4631 1102 4668 ss.
1122 4612 1243 4668 similem
1262 4613 1388 4668 fabulam
1405 4614 1441 4668 de
1454 4613 1564 4684 virgine

286 4684 346 4741 filie
364 4684 400 4740 ab
420 4687 529 4740 Antaeo
547 4689 629 4756 patre
647 4683 771 4755 proemio
791 4684 951 4738 certaminis
975 4684 1120 4756 proposito
1140 4687 1227 4755 poete
1249 4684 1334 4739 refert
1357 4685 1563 4752 P.1x1oess.;

287 4758 409 4812 conferre
438 4773 549 4825 quoque
577 4757 657 4810 iuvat
685 4755 813 4810 fabulam
836 4755 1002 4825 Atalantae,
1032 4772 1104 4825 quae
1133 4773 1195 4810 curn
1223 4755 1326 4809 multos
1353 4773 1453 4825 procos
1481 4773 1563 4811 cursu

289 4830 433 4896 superatos
451 4832 593 4898 necasset,
612 4827 781 4882 Melanionis
800 4827 866 4880 dolo
883 4827 961 4881 victo
977 4830 1027 4883 est.
1049 4859 1079 4867 -
1102 4833 1143 4882 73.
1164 4826 1269 4881 similis
1288 4828 1323 4881 de
1342 4828 1419 4883 Iamo
1439 4827 1563 4897 Neptuni
