3442 5550
722 378 853 429 ΡΥΤΗΙΑ
871 379 893 430 Ι.

256 535 468 621 ἐστρατεύθη.
514 538 578 601 σὺν
601 537 622 600 d
629 536 638 564 '
662 537 789 625 ἀνάγκᾳ
811 563 867 603 νιν
889 542 991 622 φίλον

256 647 314 709 καί
333 669 383 721 τις
406 645 470 709 ἐὼν
492 645 632 729 μεγαλά-

298 775 367 837 νωρ
391 754 515 816 ἔσανεν.
562 749 664 836 φαντὶ
688 749 724 816 dl
749 754 928 837 Λαμνόθεν
951 752 1037 818 ἕλκει

298 861 490 944 τειρόμενον
512 859 671 942 μετανάσ-
685 876 805 935 σοντας
828 858 942 925 ἐλθεῖν

255 1037 364 1122 Ιἥρωας
387 1034 566 1113 ἀντιθέους
590 1040 756 1114 Ποίαντος
778 1038 855 1103 υίὸν
878 1037 1027 1115 τοξόταν·
1225 1039 1292 1107 Ἐπ.
1316 1042 1362 1126 γ’.

254 1142 290 1219 ὃς
314 1144 480 1227 Πριάμοιο
503 1146 602 1208 πόλιν
624 1141 753 1230 πέρσεν,
776 1144 971 1209 τελεύτασέν
993 1169 1026 1209 τε
1049 1150 1174 1224 πόνους
1196 1154 1353 1231 Δαναοῖς,
1392 1167 1442 1214 105

254 1249 392 1315 ἀσθενεῖ
412 1246 473 1334 μέν
495 1249 596 1335 χρωτὶ
620 1253 762 1334 βαίνων,
785 1250 869 1316 άλλά
891 1252 1074 1337 μοι-ρίδιον
1096 1248 1147 1336 ἦν.

253 1356 339 1421 οὕτω
364 1354 396 1420 θ’
417 1353 542 1442 Ἱέρωνι
565 1359 645 1440 &aba
667 1357 823 1443 ὀρθωτὴρ
846 1355 938 1422 πέλοι

253 1463 312 1527 τὸν
334 1462 563 1547 προσέρποντα
587 1466 724 1548 χρόνον,
748 1458 796 1528 ὧν
819 1466 931 1548 ἔραται
954 1465 1071 1550 καιρὸν
1095 1465 1219 1542 διδούς.
1390 1485 1441 1532 11ο

254 1573 383 1653 Μοῖσα,
407 1569 461 1635 καὶ
484 1592 550 1655 παρ
574 1568 768 1655 Δεινομένει
791 1572 969 1655 κελαδῆσαι

206 1702 211 1709 ·
251 1680 351 1741 πίθεό
374 1701 429 1761 μοι
453 1679 575 1742 ποινάν
597 1680 800 1762 τεθρίππων.

296 1785 403 1869 χάρμα
426 1781 458 1848 ‹l'
483 1784 545 1848 οὐκ
569 1782 745 1869 ἀλλότριον
767 1788 947 1869 νικαφορία
970 1784 1119 1870 πατέρος,

163 1906 197 1953 co
253 1888 303 1972 ἄγ’
331 1889 429 1956 ἔπειτ’
456 1896 582 1968 Αἴτνας
604 1894 736 1974 βασιλεῖ

296 2000 410 2081 φίλιον
434 1997 616 2082 ἐξεύρωμεν
639 1998 754 2082 ύμνον.

235 2197 275 2245 51.
300 2190 412 2261 ἀνάγκα
431 2212 479 2260 μιν
498 2189 580 2259 φίλον
601 2191 668 2247 OD:
699 2188 842 2265 ἀναγκαίᾳ
865 2188 948 2259 φίλον
972 2190 1042 2246 coni.
1063 2190 1205 2245 Hermann
1224 2209 1317 2263 opusc.
1333 2214 1371 2247 vu
1391 2212 1438 2265 ηε,

162 2260 273 2337 ἀνάγκᾳ
292 2263 329 2343 μὴ
345 2260 428 2330 φίλον
442 2262 658 2331 Rauchenstciu,
677 2260 788 2337 ἀνάγκᾳ
803 2282 849 2317 νιν
862 2260 947 2317 νόσου
961 2263 1116 2317 Mommsen
1135 2296 1168 2303 —
1188 2270 1229 2318 5⁶2.
1249 2264 1438 2333 μετανάσσον-

161 2354 211 2396 τας
236 2350 306 2388 com.
328 2333 485 2388 Wakefield
511 2334 547 2386 ad
574 2334 656 2403 Soph.
677 2332 748 2389 Phil.
768 2350 819 2389 soa:
845 2333 1068 2403 μεταλάσσοντας
1088 2336 1120 2402 0,
1144 2334 1381 2404 μεταλλάσσοντας
1399 2339 1437 2409 D,

161 2403 370 2477 μεταβάσοντας
392 2404 463 2460 coni.
483 2404 591 2474 Kayser
614 2436 646 2445 —
672 2411 713 2460 56,
738 2404 866 2474 όρθωτὴς
891 2406 923 2472 03
948 2405 1018 2469 θεὸς
1043 2405 1132 2475 σωτὴρ
1158 2406 1229 2462 coni.
1248 2408 1378 2480 Harlung
1403 2443 1436 2451 -

161 2481 202 2531 58.
221 2475 280 2546 πὰρ
299 2476 395 2532 Tricl:
419 2475 496 2546 παρὰ
518 2476 578 2531 0⁸⁰
590 2477 627 2545 D,
645 2478 710 2545 περὶ
730 2478 791 2531 0¹¹⁰
810 2507 844 2516 -
864 2477 1019 2559 Δεινομένη
1040 2478 1100 2533 0⁸⁰
1119 2509 1152 2516 —
1172 2482 1213 2531 59.
1233 2480 1321 2533 πίθεο
1339 2480 1436 2537 Trici:

160 2549 262 2602 πείθεο
282 2547 338 2603 01)
358 2580 387 2587 -
410 2553 451 2602 60.
476 2547 624 2618 ἐξεύρομεν
646 2548 669 2601 G
675 2548 690 2616 ¹,
715 2546 873 2617 ἐξάρχωμαι
891 2565 962 2603 com.
984 2548 1079 2602 Nabar
1097 2548 1201 2603 colluto
1221 2549 1255 2604 N.
1274 2569 1295 2603 11
1313 2569 1339 2608 τε
1358 2584 1392 2593 -

160 2691 209 2745 καλ
218 2687 322 2761 μεγάλᾳ
332 2688 474 2766 ναυμαχίᾳ
485 2691 657 2759 νικήσαντες,
666 2692 731 2754 τοὺς
740 2690 793 2761 μὲν
800 2692 962 2760 Τυρρηνούς
972 2689 1171 2759 ἐταπείνωσαν,
1180 2693 1246 2755 τοὺς
1253 2690 1284 2746 dl
1294 2691 1437 2762 Κυμαίους

160 2760 358 2830 ἠλευθέρωσαν
376 2770 431 2817 τῶν
451 2760 554 2835 φόβαν.
582 2763 649 2816 Inde
663 2762 773 2831 legatos
788 2762 957 2817 Graecorum
976 2763 1012 2816 ad
1032 2762 1221 2818 Philoctetam
1239 2764 1436 2819 arcessendum

159 2832 259 2886 missos
283 2850 346 2886 cum
365 2832 496 2887 Cumanis
519 2833 622 2903 legatis
646 2833 783 2887 auxilium
802 2837 831 2887 et
849 2833 1004 2888 amicitiam
1023 2834 1152 2888 Hieronis
1172 2834 1388 2915 implorantibus
1408 2840 1437 2890 et

159 2904 310 2958 Hieronem
320 2904 412 2973 ipsum
425 2904 493 2958 licet
507 2907 709 2973 aegrotantem,
724 2908 820 2958 tumen
833 2904 891 2956 suis
906 2904 1039 2974 auspiciis
1054 2905 1148 2959 hostes
1163 2906 1357 2960 devincentem
1372 2923 1436 2960 cum

159 2974 319 3029 Philocteta
337 2992 422 3044 aegro
441 2975 555 3029 Graecis
579 2978 646 3029 aute
664 2975 777 3029 Troiam
795 2973 990 3029 laborantibus
1009 2992 1025 3029 o
1047 2975 1168 3029 itulante
1186 2976 1332 3045 aptissime
1351 2980 1435 3046 poeta

159 3046 341 3116 comparavit.
377 3045 553 3101 scholiastae
572 3063 634 3099 cum
655 3045 831 3114 Anaxilaum,
850 3050 1000 3113 tyrannum
1019 2994 1121 3114 iihegii
1139 3049 1200 3100 tum
1219 3047 1276 3100 iam
1295 3052 1435 3101 mortuum

158 3118 203 3185 (cf.
218 3135 244 3187 p.
261 3119 318 3187 iss),
337 3117 558 3189 intellegendum
576 3135 636 3172 esse
655 3116 711 3170 sibi
729 3117 942 3187 persuasissent,
962 3118 1012 3171 hos
1027 3134 1123 3171 versus
1138 3117 1175 3170 ad
1189 3117 1280 3172 minas
1295 3117 1434 3188 Hieronis,

159 3188 261 3257 quibus
280 3188 334 3243 iste
352 3206 387 3243 ne
406 3188 501 3243 Locris
519 3188 626 3243 bellum
644 3188 760 3243 inferret
777 3187 970 3242 deterrebatur
984 3192 1019 3258 (v.
1034 3188 1064 3243 P.
1079 3208 1100 3241 n
1116 3190 1159 3257 ιο),
1178 3189 1270 3243 minua
1289 3191 1434 3245 commode

158 3259 325 3315 referebant.
346 3260 426 3325 Quod
441 3264 534 3314 autem
550 3259 592 3312 illi
608 3261 643 3314 ad
658 3277 683 3314 v.
695 3276 720 3313 uo
729 3262 776 3329 (cc)
786 3259 903 3313 tradunt
917 3257 1021 3332 φορείῳ
1036 3258 1067 3314 δὲ
1082 3257 1236 3330 φερόμενος
1251 3259 1371 3329 όἺέρων
1385 3262 1434 3316 διά

158 3331 209 3401 τὴν
228 3328 395 3401 λιθουργίαν
414 3329 614 3401 κατηγωνίζετο
632 3332 697 3394 τοὺς
717 3328 868 3397 ἐναντίους,
888 3348 943 3399 quo
961 3330 1023 3385 loco
1042 3334 1071 3385 et
1089 3337 1214 3401 tempore
1233 3332 1269 3386 ab
1289 3331 1433 3386 annalium
1479 3376 1504 3405 1,.

159 3402 341 3473 scriptoribus
357 3407 501 3456 narratum
515 3402 608 3471 suerit,
618 3402 765 3457 nescimus.
787 3401 880 3456 Aliam
895 3402 1041 3471 rationem,
1052 3405 1084 3456 ut
1092 3402 1179 3457 verba
1192 3406 1294 3473 poetae
1308 3403 1367 3458 suia
1377 3404 1433 3458 cal·
1469 3394 1473 3413 ¹
1502 3404 1505 3411 '

159 3472 230 3529 culis
248 3474 504 3556 adcommodarent,
524 3474 647 3528 inierunt
665 3472 802 3556 Bergkiue
818 3477 847 3527 et
860 3491 949 3544 nuper
962 3473 1149 3528 Schroederus
1164 3474 1263 3528 Philcl.
1278 3491 1312 3544 ss,
1328 3491 1375 3543 τκτ,
1390 3491 1433 3558 res

158 3545 1434 3687 tltbltdtttzdllatairremediabiliallztlltldllldl

159 3704 176 3741 a
189 3686 303 3747 Graecis
318 3688 457 3757 superatis
472 3688 588 3758 petitum
608 3691 754 3758 praeterea
767 3687 811 3741 liis
825 3688 918 3742 verbis
933 3688 1004 3742 alias
1019 3704 1062 3742 res
1077 3690 1259 3757 etquenam
1273 3707 1309 3742 ss.
1326 3688 1430 3759 siguifi-

158 3756 216 3811 cari
237 3759 297 3814 veri
320 3758 539 3813 dissimillimum
563 3763 607 3812 est
630 3792 662 3799 -
687 3765 721 3812 53
753 3757 858 3828 ἥρωας·
882 3776 1017 3827 quosnam
1041 3761 1127 3841 pocta
1151 3758 1323 3813 intellexerit
1347 3758 1431 3826 latet;

156 3828 275 3885 Lesches
294 3831 323 3884 in
341 3847 430 3901 parva
447 3830 536 3884 Iliade
559 3848 645 3884 unum
669 3830 832 3884 Diomedem
855 3830 969 3884 missum
996 3831 1075 3897 sec1t,
1101 3829 1249 3899 Euripides
1269 3830 1431 3885 Diomedem

157 3903 187 3955 et
211 3900 333 3969 Ulixem,
360 3902 511 3972 Sophocles
540 3901 646 3956 Ulixem
670 3904 699 3955 et
721 3901 952 3971 Neoptolemum
979 3901 1014 3956 cf.
1034 3900 1128 3956 Christ
1146 3901 1254 3956 Griech.
1269 3901 1377 3972 Lit.²p.
1394 3918 1433 3957 sce

159 4002 190 4011 —
209 3978 251 4027 tt.
271 3973 340 4036 θεὸς
358 3973 545 4042 monosyllabi
564 3972 621 4026 vim
645 3972 732 4027 habet
750 3976 782 4026 ut
800 3973 876 4043 apud
895 3973 979 4043 Soph.
993 3972 1035 4028 El.
1051 3989 1098 4028 irc.
1118 3971 1168 4026 OC
1188 3989 1227 4027 aas
1246 3973 1322 4027 etin
1341 3972 1432 4028 ionico

157 4060 236 4098 versu
255 4044 335 4112 Isylli
353 4044 470 4114 paeania
489 4044 625 4099 ἱεπαιᾶνα
643 4044 715 4098 θεὸν
733 4041 844 4098 ἀείσατε
863 4046 933 4098 λαοί.

227 4119 341 4170 68-80.
365 4118 510 4184 tamquam
533 4132 637 4170 novum
660 4132 772 4169 carmen
791 4115 820 4169 in
839 4115 972 4170 honorem
990 4115 1167 4181 Dinomenis,
1186 4114 1315 4169 Hieronis
1334 4114 1387 4169 lilii
1405 4117 1433 4168 et

156 4186 262 4241 Aetnae
281 4187 358 4241 urbis
378 4187 459 4255 regis,
480 4187 600 4254 orditur,
620 4204 675 4255 quo
694 4186 818 4240 carmine
836 4188 944 4242 Aetnae
963 4186 1103 4255 instituta,
1122 4190 1249 4240 veterum
1267 4185 1431 4240 Doricamm

156 4256 314 4312 civitatium
333 4258 395 4312 iura
414 4258 557 4312 imitantia
576 4258 677 4311 laudat
695 4260 724 4312 et
741 4257 790 4327 pia
803 4262 871 4312 vota
889 4274 939 4328 pro
958 4257 1054 4311 futura
1072 4258 1186 4312 fortuna
1200 4257 1277 4312 urbis
1297 4260 1327 4311 et
1345 4255 1431 4311 totius

156 4326 267 4383 Siciliae
294 4329 371 4384 facit.
409 4329 506 4385 Novae
531 4329 613 4384 huius
636 4329 725 4399 partis
749 4328 892 4382 exordium
912 4329 941 4382 in
959 4328 1053 4383 media
1072 4329 1162 4398 epodo
1181 4328 1305 4399 positum
1324 4332 1380 4395 est,
1400 4330 1431 4379 ut

155 4416 228 4454 nova
241 4416 307 4471 pars
321 4400 384 4471 ipsa
398 4418 415 4454 a
427 4418 502 4455 nova
516 4400 631 4472 stropha
646 4400 766 4470 incipiat
780 4432 813 4440 -
828 4404 870 4453 58.
886 4401 934 4453 καλ
947 4400 1005 4468 πάρ
1020 4397 1195 4470 Δεινομένει·
1212 4418 1274 4454 curn
1289 4397 1430 4453 Bceclrhio

155 4469 335 4542 interpretor:
354 4472 408 4526 etsi
427 4473 548 4526 victoria
566 4471 696 4527 Hieronis
715 4471 760 4539 sit,
780 4474 875 4525 tamen
894 4488 956 4525 eam
975 4471 1063 4526 etiam
1082 4471 1157 4542 apud
1172 4471 1363 4536 Dinomenem,
1378 4468 1430 4523 hoc

155 4543 245 4596 estin
264 4542 331 4596 aula
349 4542 511 4598 Dinomenis
530 4544 604 4667 repis
618 4542 737 4597 Aetnaei
758 4541 937 4613 praedicabo,
956 4542 1184 4613 quandoquidem
1204 4541 1322 4595 victoria
1341 4538 1431 4621 patris

591 4632 605 4669 e

155 4630 173 4667 a
194 4614 253 4669 filio
275 4631 331 4669 non
354 4614 448 4669 aliena
471 4618 522 4669 est.

155 4685 341 4753 pretationem
361 4685 572 4756 amplectamur,
591 4686 722 4757 imped1t,
742 4685 875 4754 quoniam
895 4686 1026 4740 similiter
1045 4688 1129 4755 atquc
1149 4702 1233 4755 supra
1252 4702 1277 4737 v.
1292 4700 1318 4737 rs
1338 4682 1430 4749 ἄνδρα

155 4764 249 4811 κεῖνον
267 4772 323 4811 non
340 4773 399 4812 ram
413 4762 557 4825 remotam,
573 4758 621 4812 sed
637 4757 785 4811 sublimem
799 4760 829 4810 et
842 4757 964 4812 carmine
979 4758 1177 4812 illustrandam
1191 4754 1346 4826 significem
1365 4770 1429 4807 con-

155 4824 196 4881 fer
210 4827 245 4881 de
260 4826 345 4882 simili
360 4828 388 4882 vi
403 4828 574 4899 pronominis
588 4828 673 4884 τάνδε
687 4829 718 4885 0.
730 4848 776 4882 ναι
792 4844 817 4882 τε,
831 4860 866 4869 -
880 4835 922 4883 59.
937 4827 1054 4885 κοινάν·
1070 4827 1234 4899 praemium,
1249 4828 1281 4879 ut
1295 4825 1329 4881 N.
1340 4845 1350 4879 1
1360 4841 1386 4880 ιο
1396 4855 1429 4864 -

607 4632 661 4683 quc
685 4630 837 4696 pronomen
860 4611 959 4670 κείναν
977 4634 1002 4669 v.
1023 4613 1224 4684 c1,qu0minus
1247 4612 1320 4667 hanc
1344 4613 1430 4664 inter-
