3442 5550
572 1327 619 1424 N
631 1327 1143 1426 ΕΜΕΟΝΙΚΑΙΣ.

838 1535 879 1591 Δ’.

698 1699 1009 1787 ΧΡΟΜΙΩι

306 3779 462 3841 Chromius
484 3782 657 3861 Agesidami
680 3782 773 3860 filius,
801 3782 850 3842 oui
872 3784 928 3843 hoc
951 3802 1068 3843 carmen
1092 3787 1123 3843 et
1150 3784 1231 3860 qnod
1254 3785 1333 3843 infra
1356 3784 1493 3860 sequitur

217 3869 254 3929 N.
272 3887 304 3928 ιι
327 3871 474 3930 Pindarus
498 3872 628 3950 scripsit,
652 3873 731 3931 inter
752 3872 952 3932 nobilissimos
974 3873 1064 3933 duces
1087 3872 1290 3950 Syracusanos
1313 3873 1380 3935 fuit.
1427 3873 1491 3932 Iam

217 3958 389 4020 adulescens
413 3960 519 4021 Geloni
543 3963 581 4021 ad
604 3962 750 4023 Helorum
768 3962 972 4039 Syracusanos
995 3962 1132 4021 fundenti
1156 3981 1244 4022 suum
1267 3963 1359 4023 robur
1381 3966 1412 4022 et
1434 3963 1491 4021 vir·

217 4051 312 4109 tutem
344 4051 484 4127 probavit
513 4045 563 4132 (N.
587 4048 705 4129 11142),
733 4051 811 4111 unde
842 4052 906 4129 ille,
939 4071 1007 4111 cum
1038 4052 1221 4128 Hippocrate
1254 4055 1373 4112 mortuo
1397 4045 1489 4131 (491)

217 4138 348 4216 primum
367 4138 465 4218 Gelae,
490 4141 595 4201 deinde
615 4133 709 4223 (484)
729 4141 820 4200 etiam
840 4141 1057 4219 Syracusarum
1075 4142 1200 4219 imperio
1219 4143 1335 4218 potitus
1354 4144 1440 4218 esset,
1463 4140 1490 4200 ei

218 4245 348 4290 sororem
371 4247 457 4289 suam
480 4230 512 4290 in
534 4231 758 4291 matrimonium
782 4231 864 4292 dedit
886 4234 917 4291 et
940 4232 1068 4292 moriens
1091 4231 1155 4291 eius
1179 4235 1210 4291 et
1232 4231 1365 4308 Poly-noli
1389 4230 1490 4289 fratris

216 4317 330 4379 tutelae
362 4318 487 4379 filiolum
520 4339 607 4379 suum
640 4321 802 4398 commisit;
834 4322 871 4382 of.
902 4321 1058 4382 Timaeum
1087 4321 1118 4380 in
1148 4321 1238 4383 schol.
1267 4322 1304 4381 ad
1332 4321 1368 4380 N.
1392 4339 1424 4379 1x
1448 4330 1489 4379 95.

216 4406 316 4467 Etiam
335 4407 486 4488 Hieronis,
510 4411 562 4487 qui
582 4410 688 4471 Geloni
711 4430 737 4470 a.
753 4415 815 4470 477
840 4412 871 4470 in
895 4430 986 4488 reguo
1006 4409 1194 4486 Syracusano
1218 4410 1367 4488 successit,
1391 4409 1490 4488 gratia

217 4499 308 4574 atque
330 4497 535 4560 familiaritate
554 4519 627 4561 usus
647 4501 745 4560 multo.
763 4501 818 4560 sub
837 4500 901 4560 eius
925 4499 1067 4576 auspiciis
1085 4501 1236 4577 praeclare
1255 4503 1335 4560 terra
1354 4498 1488 4574 marique

217 4586 320 4664 gossit3
347 4608 375 4646 v.
398 4589 434 4649 N.
457 4608 489 4648 rx
513 4601 645 4650 34491.
674 4595 705 4650 et
728 4591 817 4651 schol.
842 4590 873 4651 P.
897 4607 920 4647 11
944 4600 986 4649 34.
1034 4587 1112 4660 Quin
1140 4590 1232 4649 etiam
1255 4590 1292 4648 ab
1315 4607 1350 4648 eo
1373 4588 1487 4647 Aetnae

216 4675 282 4736 urbi
308 4678 476 4753 praefectus
504 4697 565 4740 esse
594 4681 691 4739 fertur
717 4699 736 4738 a
764 4679 925 4739 scholiasta
952 4678 990 4738 ad
1013 4678 1049 4737 N.
1073 4697 1105 4737 lx
1128 4678 1214 4738 inser.
1260 4677 1315 4737 Rei
1343 4677 1489 4753 equestris

217 4783 284 4826 enm
315 4766 450 4843 inprimis
477 4769 593 4846 peritus
622 4773 711 4846 esset,
743 4769 882 4829 Hieronis
910 4768 1011 4828 studia
1041 4769 1159 4827 curulia
1187 4786 1242 4826 sua
1271 4785 1345 4826 cura
1372 4764 1489 4824 adiuvit

218 4847 465 4938 (Hofmaisohall)
490 4862 520 4918 et
542 4859 606 4936 ipse
625 4859 710 4936 equis
729 4858 760 4918 in
779 4862 928 4920 certamen
946 4858 1106 4920 descendit
1138 4858 1223 4917 Duas
1242 4856 1321 4915 enim
1339 4854 1488 4933 notorias,
