<?xml version="1.0" encoding="UTF-8"?>
<!DOCTYPE html PUBLIC "-//W3C//DTD XHTML 1.0 Transitional//EN"
    "http://www.w3.org/TR/xhtml1/DTD/xhtml1-transitional.dtd">
<html xmlns="http://www.w3.org/1999/xhtml" xml:lang="en" lang="en">
 <head>
  <title>
</title>
<meta http-equiv="Content-Type" content="text/html;charset=utf-8" />
  <meta name='ocr-system' content='tesseract 3.04.00' />
  <meta name='ocr-capabilities' content='ocr_page ocr_carea ocr_par ocr_line ocrx_word'/>
</head>
<body>
  <div class='ocr_page' id='page_1' title='image "./pindaricarminap00chrigoog_0090.png"; bbox 0 0 3442 5550; ppageno 0'>
   <div class='ocr_carea' id='block_1_1' title="bbox 496 422 1390 477">
    <p class='ocr_par' dir='ltr' id='par_1_1' title="bbox 496 422 1390 477">
     <span class='ocr_line' id='line_1_1' title="bbox 496 422 1390 477; baseline 0.008 -7"><span class='ocrx_word' id='word_1_1' title='bbox 496 422 545 473; x_wconf 89' lang='lat' dir='ltr'>Ill.</span> <span class='ocrx_word' id='word_1_2' title='bbox 572 422 620 471; x_wconf 74' lang='lat' dir='ltr'>Dr:</span> <span class='ocrx_word' id='word_1_3' title='bbox 639 422 748 472; x_wconf 63' lang='lat' dir='ltr'>Irl&#39;DlS</span> <span class='ocrx_word' id='word_1_4' title='bbox 766 424 812 473; x_wconf 84' lang='grc' dir='ltr'>ΕΤ</span> <span class='ocrx_word' id='word_1_5' title='bbox 832 424 1007 477; x_wconf 80' lang='lat' dir='ltr'>EPlNlClIS.</span> <span class='ocrx_word' id='word_1_6' title='bbox 1278 423 1390 477; x_wconf 83' lang='lat' dir='ltr'>LXXXI</span> 
     </span>
    </p>
   </div>
   <div class='ocr_carea' id='block_1_2' title="bbox 111 581 1392 3006">
    <p class='ocr_par' dir='ltr' id='par_1_2' title="bbox 111 581 1392 2169">
     <span class='ocr_line' id='line_1_2' title="bbox 112 581 1388 671; baseline 0.003 -24"><span class='ocrx_word' id='word_1_7' title='bbox 112 582 183 647; x_wconf 91' lang='lat' dir='ltr'>Iam</span> <span class='ocrx_word' id='word_1_8' title='bbox 218 581 245 647; x_wconf 93' lang='lat' dir='ltr'>si</span> <span class='ocrx_word' id='word_1_9' title='bbox 278 588 352 647; x_wconf 87' lang='lat' dir='ltr'>octo</span> <span class='ocrx_word' id='word_1_10' title='bbox 388 587 626 647; x_wconf 77' lang='lat' dir='ltr'>concertatores</span> <span class='ocrx_word' id='word_1_11' title='bbox 662 583 728 648; x_wconf 90' lang='lat' dir='ltr'>sive</span> <span class='ocrx_word' id='word_1_12' title='bbox 766 589 905 669; x_wconf 86' lang='lat' dir='ltr'>quatuor</span> <span class='ocrx_word' id='word_1_13' title='bbox 941 585 1032 670; x_wconf 89' lang='lat' dir='ltr'>paria</span> <span class='ocrx_word' id='word_1_14' title='bbox 1069 589 1176 667; x_wconf 89' lang='lat' dir='ltr'>erant,</span> <span class='ocrx_word' id='word_1_15' title='bbox 1213 588 1388 671; x_wconf 76' lang='lat' dir='ltr'>aecpritutis</span> 
     </span>
     <span class='ocr_line' id='line_1_3' title="bbox 112 690 1391 777; baseline 0.001 -22"><span class='ocrx_word' id='word_1_16' title='bbox 112 690 196 755; x_wconf 89' lang='lat' dir='ltr'>ratio</span> <span class='ocrx_word' id='word_1_17' title='bbox 227 690 408 774; x_wconf 75' lang='lat' dir='ltr'><strong>postulasse</strong></span> <span class='ocrx_word' id='word_1_18' title='bbox 437 690 577 774; x_wconf 82' lang='lat' dir='ltr'>videtur,</span> <span class='ocrx_word' id='word_1_19' title='bbox 608 696 645 753; x_wconf 89' lang='lat' dir='ltr'>ut</span> <span class='ocrx_word' id='word_1_20' title='bbox 672 691 813 775; x_wconf 84' lang='lat' dir='ltr'>primurn</span> <span class='ocrx_word' id='word_1_21' title='bbox 842 692 904 756; x_wconf 91' lang='lat' dir='ltr'>duo</span> <span class='ocrx_word' id='word_1_22' title='bbox 933 693 1043 777; x_wconf 89' lang='lat' dir='ltr'>priora</span> <span class='ocrx_word' id='word_1_23' title='bbox 1070 694 1161 777; x_wconf 71' lang='lat' dir='ltr'>pratia</span> <span class='ocrx_word' id='word_1_24' title='bbox 1189 699 1222 757; x_wconf 80' lang='lat' dir='ltr'>et.</span> <span class='ocrx_word' id='word_1_25' title='bbox 1251 693 1391 757; x_wconf 75' lang='lat' dir='ltr'>victores</span> 
     </span>
     <span class='ocr_line' id='line_1_4' title="bbox 113 795 1389 885; baseline 0.003 -25"><span class='ocrx_word' id='word_1_26' title='bbox 113 795 229 861; x_wconf 90' lang='lat' dir='ltr'>horum</span> <span class='ocrx_word' id='word_1_27' title='bbox 268 796 405 862; x_wconf 91' lang='lat' dir='ltr'>duorum</span> <span class='ocrx_word' id='word_1_28' title='bbox 446 797 573 882; x_wconf 90' lang='lat' dir='ltr'>parium</span> <span class='ocrx_word' id='word_1_29' title='bbox 610 801 788 882; x_wconf 71' lang='lat' dir='ltr'>certarent,</span> <span class='ocrx_word' id='word_1_30' title='bbox 832 798 945 864; x_wconf 88' lang='lat' dir='ltr'>deinde</span> <span class='ocrx_word' id='word_1_31' title='bbox 983 800 1046 865; x_wconf 89' lang='lat' dir='ltr'>duo</span> <span class='ocrx_word' id='word_1_32' title='bbox 1084 800 1186 864; x_wconf 87' lang='lat' dir='ltr'>altera</span> <span class='ocrx_word' id='word_1_33' title='bbox 1229 801 1320 885; x_wconf 86' lang='lat' dir='ltr'>paria</span> <span class='ocrx_word' id='word_1_34' title='bbox 1356 804 1389 865; x_wconf 87' lang='lat' dir='ltr'>et</span> 
     </span>
     <span class='ocr_line' id='line_1_5' title="bbox 113 903 1391 993; baseline 0.003 -26"><span class='ocrx_word' id='word_1_35' title='bbox 113 904 252 969; x_wconf 79' lang='lat' dir='ltr'>victores</span> <span class='ocrx_word' id='word_1_36' title='bbox 282 903 398 969; x_wconf 90' lang='lat' dir='ltr'>horum</span> <span class='ocrx_word' id='word_1_37' title='bbox 425 905 567 989; x_wconf 90' lang='lat' dir='ltr'>parium,</span> <span class='ocrx_word' id='word_1_38' title='bbox 594 904 633 968; x_wconf 89' lang='lat' dir='ltr'>ad</span> <span class='ocrx_word' id='word_1_39' title='bbox 661 909 840 970; x_wconf 89' lang='lat' dir='ltr'>extremum</span> <span class='ocrx_word' id='word_1_40' title='bbox 869 906 925 990; x_wconf 86' lang='lat' dir='ltr'>qui</span> <span class='ocrx_word' id='word_1_41' title='bbox 954 930 993 971; x_wconf 92' lang='lat' dir='ltr'>ex</span> <span class='ocrx_word' id='word_1_42' title='bbox 1016 907 1142 972; x_wconf 86' lang='lat' dir='ltr'>duobus</span> <span class='ocrx_word' id='word_1_43' title='bbox 1170 907 1333 993; x_wconf 79' lang='lat' dir='ltr'>prioribus</span> <span class='ocrx_word' id='word_1_44' title='bbox 1358 912 1391 971; x_wconf 92' lang='lat' dir='ltr'>et</span> 
     </span>
     <span class='ocr_line' id='line_1_6' title="bbox 113 1011 1392 1097; baseline 0.003 -22"><span class='ocrx_word' id='word_1_45' title='bbox 113 1012 238 1077; x_wconf 88' lang='lat' dir='ltr'>duobus</span> <span class='ocrx_word' id='word_1_46' title='bbox 262 1011 373 1078; x_wconf 86' lang='lat' dir='ltr'>alteris</span> <span class='ocrx_word' id='word_1_47' title='bbox 395 1013 529 1097; x_wconf 88' lang='lat' dir='ltr'>paribus</span> <span class='ocrx_word' id='word_1_48' title='bbox 553 1011 691 1077; x_wconf 83' lang='lat' dir='ltr'>victores</span> <span class='ocrx_word' id='word_1_49' title='bbox 715 1013 930 1078; x_wconf 89' lang='lat' dir='ltr'>discesserant</span> <span class='ocrx_word' id='word_1_50' title='bbox 953 1014 1038 1079; x_wconf 90' lang='lat' dir='ltr'>inter</span> <span class='ocrx_word' id='word_1_51' title='bbox 1062 1037 1095 1080; x_wconf 92' lang='lat' dir='ltr'>se</span> <span class='ocrx_word' id='word_1_52' title='bbox 1119 1016 1157 1079; x_wconf 89' lang='lat' dir='ltr'>de</span> <span class='ocrx_word' id='word_1_53' title='bbox 1179 1037 1299 1080; x_wconf 90' lang='lat' dir='ltr'>corona</span> <span class='ocrx_word' id='word_1_54' title='bbox 1318 1037 1392 1079; x_wconf 89' lang='lat' dir='ltr'>cou-</span> 
     </span>
     <span class='ocr_line' id='line_1_7' title="bbox 114 1119 1390 1206; baseline 0.002 -23"><span class='ocrx_word' id='word_1_55' title='bbox 114 1119 275 1206; x_wconf 83' lang='lat' dir='ltr'>digerent3</span> <span class='ocrx_word' id='word_1_56' title='bbox 312 1120 358 1185; x_wconf 88' lang='lat' dir='ltr'>sic</span> <span class='ocrx_word' id='word_1_57' title='bbox 395 1125 528 1204; x_wconf 89' lang='lat' dir='ltr'>septena</span> <span class='ocrx_word' id='word_1_58' title='bbox 559 1120 736 1184; x_wconf 89' lang='lat' dir='ltr'>certamina</span> <span class='ocrx_word' id='word_1_59' title='bbox 768 1122 974 1205; x_wconf 88' lang='lat' dir='ltr'>exstiterunt,</span> <span class='ocrx_word' id='word_1_60' title='bbox 1012 1125 1045 1186; x_wconf 90' lang='lat' dir='ltr'>et</span> <span class='ocrx_word' id='word_1_61' title='bbox 1078 1122 1133 1206; x_wconf 91' lang='lat' dir='ltr'>qui</span> <span class='ocrx_word' id='word_1_62' title='bbox 1166 1122 1206 1185; x_wconf 89' lang='lat' dir='ltr'>ad</span> <span class='ocrx_word' id='word_1_63' title='bbox 1238 1122 1390 1186; x_wconf 89' lang='lat' dir='ltr'>ultimum</span> 
     </span>
     <span class='ocr_line' id='line_1_8' title="bbox 112 1226 1390 1315; baseline 0.002 -25"><span class='ocrx_word' id='word_1_64' title='bbox 112 1226 217 1291; x_wconf 79' lang='lat' dir='ltr'>victor</span> <span class='ocrx_word' id='word_1_65' title='bbox 240 1226 387 1311; x_wconf 78' lang='lat' dir='ltr'>decessit,</span> <span class='ocrx_word' id='word_1_66' title='bbox 408 1232 459 1290; x_wconf 86' lang='lat' dir='ltr'>ter</span> <span class='ocrx_word' id='word_1_67' title='bbox 481 1226 516 1289; x_wconf 90' lang='lat' dir='ltr'>in</span> <span class='ocrx_word' id='word_1_68' title='bbox 539 1248 669 1291; x_wconf 78' lang='lat' dir='ltr'>arenam</span> <span class='ocrx_word' id='word_1_69' title='bbox 693 1228 908 1293; x_wconf 88' lang='lat' dir='ltr'>descenderat.</span> <span class='ocrx_word' id='word_1_70' title='bbox 952 1227 1075 1293; x_wconf 83' lang='lat' dir='ltr'>Verum</span> <span class='ocrx_word' id='word_1_71' title='bbox 1098 1229 1126 1293; x_wconf 87' lang='lat' dir='ltr'>si</span> <span class='ocrx_word' id='word_1_72' title='bbox 1150 1251 1216 1294; x_wconf 93' lang='lat' dir='ltr'>non</span> <span class='ocrx_word' id='word_1_73' title='bbox 1239 1228 1390 1315; x_wconf 82' lang='lat' dir='ltr'>religiose</span> 
     </span>
     <span class='ocr_line' id='line_1_9' title="bbox 114 1332 1392 1420; baseline 0 -23"><span class='ocrx_word' id='word_1_74' title='bbox 114 1332 147 1397; x_wconf 91' lang='lat' dir='ltr'>in</span> <span class='ocrx_word' id='word_1_75' title='bbox 169 1356 203 1398; x_wconf 91' lang='lat' dir='ltr'>re</span> <span class='ocrx_word' id='word_1_76' title='bbox 224 1333 349 1398; x_wconf 90' lang='lat' dir='ltr'>ludicra</span> <span class='ocrx_word' id='word_1_77' title='bbox 367 1332 539 1418; x_wconf 87' lang='lat' dir='ltr'>aequitatis</span> <span class='ocrx_word' id='word_1_78' title='bbox 559 1333 647 1420; x_wconf 86' lang='lat' dir='ltr'>leges</span> <span class='ocrx_word' id='word_1_79' title='bbox 667 1335 932 1419; x_wconf 79' lang='lat' dir='ltr'>observabantur,</span> <span class='ocrx_word' id='word_1_80' title='bbox 955 1335 1017 1400; x_wconf 92' lang='lat' dir='ltr'>hoc</span> <span class='ocrx_word' id='word_1_81' title='bbox 1036 1357 1165 1420; x_wconf 89' lang='lat' dir='ltr'>quoque</span> <span class='ocrx_word' id='word_1_82' title='bbox 1183 1334 1254 1400; x_wconf 91' lang='lat' dir='ltr'>fieri</span> <span class='ocrx_word' id='word_1_83' title='bbox 1273 1335 1392 1420; x_wconf 85' lang='lat' dir='ltr'>potuit,</span> 
     </span>
     <span class='ocr_line' id='line_1_10' title="bbox 114 1441 1391 1527; baseline 0.002 -24"><span class='ocrx_word' id='word_1_84' title='bbox 114 1444 150 1503; x_wconf 93' lang='lat' dir='ltr'>ut</span> <span class='ocrx_word' id='word_1_85' title='bbox 176 1445 351 1524; x_wconf 85' lang='lat' dir='ltr'>postquam</span> <span class='ocrx_word' id='word_1_86' title='bbox 379 1441 511 1526; x_wconf 89' lang='lat' dir='ltr'>quinam</span> <span class='ocrx_word' id='word_1_87' title='bbox 539 1462 577 1504; x_wconf 87' lang='lat' dir='ltr'>ex</span> <span class='ocrx_word' id='word_1_88' title='bbox 602 1441 728 1506; x_wconf 87' lang='lat' dir='ltr'>duobus</span> <span class='ocrx_word' id='word_1_89' title='bbox 752 1441 866 1526; x_wconf 88' lang='lat' dir='ltr'>primis</span> <span class='ocrx_word' id='word_1_90' title='bbox 889 1442 1022 1527; x_wconf 89' lang='lat' dir='ltr'>paribus</span> <span class='ocrx_word' id='word_1_91' title='bbox 1046 1442 1208 1506; x_wconf 85' lang='lat' dir='ltr'>dexterior</span> <span class='ocrx_word' id='word_1_92' title='bbox 1231 1446 1317 1506; x_wconf 89' lang='lat' dir='ltr'>esset</span> <span class='ocrx_word' id='word_1_93' title='bbox 1340 1464 1391 1506; x_wconf 91' lang='lat' dir='ltr'>ex-</span> 
     </span>
     <span class='ocr_line' id='line_1_11' title="bbox 114 1547 1387 1634; baseline 0.002 -23"><span class='ocrx_word' id='word_1_94' title='bbox 114 1547 274 1631; x_wconf 88' lang='lat' dir='ltr'>ploratum</span> <span class='ocrx_word' id='word_1_95' title='bbox 298 1553 376 1631; x_wconf 85' lang='lat' dir='ltr'>erat,</span> <span class='ocrx_word' id='word_1_96' title='bbox 400 1548 532 1612; x_wconf 88' lang='lat' dir='ltr'>tertium</span> <span class='ocrx_word' id='word_1_97' title='bbox 556 1569 615 1632; x_wconf 89' lang='lat' dir='ltr'>par</span> <span class='ocrx_word' id='word_1_98' title='bbox 638 1549 895 1615; x_wconf 87' lang='lat' dir='ltr'>committeretur</span> <span class='ocrx_word' id='word_1_99' title='bbox 919 1553 951 1614; x_wconf 93' lang='lat' dir='ltr'>et</span> <span class='ocrx_word' id='word_1_100' title='bbox 975 1549 1088 1634; x_wconf 91' lang='lat' dir='ltr'>quiin</span> <span class='ocrx_word' id='word_1_101' title='bbox 1112 1570 1150 1613; x_wconf 86' lang='lat' dir='ltr'>eo</span> <span class='ocrx_word' id='word_1_102' title='bbox 1175 1548 1295 1613; x_wconf 88' lang='lat' dir='ltr'>vicerat</span> <span class='ocrx_word' id='word_1_103' title='bbox 1314 1571 1387 1613; x_wconf 90' lang='lat' dir='ltr'>cum</span> 
     </span>
     <span class='ocr_line' id='line_1_12' title="bbox 111 1653 1389 1743; baseline 0.002 -26"><span class='ocrx_word' id='word_1_104' title='bbox 111 1653 229 1719; x_wconf 82' lang='lat' dir='ltr'>victore</span> <span class='ocrx_word' id='word_1_105' title='bbox 252 1654 310 1719; x_wconf 95' lang='lat' dir='ltr'>illo</span> <span class='ocrx_word' id='word_1_106' title='bbox 334 1656 472 1719; x_wconf 89' lang='lat' dir='ltr'>duorum</span> <span class='ocrx_word' id='word_1_107' title='bbox 495 1655 675 1740; x_wconf 89' lang='lat' dir='ltr'>primorum</span> <span class='ocrx_word' id='word_1_108' title='bbox 697 1658 823 1743; x_wconf 89' lang='lat' dir='ltr'>parium</span> <span class='ocrx_word' id='word_1_109' title='bbox 849 1661 996 1742; x_wconf 87' lang='lat' dir='ltr'>certaret,</span> <span class='ocrx_word' id='word_1_110' title='bbox 1019 1656 1133 1721; x_wconf 90' lang='lat' dir='ltr'>exinde</span> <span class='ocrx_word' id='word_1_111' title='bbox 1157 1661 1308 1740; x_wconf 88' lang='lat' dir='ltr'>quartum</span> <span class='ocrx_word' id='word_1_112' title='bbox 1331 1679 1389 1740; x_wconf 90' lang='lat' dir='ltr'>par</span> 
     </span>
     <span class='ocr_line' id='line_1_13' title="bbox 111 1762 1388 1849; baseline 0.003 -24"><span class='ocrx_word' id='word_1_113' title='bbox 111 1762 366 1828; x_wconf 84' lang='lat' dir='ltr'>committeretur</span> <span class='ocrx_word' id='word_1_114' title='bbox 386 1768 420 1826; x_wconf 84' lang='lat' dir='ltr'>et</span> <span class='ocrx_word' id='word_1_115' title='bbox 438 1763 478 1826; x_wconf 86' lang='lat' dir='ltr'>ad</span> <span class='ocrx_word' id='word_1_116' title='bbox 497 1767 677 1827; x_wconf 88' lang='lat' dir='ltr'>extremum</span> <span class='ocrx_word' id='word_1_117' title='bbox 695 1764 799 1829; x_wconf 89' lang='lat' dir='ltr'>victor</span> <span class='ocrx_word' id='word_1_118' title='bbox 819 1764 927 1848; x_wconf 88' lang='lat' dir='ltr'>quarti</span> <span class='ocrx_word' id='word_1_119' title='bbox 946 1764 1034 1849; x_wconf 87' lang='lat' dir='ltr'>paris</span> <span class='ocrx_word' id='word_1_120' title='bbox 1054 1786 1128 1828; x_wconf 90' lang='lat' dir='ltr'>curn</span> <span class='ocrx_word' id='word_1_121' title='bbox 1146 1763 1269 1828; x_wconf 86' lang='lat' dir='ltr'>victore</span> <span class='ocrx_word' id='word_1_122' title='bbox 1288 1763 1388 1829; x_wconf 89' lang='lat' dir='ltr'>trium</span> 
     </span>
     <span class='ocr_line' id='line_1_14' title="bbox 112 1856 1389 1957; baseline 0 -24"><span class='ocrx_word' id='word_1_123' title='bbox 112 1856 253 1953; x_wconf 83' lang='lat' dir='ltr'>priorrim</span> <span class='ocrx_word' id='word_1_124' title='bbox 282 1869 408 1954; x_wconf 90' lang='lat' dir='ltr'>parium</span> <span class='ocrx_word' id='word_1_125' title='bbox 438 1870 476 1933; x_wconf 89' lang='lat' dir='ltr'>de</span> <span class='ocrx_word' id='word_1_126' title='bbox 505 1870 649 1954; x_wconf 88' lang='lat' dir='ltr'>praemio</span> <span class='ocrx_word' id='word_1_127' title='bbox 678 1875 824 1935; x_wconf 89' lang='lat' dir='ltr'>certaret.</span> <span class='ocrx_word' id='word_1_128' title='bbox 872 1871 926 1935; x_wconf 82' lang='lat' dir='ltr'>Sic</span> <span class='ocrx_word' id='word_1_129' title='bbox 954 1870 1091 1936; x_wconf 86' lang='lat' dir='ltr'>totidem</span> <span class='ocrx_word' id='word_1_130' title='bbox 1114 1867 1268 1957; x_wconf 89' lang='lat' dir='ltr'>(septem)</span> <span class='ocrx_word' id='word_1_131' title='bbox 1292 1874 1389 1955; x_wconf 82' lang='lat' dir='ltr'>atque</span> 
     </span>
     <span class='ocr_line' id='line_1_15' title="bbox 113 1975 1390 2062; baseline 0.001 -24"><span class='ocrx_word' id='word_1_132' title='bbox 113 1975 144 2039; x_wconf 92' lang='lat' dir='ltr'>in</span> <span class='ocrx_word' id='word_1_133' title='bbox 162 1976 327 2061; x_wconf 89' lang='lat' dir='ltr'>superiore</span> <span class='ocrx_word' id='word_1_134' title='bbox 347 1975 491 2041; x_wconf 90' lang='lat' dir='ltr'>certandi</span> <span class='ocrx_word' id='word_1_135' title='bbox 510 1976 606 2040; x_wconf 91' lang='lat' dir='ltr'>modo</span> <span class='ocrx_word' id='word_1_136' title='bbox 626 1978 804 2042; x_wconf 88' lang='lat' dir='ltr'>certamina</span> <span class='ocrx_word' id='word_1_137' title='bbox 822 1977 909 2042; x_wconf 85' lang='lat' dir='ltr'>facta</span> <span class='ocrx_word' id='word_1_138' title='bbox 928 1982 1015 2061; x_wconf 88' lang='lat' dir='ltr'>sunt,</span> <span class='ocrx_word' id='word_1_139' title='bbox 1034 1976 1090 2041; x_wconf 86' lang='lat' dir='ltr'>sed</span> <span class='ocrx_word' id='word_1_140' title='bbox 1110 1977 1165 2062; x_wconf 85' lang='lat' dir='ltr'>qui</span> <span class='ocrx_word' id='word_1_141' title='bbox 1185 1977 1224 2040; x_wconf 89' lang='lat' dir='ltr'>ad</span> <span class='ocrx_word' id='word_1_142' title='bbox 1240 1976 1390 2040; x_wconf 91' lang='lat' dir='ltr'>ultimum</span> 
     </span>
     <span class='ocr_line' id='line_1_16' title="bbox 114 2071 1327 2169; baseline 0.002 -24"><span class='ocrx_word' id='word_1_143' title='bbox 114 2082 212 2147; x_wconf 77' lang='lat' dir='ltr'>victor</span> <span class='ocrx_word' id='word_1_144' title='bbox 235 2083 495 2166; x_wconf 86' lang='lat' dir='ltr'>renuntiabatur,</span> <span class='ocrx_word' id='word_1_145' title='bbox 519 2106 584 2149; x_wconf 92' lang='lat' dir='ltr'>non</span> <span class='ocrx_word' id='word_1_146' title='bbox 609 2089 659 2148; x_wconf 87' lang='lat' dir='ltr'>ter</span> <span class='ocrx_word' id='word_1_147' title='bbox 683 2086 737 2149; x_wconf 91' lang='lat' dir='ltr'>sed</span> <span class='ocrx_word' id='word_1_148' title='bbox 762 2071 876 2169; x_wconf 63' lang='lat' dir='ltr'>ouater</span> <span class='ocrx_word' id='word_1_149' title='bbox 899 2085 932 2148; x_wconf 95' lang='lat' dir='ltr'>in</span> <span class='ocrx_word' id='word_1_150' title='bbox 956 2107 1086 2149; x_wconf 90' lang='lat' dir='ltr'>arenam</span> <span class='ocrx_word' id='word_1_151' title='bbox 1111 2084 1327 2149; x_wconf 88' lang='lat' dir='ltr'>descenderat.</span> 
     </span>
    </p>

    <p class='ocr_par' dir='ltr' id='par_1_3' title="bbox 114 2188 1392 3006">
     <span class='ocr_line' id='line_1_17' title="bbox 198 2188 1389 2276; baseline 0 -21"><span class='ocrx_word' id='word_1_152' title='bbox 198 2188 256 2255; x_wconf 85' lang='lat' dir='ltr'>Sin</span> <span class='ocrx_word' id='word_1_153' title='bbox 285 2189 391 2275; x_wconf 90' lang='lat' dir='ltr'>impar</span> <span class='ocrx_word' id='word_1_154' title='bbox 417 2212 570 2255; x_wconf 90' lang='lat' dir='ltr'>numerus</span> <span class='ocrx_word' id='word_1_155' title='bbox 600 2213 725 2275; x_wconf 88' lang='lat' dir='ltr'>eorum,</span> <span class='ocrx_word' id='word_1_156' title='bbox 753 2192 807 2275; x_wconf 89' lang='lat' dir='ltr'>qui</span> <span class='ocrx_word' id='word_1_157' title='bbox 835 2192 968 2256; x_wconf 89' lang='lat' dir='ltr'>nomina</span> <span class='ocrx_word' id='word_1_158' title='bbox 995 2192 1163 2276; x_wconf 90' lang='lat' dir='ltr'>dederant,</span> <span class='ocrx_word' id='word_1_159' title='bbox 1192 2196 1277 2275; x_wconf 92' lang='lat' dir='ltr'>erat,</span> <span class='ocrx_word' id='word_1_160' title='bbox 1305 2213 1389 2255; x_wconf 85' lang='lat' dir='ltr'>unus</span> 
     </span>
     <span class='ocr_line' id='line_1_18' title="bbox 115 2296 1391 2384; baseline 0.001 -24"><span class='ocrx_word' id='word_1_161' title='bbox 115 2296 165 2381; x_wconf 86' lang='lat' dir='ltr'>qui</span> <span class='ocrx_word' id='word_1_162' title='bbox 183 2296 427 2381; x_wconf 86' lang='lat' dir='ltr'>relinquebatur</span> <span class='ocrx_word' id='word_1_163' title='bbox 445 2299 586 2383; x_wconf 78' lang='grc' dir='ltr'><em>ἔφεδρος</em></span> <span class='ocrx_word' id='word_1_164' title='bbox 605 2298 710 2362; x_wconf 87' lang='lat' dir='ltr'>dietus</span> <span class='ocrx_word' id='word_1_165' title='bbox 729 2304 779 2362; x_wconf 87' lang='lat' dir='ltr'>cst</span> <span class='ocrx_word' id='word_1_166' title='bbox 803 2299 844 2363; x_wconf 93' lang='lat' dir='ltr'>ab</span> <span class='ocrx_word' id='word_1_167' title='bbox 865 2322 913 2382; x_wconf 91' lang='lat' dir='ltr'>eo,</span> <span class='ocrx_word' id='word_1_168' title='bbox 936 2298 1021 2384; x_wconf 83' lang='lat' dir='ltr'>quod</span> <span class='ocrx_word' id='word_1_169' title='bbox 1040 2299 1156 2363; x_wconf 88' lang='lat' dir='ltr'>ceteris</span> <span class='ocrx_word' id='word_1_170' title='bbox 1175 2297 1391 2363; x_wconf 83' lang='lat' dir='ltr'>insidiabatur</span> 
     </span>
     <span class='ocr_line' id='line_1_19' title="bbox 115 2404 1391 2490; baseline 0.001 -23"><span class='ocrx_word' id='word_1_171' title='bbox 115 2408 145 2467; x_wconf 88' lang='lat' dir='ltr'>et</span> <span class='ocrx_word' id='word_1_172' title='bbox 175 2405 307 2487; x_wconf 90' lang='lat' dir='ltr'>quinam</span> <span class='ocrx_word' id='word_1_173' title='bbox 339 2405 444 2470; x_wconf 87' lang='lat' dir='ltr'>exitus</span> <span class='ocrx_word' id='word_1_174' title='bbox 477 2405 624 2490; x_wconf 89' lang='lat' dir='ltr'>priorum</span> <span class='ocrx_word' id='word_1_175' title='bbox 657 2406 868 2471; x_wconf 84' lang='lat' dir='ltr'>certaminum</span> <span class='ocrx_word' id='word_1_176' title='bbox 901 2405 1030 2469; x_wconf 87' lang='lat' dir='ltr'>futurus</span> <span class='ocrx_word' id='word_1_177' title='bbox 1059 2410 1146 2470; x_wconf 89' lang='lat' dir='ltr'>esset</span> <span class='ocrx_word' id='word_1_178' title='bbox 1174 2404 1391 2489; x_wconf 88' lang='lat' dir='ltr'>exspectabat.</span> 
     </span>
     <span class='ocr_line' id='line_1_20' title="bbox 117 2508 1392 2598; baseline 0.002 -25"><span class='ocrx_word' id='word_1_179' title='bbox 117 2508 252 2576; x_wconf 81' lang='lat' dir='ltr'>Felicem</span> <span class='ocrx_word' id='word_1_180' title='bbox 276 2512 344 2577; x_wconf 89' lang='lat' dir='ltr'>eius</span> <span class='ocrx_word' id='word_1_181' title='bbox 368 2518 489 2578; x_wconf 87' lang='lat' dir='ltr'>sortem</span> <span class='ocrx_word' id='word_1_182' title='bbox 512 2513 622 2598; x_wconf 87' lang='lat' dir='ltr'>fuisse,</span> <span class='ocrx_word' id='word_1_183' title='bbox 646 2513 730 2596; x_wconf 88' lang='lat' dir='ltr'>quod</span> <span class='ocrx_word' id='word_1_184' title='bbox 755 2513 882 2598; x_wconf 84' lang='lat' dir='ltr'>integer</span> <span class='ocrx_word' id='word_1_185' title='bbox 905 2534 978 2576; x_wconf 90' lang='lat' dir='ltr'>eum</span> <span class='ocrx_word' id='word_1_186' title='bbox 997 2512 1084 2577; x_wconf 89' lang='lat' dir='ltr'>fesso</span> <span class='ocrx_word' id='word_1_187' title='bbox 1103 2517 1266 2577; x_wconf 85' lang='lat' dir='ltr'>certamen</span> <span class='ocrx_word' id='word_1_188' title='bbox 1286 2511 1392 2593; x_wconf 89' lang='lat' dir='ltr'>iniret,</span> 
     </span>
     <span class='ocr_line' id='line_1_21' title="bbox 115 2617 1390 2703; baseline 0.002 -23"><span class='ocrx_word' id='word_1_189' title='bbox 115 2638 175 2682; x_wconf 91' lang='lat' dir='ltr'>non</span> <span class='ocrx_word' id='word_1_190' title='bbox 193 2618 300 2684; x_wconf 86' lang='lat' dir='ltr'>solum</span> <span class='ocrx_word' id='word_1_191' title='bbox 316 2618 478 2685; x_wconf 82' lang='lat' dir='ltr'>Lucienus</span> <span class='ocrx_word' id='word_1_192' title='bbox 497 2619 516 2683; x_wconf 95' lang='lat' dir='ltr'>l.</span> <span class='ocrx_word' id='word_1_193' title='bbox 532 2620 551 2683; x_wconf 91' lang='lat' dir='ltr'>l.</span> <span class='ocrx_word' id='word_1_194' title='bbox 571 2618 661 2703; x_wconf 85' lang='lat' dir='ltr'>dixit,</span> <span class='ocrx_word' id='word_1_195' title='bbox 680 2620 736 2684; x_wconf 89' lang='lat' dir='ltr'>sed</span> <span class='ocrx_word' id='word_1_196' title='bbox 755 2619 854 2683; x_wconf 91' lang='lat' dir='ltr'>etiam</span> <span class='ocrx_word' id='word_1_197' title='bbox 873 2624 987 2684; x_wconf 87' lang='lat' dir='ltr'>auctor</span> <span class='ocrx_word' id='word_1_198' title='bbox 1005 2618 1093 2683; x_wconf 86' lang='lat' dir='ltr'>tituli</span> <span class='ocrx_word' id='word_1_199' title='bbox 1109 2617 1269 2703; x_wconf 86' lang='lat' dir='ltr'>Olympici</span> <span class='ocrx_word' id='word_1_200' title='bbox 1284 2639 1314 2681; x_wconf 93' lang='lat' dir='ltr'>n.</span> <span class='ocrx_word' id='word_1_201' title='bbox 1329 2620 1390 2683; x_wconf 89' lang='grc'>146</span> 
     </span>
     <span class='ocr_line' id='line_1_22' title="bbox 116 2723 1392 2811; baseline -0.002 -22"><span class='ocrx_word' id='word_1_202' title='bbox 116 2723 220 2809; x_wconf 80' lang='lat' dir='ltr'>(Arch.</span> <span class='ocrx_word' id='word_1_203' title='bbox 240 2725 320 2790; x_wconf 89' lang='lat' dir='ltr'>Zeit.</span> <span class='ocrx_word' id='word_1_204' title='bbox 345 2728 426 2791; x_wconf 86' lang='grc'><strong>1878</strong></span> <span class='ocrx_word' id='word_1_205' title='bbox 450 2751 479 2811; x_wconf 94' lang='lat' dir='ltr'>p.</span> <span class='ocrx_word' id='word_1_206' title='bbox 499 2728 571 2811; x_wconf 84' lang='lat'>91),</span> <span class='ocrx_word' id='word_1_207' title='bbox 600 2748 664 2810; x_wconf 90' lang='lat' dir='ltr'>qno</span> <span class='ocrx_word' id='word_1_208' title='bbox 688 2725 723 2789; x_wconf 93' lang='lat' dir='ltr'>P.</span> <span class='ocrx_word' id='word_1_209' title='bbox 744 2724 912 2790; x_wconf 78' lang='lat' dir='ltr'>Cornelius</span> <span class='ocrx_word' id='word_1_210' title='bbox 937 2726 1074 2790; x_wconf 86' lang='lat' dir='ltr'>Ariston</span> <span class='ocrx_word' id='word_1_211' title='bbox 1096 2724 1264 2811; x_wconf 86' lang='lat' dir='ltr'>pancratio</span> <span class='ocrx_word' id='word_1_212' title='bbox 1288 2724 1392 2789; x_wconf 89' lang='lat' dir='ltr'>victor</span> 
     </span>
     <span class='ocr_line' id='line_1_23' title="bbox 115 2830 1392 2917; baseline -0.001 -22"><span class='ocrx_word' id='word_1_213' title='bbox 115 2830 160 2897; x_wconf 88' lang='lat'>01.</span> <span class='ocrx_word' id='word_1_214' title='bbox 178 2850 271 2899; x_wconf 83' lang='lat' dir='ltr'>ccvss</span> <span class='ocrx_word' id='word_1_215' title='bbox 294 2856 360 2897; x_wconf 91' lang='lat' dir='ltr'>non</span> <span class='ocrx_word' id='word_1_216' title='bbox 383 2832 533 2897; x_wconf 80' lang='lat' dir='ltr'>fortunae</span> <span class='ocrx_word' id='word_1_217' title='bbox 562 2833 613 2897; x_wconf 85' lang='lat' dir='ltr'>vel</span> <span class='ocrx_word' id='word_1_218' title='bbox 642 2833 740 2897; x_wconf 89' lang='lat' dir='ltr'>sortis</span> <span class='ocrx_word' id='word_1_219' title='bbox 769 2832 940 2917; x_wconf 88' lang='lat' dir='ltr'>beneficio,</span> <span class='ocrx_word' id='word_1_220' title='bbox 969 2832 1025 2898; x_wconf 89' lang='lat' dir='ltr'>sed</span> <span class='ocrx_word' id='word_1_221' title='bbox 1048 2855 1178 2897; x_wconf 87' lang='lat' dir='ltr'>suarum</span> <span class='ocrx_word' id='word_1_222' title='bbox 1202 2832 1320 2896; x_wconf 88' lang='lat' dir='ltr'>virium</span> <span class='ocrx_word' id='word_1_223' title='bbox 1343 2852 1392 2895; x_wconf 82' lang='lat' dir='ltr'>ro</span> 
     </span>
     <span class='ocr_line' id='line_1_24' title="bbox 114 2938 524 3006; baseline 0.002 -3"><span class='ocrx_word' id='word_1_224' title='bbox 114 2938 186 3004; x_wconf 92' lang='lat' dir='ltr'>bore</span> <span class='ocrx_word' id='word_1_225' title='bbox 213 2963 248 3005; x_wconf 87' lang='lat' dir='ltr'>se</span> <span class='ocrx_word' id='word_1_226' title='bbox 272 2940 386 3006; x_wconf 88' lang='lat' dir='ltr'>vicisse</span> <span class='ocrx_word' id='word_1_227' title='bbox 410 2940 524 3005; x_wconf 89' lang='lat' dir='ltr'>iactat:</span> 
     </span>
    </p>
   </div>
   <div class='ocr_carea' id='block_1_3' title="bbox 284 3090 1217 3284">
    <p class='ocr_par' dir='ltr' id='par_1_4' title="bbox 284 3090 1217 3284">
     <span class='ocr_line' id='line_1_25' title="bbox 284 3090 1217 3178; baseline -0.002 -22"><span class='ocrx_word' id='word_1_228' title='bbox 284 3092 324 3156; x_wconf 86' lang='grc' dir='ltr'>οὐ</span> <span class='ocrx_word' id='word_1_229' title='bbox 347 3092 409 3178; x_wconf 78' lang='grc' dir='ltr'>γὰρ</span> <span class='ocrx_word' id='word_1_230' title='bbox 433 3091 470 3156; x_wconf 78' lang='grc' dir='ltr'>ἐν</span> <span class='ocrx_word' id='word_1_231' title='bbox 492 3092 626 3176; x_wconf 71' lang='grc' dir='ltr'><em>εὐτυχίῃ</em></span> <span class='ocrx_word' id='word_1_232' title='bbox 649 3095 775 3178; x_wconf 81' lang='grc' dir='ltr'><strong><em>κλήρου</em></strong></span> <span class='ocrx_word' id='word_1_233' title='bbox 798 3099 928 3175; x_wconf 73' lang='grc' dir='ltr'><em>στέφος,</em></span> <span class='ocrx_word' id='word_1_234' title='bbox 952 3090 1024 3158; x_wconf 74' lang='grc' dir='ltr'><em>ἀλλ’</em></span> <span class='ocrx_word' id='word_1_235' title='bbox 1046 3091 1217 3175; x_wconf 56' lang='lat' dir='ltr'>{properae</span> 
     </span>
     <span class='ocr_line' id='line_1_26' title="bbox 328 3196 1129 3284; baseline 0 -21"><span class='ocrx_word' id='word_1_236' title='bbox 328 3196 428 3284; x_wconf 74' lang='grc' dir='ltr'><em>χωρὶς</em></span> <span class='ocrx_word' id='word_1_237' title='bbox 450 3196 505 3263; x_wconf 76' lang='grc' dir='ltr'>ἀπ’</span> <span class='ocrx_word' id='word_1_238' title='bbox 529 3196 684 3283; x_wconf 79' lang='grc' dir='ltr'><strong><em>Ἀλφειοῦ</em></strong></span> <span class='ocrx_word' id='word_1_239' title='bbox 707 3197 759 3263; x_wconf 74' lang='grc' dir='ltr'>καὶ</span> <span class='ocrx_word' id='word_1_240' title='bbox 785 3200 868 3274; x_wconf 77' lang='grc' dir='ltr'>Διὸς</span> <span class='ocrx_word' id='word_1_241' title='bbox 891 3198 1129 3283; x_wconf 67' lang='grc' dir='ltr'>ἠσπασάμην.1)</span> 
     </span>
    </p>
   </div>
   <div class='ocr_carea' id='block_1_4' title="bbox 107 3366 1392 4310">
    <p class='ocr_par' dir='ltr' id='par_1_5' title="bbox 107 3366 1392 4310">
     <span class='ocr_line' id='line_1_27' title="bbox 113 3366 1392 3453; baseline -0.001 -22"><span class='ocrx_word' id='word_1_242' title='bbox 113 3369 218 3453; x_wconf 81' lang='lat' dir='ltr'>Atque</span> <span class='ocrx_word' id='word_1_243' title='bbox 247 3366 300 3431; x_wconf 91' lang='lat' dir='ltr'>hic</span> <span class='ocrx_word' id='word_1_244' title='bbox 327 3389 454 3452; x_wconf 84' lang='lat' dir='ltr'>quoque</span> <span class='ocrx_word' id='word_1_245' title='bbox 483 3368 511 3432; x_wconf 89' lang='lat' dir='ltr'>si</span> <span class='ocrx_word' id='word_1_246' title='bbox 539 3373 605 3433; x_wconf 89' lang='lat' dir='ltr'>tres</span> <span class='ocrx_word' id='word_1_247' title='bbox 633 3369 815 3452; x_wconf 87' lang='lat' dir='ltr'>certabant,</span> <span class='ocrx_word' id='word_1_248' title='bbox 844 3368 980 3453; x_wconf 85' lang='lat' dir='ltr'>simplex</span> <span class='ocrx_word' id='word_1_249' title='bbox 1009 3375 1042 3433; x_wconf 89' lang='lat' dir='ltr'>et</span> <span class='ocrx_word' id='word_1_250' title='bbox 1070 3368 1175 3433; x_wconf 89' lang='lat' dir='ltr'>facilis</span> <span class='ocrx_word' id='word_1_251' title='bbox 1202 3370 1272 3431; x_wconf 90' lang='lat' dir='ltr'>erat</span> <span class='ocrx_word' id='word_1_252' title='bbox 1293 3367 1392 3449; x_wconf 80' lang='lat' dir='ltr'>rati03</span> 
     </span>
     <span class='ocr_line' id='line_1_28' title="bbox 112 3474 1392 3560; baseline -0.002 -21"><span class='ocrx_word' id='word_1_253' title='bbox 112 3474 263 3539; x_wconf 91' lang='lat' dir='ltr'>nimirum</span> <span class='ocrx_word' id='word_1_254' title='bbox 290 3474 431 3559; x_wconf 90' lang='lat' dir='ltr'>primum</span> <span class='ocrx_word' id='word_1_255' title='bbox 454 3475 511 3560; x_wconf 89' lang='lat' dir='ltr'>qui</span> <span class='ocrx_word' id='word_1_256' title='bbox 538 3476 672 3541; x_wconf 87' lang='lat' dir='ltr'>eandem</span> <span class='ocrx_word' id='word_1_257' title='bbox 699 3474 843 3541; x_wconf 89' lang='lat' dir='ltr'>litteram</span> <span class='ocrx_word' id='word_1_258' title='bbox 867 3477 1025 3541; x_wconf 86' lang='lat' dir='ltr'>duxerant</span> <span class='ocrx_word' id='word_1_259' title='bbox 1048 3476 1133 3539; x_wconf 88' lang='lat' dir='ltr'>inter</span> <span class='ocrx_word' id='word_1_260' title='bbox 1157 3497 1190 3539; x_wconf 88' lang='lat' dir='ltr'>se</span> <span class='ocrx_word' id='word_1_261' title='bbox 1214 3475 1392 3552; x_wconf 88' lang='lat' dir='ltr'>certabant,</span> 
     </span>
     <span class='ocr_line' id='line_1_29' title="bbox 112 3581 1392 3668; baseline -0.002 -21"><span class='ocrx_word' id='word_1_262' title='bbox 112 3582 223 3647; x_wconf 92' lang='lat' dir='ltr'>deinde</span> <span class='ocrx_word' id='word_1_263' title='bbox 242 3582 299 3666; x_wconf 91' lang='lat' dir='ltr'>qui</span> <span class='ocrx_word' id='word_1_264' title='bbox 318 3604 356 3647; x_wconf 88' lang='lat' dir='ltr'>ex</span> <span class='ocrx_word' id='word_1_265' title='bbox 379 3581 430 3646; x_wconf 93' lang='lat' dir='ltr'>his</span> <span class='ocrx_word' id='word_1_266' title='bbox 450 3582 576 3647; x_wconf 90' lang='lat' dir='ltr'>duobus</span> <span class='ocrx_word' id='word_1_267' title='bbox 595 3583 717 3647; x_wconf 83' lang='lat' dir='ltr'>vicerat</span> <span class='ocrx_word' id='word_1_268' title='bbox 735 3604 808 3648; x_wconf 90' lang='lat' dir='ltr'>cum</span> <span class='ocrx_word' id='word_1_269' title='bbox 833 3582 972 3668; x_wconf 84' lang='lat' dir='ltr'>ephedra</span> <span class='ocrx_word' id='word_1_270' title='bbox 992 3582 1273 3668; x_wconf 76' lang='lat' dir='ltr'>committebatur,</span> <span class='ocrx_word' id='word_1_271' title='bbox 1295 3587 1392 3665; x_wconf 85' lang='lat' dir='ltr'>atque</span> 
     </span>
     <span class='ocr_line' id='line_1_30' title="bbox 112 3688 1391 3776; baseline -0.002 -23"><span class='ocrx_word' id='word_1_272' title='bbox 112 3711 186 3754; x_wconf 87' lang='lat' dir='ltr'>sane</span> <span class='ocrx_word' id='word_1_273' title='bbox 214 3694 286 3755; x_wconf 90' lang='lat' dir='ltr'>turn</span> <span class='ocrx_word' id='word_1_274' title='bbox 311 3688 391 3754; x_wconf 90' lang='lat' dir='ltr'>felix</span> <span class='ocrx_word' id='word_1_275' title='bbox 419 3713 489 3755; x_wconf 91' lang='lat' dir='ltr'>sors</span> <span class='ocrx_word' id='word_1_276' title='bbox 518 3690 648 3775; x_wconf 90' lang='lat' dir='ltr'>ephedri</span> <span class='ocrx_word' id='word_1_277' title='bbox 678 3695 761 3775; x_wconf 90' lang='lat' dir='ltr'>erat,</span> <span class='ocrx_word' id='word_1_278' title='bbox 790 3694 826 3754; x_wconf 87' lang='lat' dir='ltr'>ut</span> <span class='ocrx_word' id='word_1_279' title='bbox 854 3689 905 3755; x_wconf 91' lang='lat' dir='ltr'>cui</span> <span class='ocrx_word' id='word_1_280' title='bbox 934 3689 1071 3776; x_wconf 79' lang='lat' dir='ltr'>integris</span> <span class='ocrx_word' id='word_1_281' title='bbox 1096 3689 1218 3753; x_wconf 88' lang='lat' dir='ltr'>viribus</span> <span class='ocrx_word' id='word_1_282' title='bbox 1247 3710 1320 3752; x_wconf 90' lang='lat' dir='ltr'>curn</span> <span class='ocrx_word' id='word_1_283' title='bbox 1344 3710 1391 3767; x_wconf 93' lang='lat' dir='ltr'>eo,</span> 
     </span>
     <span class='ocr_line' id='line_1_31' title="bbox 111 3794 1392 3882; baseline -0.002 -22"><span class='ocrx_word' id='word_1_284' title='bbox 111 3797 164 3882; x_wconf 89' lang='lat' dir='ltr'>qui</span> <span class='ocrx_word' id='word_1_285' title='bbox 188 3796 409 3862; x_wconf 85' lang='lat' dir='ltr'>antecedentis</span> <span class='ocrx_word' id='word_1_286' title='bbox 433 3797 621 3863; x_wconf 86' lang='lat' dir='ltr'>certaminis</span> <span class='ocrx_word' id='word_1_287' title='bbox 645 3797 908 3863; x_wconf 88' lang='lat' dir='ltr'>contentionibus</span> <span class='ocrx_word' id='word_1_288' title='bbox 932 3796 997 3861; x_wconf 88' lang='lat' dir='ltr'>iam</span> <span class='ocrx_word' id='word_1_289' title='bbox 1016 3818 1092 3860; x_wconf 89' lang='lat' dir='ltr'>suas</span> <span class='ocrx_word' id='word_1_290' title='bbox 1111 3795 1194 3859; x_wconf 88' lang='lat' dir='ltr'>vires</span> <span class='ocrx_word' id='word_1_291' title='bbox 1213 3794 1392 3877; x_wconf 86' lang='lat' dir='ltr'>attriverat,</span> 
     </span>
     <span class='ocr_line' id='line_1_32' title="bbox 110 3902 1391 3989; baseline -0.003 -21"><span class='ocrx_word' id='word_1_292' title='bbox 110 3908 233 3968; x_wconf 89' lang='lat' dir='ltr'>certare</span> <span class='ocrx_word' id='word_1_293' title='bbox 266 3903 451 3989; x_wconf 83' lang='lat' dir='ltr'>contigerit.</span> <span class='ocrx_word' id='word_1_294' title='bbox 499 3902 560 3969; x_wconf 88' lang='lat' dir='ltr'>Sed</span> <span class='ocrx_word' id='word_1_295' title='bbox 594 3904 757 3969; x_wconf 86' lang='lat' dir='ltr'>difficilior</span> <span class='ocrx_word' id='word_1_296' title='bbox 789 3909 859 3968; x_wconf 87' lang='lat' dir='ltr'>erat</span> <span class='ocrx_word' id='word_1_297' title='bbox 891 3926 1001 3987; x_wconf 87' lang='lat' dir='ltr'>causa,</span> <span class='ocrx_word' id='word_1_298' title='bbox 1034 3902 1061 3967; x_wconf 91' lang='lat' dir='ltr'>si</span> <span class='ocrx_word' id='word_1_299' title='bbox 1094 3902 1235 3987; x_wconf 87' lang='lat' dir='ltr'>quinque</span> <span class='ocrx_word' id='word_1_300' title='bbox 1268 3906 1391 3986; x_wconf 87' lang='lat' dir='ltr'>septem</span> 
     </span>
     <span class='ocr_line' id='line_1_33' title="bbox 109 4008 1391 4096; baseline -0.002 -21"><span class='ocrx_word' id='word_1_301' title='bbox 109 4034 225 4077; x_wconf 77' lang='lat' dir='ltr'>norem</span> <span class='ocrx_word' id='word_1_302' title='bbox 254 4011 388 4076; x_wconf 91' lang='lat' dir='ltr'>nomina</span> <span class='ocrx_word' id='word_1_303' title='bbox 414 4011 583 4096; x_wconf 88' lang='lat' dir='ltr'>dederant,</span> <span class='ocrx_word' id='word_1_304' title='bbox 614 4011 664 4077; x_wconf 86' lang='lat' dir='ltr'>vel</span> <span class='ocrx_word' id='word_1_305' title='bbox 688 4011 714 4076; x_wconf 88' lang='lat' dir='ltr'>si</span> <span class='ocrx_word' id='word_1_306' title='bbox 738 4033 777 4076; x_wconf 89' lang='lat' dir='ltr'>ex</span> <span class='ocrx_word' id='word_1_307' title='bbox 801 4011 942 4095; x_wconf 92' lang='lat' dir='ltr'>quinque</span> <span class='ocrx_word' id='word_1_308' title='bbox 966 4009 1113 4095; x_wconf 89' lang='lat' dir='ltr'>paribus,</span> <span class='ocrx_word' id='word_1_309' title='bbox 1144 4030 1227 4092; x_wconf 91' lang='lat' dir='ltr'>quae</span> <span class='ocrx_word' id='word_1_310' title='bbox 1250 4008 1391 4093; x_wconf 89' lang='lat' dir='ltr'>primum</span> 
     </span>
     <span class='ocr_line' id='line_1_34' title="bbox 109 4115 1388 4204; baseline -0.004 -21"><span class='ocrx_word' id='word_1_311' title='bbox 109 4119 284 4185; x_wconf 87' lang='lat' dir='ltr'>commissa</span> <span class='ocrx_word' id='word_1_312' title='bbox 313 4123 418 4203; x_wconf 89' lang='lat' dir='ltr'>erant,</span> <span class='ocrx_word' id='word_1_313' title='bbox 450 4118 593 4204; x_wconf 90' lang='lat' dir='ltr'>quinque</span> <span class='ocrx_word' id='word_1_314' title='bbox 620 4118 759 4183; x_wconf 72' lang='lat' dir='ltr'>rictores</span> <span class='ocrx_word' id='word_1_315' title='bbox 788 4122 965 4183; x_wconf 86' lang='lat' dir='ltr'>evaserant.</span> <span class='ocrx_word' id='word_1_316' title='bbox 1016 4116 1082 4181; x_wconf 87' lang='lat' dir='ltr'>Fac</span> <span class='ocrx_word' id='word_1_317' title='bbox 1109 4138 1227 4180; x_wconf 88' lang='lat' dir='ltr'>novem</span> <span class='ocrx_word' id='word_1_318' title='bbox 1254 4115 1388 4179; x_wconf 89' lang='lat' dir='ltr'>nomina</span> 
     </span>
     <span class='ocr_line' id='line_1_35' title="bbox 107 4220 1391 4310; baseline -0.005 -20"><span class='ocrx_word' id='word_1_319' title='bbox 107 4226 273 4310; x_wconf 84' lang='lat' dir='ltr'>professos</span> <span class='ocrx_word' id='word_1_320' title='bbox 297 4249 380 4310; x_wconf 73' lang='lat' dir='ltr'>esse,</span> <span class='ocrx_word' id='word_1_321' title='bbox 407 4248 446 4291; x_wconf 90' lang='lat' dir='ltr'>ex</span> <span class='ocrx_word' id='word_1_322' title='bbox 469 4226 521 4291; x_wconf 92' lang='lat' dir='ltr'>his</span> <span class='ocrx_word' id='word_1_323' title='bbox 545 4225 684 4310; x_wconf 87' lang='lat' dir='ltr'>primurn</span> <span class='ocrx_word' id='word_1_324' title='bbox 708 4230 848 4309; x_wconf 90' lang='lat' dir='ltr'>quatuor</span> <span class='ocrx_word' id='word_1_325' title='bbox 870 4224 961 4308; x_wconf 90' lang='lat' dir='ltr'>paria</span> <span class='ocrx_word' id='word_1_326' title='bbox 985 4228 1072 4288; x_wconf 89' lang='lat' dir='ltr'>sorte</span> <span class='ocrx_word' id='word_1_327' title='bbox 1096 4223 1298 4307; x_wconf 87' lang='lat' dir='ltr'>factasunt,</span> <span class='ocrx_word' id='word_1_328' title='bbox 1324 4220 1391 4305; x_wconf 85' lang='lat' dir='ltr'>qui-</span> 
     </span>
    </p>
   </div>
   <div class='ocr_carea' id='block_1_5' title="bbox 106 4450 1390 4668">
    <p class='ocr_par' dir='ltr' id='par_1_6' title="bbox 106 4450 1390 4668">
     <span class='ocr_line' id='line_1_36' title="bbox 200 4450 1388 4526; baseline -0.007 -17"><span class='ocrx_word' id='word_1_329' title='bbox 200 4462 227 4523; x_wconf 91' lang='lat' dir='ltr'>l)</span> <span class='ocrx_word' id='word_1_330' title='bbox 251 4455 318 4510; x_wconf 89' lang='lat' dir='ltr'>Inde</span> <span class='ocrx_word' id='word_1_331' title='bbox 344 4458 462 4526; x_wconf 85' lang='lat' dir='ltr'>apparet</span> <span class='ocrx_word' id='word_1_332' title='bbox 486 4472 547 4523; x_wconf 88' lang='lat' dir='ltr'>cur,</span> <span class='ocrx_word' id='word_1_333' title='bbox 574 4454 684 4523; x_wconf 73' lang='lat' dir='ltr'>siquis</span> <span class='ocrx_word' id='word_1_334' title='bbox 708 4472 764 4508; x_wconf 91' lang='lat' dir='ltr'>nou</span> <span class='ocrx_word' id='word_1_335' title='bbox 790 4453 928 4525; x_wconf 86' lang='lat' dir='ltr'>ephedrus</span> <span class='ocrx_word' id='word_1_336' title='bbox 952 4457 1027 4507; x_wconf 86' lang='lat' dir='ltr'>sorte</span> <span class='ocrx_word' id='word_1_337' title='bbox 1051 4452 1155 4520; x_wconf 81' lang='lat' dir='ltr'>factus,</span> <span class='ocrx_word' id='word_1_338' title='bbox 1181 4451 1271 4506; x_wconf 88' lang='lat' dir='ltr'>nihilo</span> <span class='ocrx_word' id='word_1_339' title='bbox 1295 4450 1388 4503; x_wconf 78' lang='lat' dir='ltr'>minus</span> 
     </span>
     <span class='ocr_line' id='line_1_37' title="bbox 106 4523 1388 4597; baseline -0.005 -16"><span class='ocrx_word' id='word_1_340' title='bbox 106 4526 234 4597; x_wconf 88' lang='lat' dir='ltr'>palmam</span> <span class='ocrx_word' id='word_1_341' title='bbox 253 4534 400 4594; x_wconf 80' lang='lat' dir='ltr'>meruerat,</span> <span class='ocrx_word' id='word_1_342' title='bbox 420 4544 449 4580; x_wconf 89' lang='lat' dir='ltr'>se</span> <span class='ocrx_word' id='word_1_343' title='bbox 468 4524 627 4595; x_wconf 80' lang='grc' dir='ltr'>ἀνέφεδρον</span> <span class='ocrx_word' id='word_1_344' title='bbox 645 4528 675 4580; x_wconf 91' lang='lat' dir='ltr'>in</span> <span class='ocrx_word' id='word_1_345' title='bbox 693 4526 777 4580; x_wconf 87' lang='lat' dir='ltr'>titulo</span> <span class='ocrx_word' id='word_1_346' title='bbox 796 4525 944 4580; x_wconf 86' lang='lat' dir='ltr'>honorario</span> <span class='ocrx_word' id='word_1_347' title='bbox 963 4524 1153 4595; x_wconf 86' lang='lat' dir='ltr'>praedicaret,</span> <span class='ocrx_word' id='word_1_348' title='bbox 1173 4523 1253 4577; x_wconf 89' lang='lat' dir='ltr'>utin</span> <span class='ocrx_word' id='word_1_349' title='bbox 1272 4523 1388 4591; x_wconf 82' lang='lat' dir='ltr'>inscrip-</span> 
     </span>
     <span class='ocr_line' id='line_1_38' title="bbox 107 4594 1390 4668; baseline -0.006 -17"><span class='ocrx_word' id='word_1_350' title='bbox 107 4598 235 4653; x_wconf 86' lang='lat' dir='ltr'>tionibus</span> <span class='ocrx_word' id='word_1_351' title='bbox 255 4598 409 4668; x_wconf 66' lang='lat' dir='ltr'>Olympicis</span> <span class='ocrx_word' id='word_1_352' title='bbox 432 4617 457 4653; x_wconf 91' lang='lat' dir='ltr'>n.</span> <span class='ocrx_word' id='word_1_353' title='bbox 475 4603 533 4652; x_wconf 80' lang='grc'><strong>146.</strong></span> <span class='ocrx_word' id='word_1_354' title='bbox 555 4604 613 4653; x_wconf 78' lang='grc'><strong>147.</strong></span> <span class='ocrx_word' id='word_1_355' title='bbox 635 4602 685 4651; x_wconf 80' lang='grc'>148</span> <span class='ocrx_word' id='word_1_356' title='bbox 709 4598 815 4652; x_wconf 74' lang='lat' dir='ltr'>tactum</span> <span class='ocrx_word' id='word_1_357' title='bbox 837 4597 973 4651; x_wconf 77' lang='lat' dir='ltr'>ridemus.</span> <span class='ocrx_word' id='word_1_358' title='bbox 1013 4596 1088 4648; x_wconf 86' lang='lat' dir='ltr'>Unus</span> <span class='ocrx_word' id='word_1_359' title='bbox 1108 4596 1220 4649; x_wconf 87' lang='lat' dir='ltr'>obstare</span> <span class='ocrx_word' id='word_1_360' title='bbox 1240 4594 1390 4648; x_wconf 82' lang='lat' dir='ltr'>ridebat-ur</span> 
     </span>
    </p>
   </div>
   <div class='ocr_carea' id='block_1_6' title="bbox 107 4666 1389 4795">
    <p class='ocr_par' dir='ltr' id='par_1_7' title="bbox 107 4666 1389 4795">
     <span class='ocr_line' id='line_1_39' title="bbox 107 4666 1389 4793; baseline -0.006 -70"><span class='ocrx_word' id='word_1_361' title='bbox 107 4670 211 4725; x_wconf 82' lang='lat' dir='ltr'>titulus</span> <span class='ocrx_word' id='word_1_362' title='bbox 228 4689 256 4725; x_wconf 91' lang='lat' dir='ltr'>n.</span> <span class='ocrx_word' id='word_1_363' title='bbox 267 4677 301 4724; x_wconf 80' lang='lat'>&#39;28</span> <span class='ocrx_word' id='word_1_364' title='bbox 319 4670 412 4740; x_wconf 81' lang='lat' dir='ltr'>(Arch.</span> <span class='ocrx_word' id='word_1_365' title='bbox 427 4669 494 4725; x_wconf 86' lang='lat' dir='ltr'>Zeit.</span> <span class='ocrx_word' id='word_1_366' title='bbox 512 4675 580 4723; x_wconf 79' lang='grc'><strong>1876</strong></span> <span class='ocrx_word' id='word_1_367' title='bbox 599 4688 625 4793; x_wconf 78' lang='lat' dir='ltr'>p.</span> <span class='ocrx_word' id='word_1_368' title='bbox 637 4674 707 4751; x_wconf 71' lang='lat'>223),</span> <span class='ocrx_word' id='word_1_369' title='bbox 726 4686 781 4739; x_wconf 87' lang='lat' dir='ltr'>quo</span> <span class='ocrx_word' id='word_1_370' title='bbox 801 4667 890 4723; x_wconf 81' lang='lat' dir='ltr'>victor</span> <span class='ocrx_word' id='word_1_371' title='bbox 909 4686 938 4723; x_wconf 83' lang='lat' dir='ltr'>se</span> <span class='ocrx_word' id='word_1_372' title='bbox 957 4667 1082 4722; x_wconf 82' lang='lat' dir='ltr'>iactabat</span> <span class='ocrx_word' id='word_1_373' title='bbox 1105 4666 1260 4733; x_wconf 68' lang='grc' dir='ltr'><em>νικήσαντι(</em></span> <span class='ocrx_word' id='word_1_374' title='bbox 1277 4666 1389 4730; x_wconf 73' lang='grc' dir='ltr'><em>ἀνδρῶν</em></span> 
     </span>
     <span class='ocr_line' id='line_1_40' title="bbox 590 4759 606 4795; baseline 0 0"><span class='ocrx_word' id='word_1_375' title='bbox 590 4759 606 4795; x_wconf 86' lang='lat' dir='ltr'>e</span> 
     </span>
    </p>
   </div>
   <div class='ocr_carea' id='block_1_7' title="bbox 106 4737 1391 5027">
    <p class='ocr_par' dir='ltr' id='par_1_8' title="bbox 106 4737 1391 5027">
     <span class='ocr_line' id='line_1_41' title="bbox 106 4737 1390 4813; baseline -0.008 -17"><span class='ocrx_word' id='word_1_376' title='bbox 106 4741 311 4813; x_wconf 70' lang='lat' dir='ltr'>aoeyapdrlrolv</span> <span class='ocrx_word' id='word_1_377' title='bbox 335 4741 462 4811; x_wconf 79' lang='grc' dir='ltr'>ἔφεδρον.</span> <span class='ocrx_word' id='word_1_378' title='bbox 500 4741 555 4795; x_wconf 87' lang='lat' dir='ltr'>Sed</span> <span class='ocrx_word' id='word_1_379' title='bbox 579 4742 592 4793; x_wconf 87' lang='lat' dir='ltr'>t&#39;</span> <span class='ocrx_word' id='word_1_380' title='bbox 619 4740 740 4795; x_wconf 85' lang='lat' dir='ltr'>icissnno</span> <span class='ocrx_word' id='word_1_381' title='bbox 764 4741 891 4795; x_wconf 86' lang='lat' dir='ltr'>acumine</span> <span class='ocrx_word' id='word_1_382' title='bbox 912 4737 1390 4807; x_wconf 64' lang='lat' dir='ltr'>Dittenbemger,A1·cb.&#39;l.ait.l⁸trt</span> 
     </span>
     <span class='ocr_line' id='line_1_42' title="bbox 130 4808 1391 4883; baseline -0.01 -14"><span class='ocrx_word' id='word_1_383' title='bbox 130 4820 181 4869; x_wconf 79' lang='grc'>,91</span> <span class='ocrx_word' id='word_1_384' title='bbox 200 4814 253 4867; x_wconf 90' lang='lat' dir='ltr'>boc</span> <span class='ocrx_word' id='word_1_385' title='bbox 273 4811 449 4867; x_wconf 82' lang='lat' dir='ltr'>obstaculum</span> <span class='ocrx_word' id='word_1_386' title='bbox 469 4812 587 4866; x_wconf 85' lang='lat' dir='ltr'>removit</span> <span class='ocrx_word' id='word_1_387' title='bbox 609 4816 638 4866; x_wconf 91' lang='lat' dir='ltr'>et</span> <span class='ocrx_word' id='word_1_388' title='bbox 657 4813 685 4866; x_wconf 89' lang='lat' dir='ltr'>in</span> <span class='ocrx_word' id='word_1_389' title='bbox 705 4816 900 4883; x_wconf 83' lang='lat' dir='ltr'>argumentum</span> <span class='ocrx_word' id='word_1_390' title='bbox 919 4809 1077 4865; x_wconf 75' lang='lat' dir='ltr'>contamine</span> <span class='ocrx_word' id='word_1_391' title='bbox 1097 4809 1136 4864; x_wconf 91' lang='lat' dir='ltr'>rci</span> <span class='ocrx_word' id='word_1_392' title='bbox 1156 4808 1241 4863; x_wconf 82' lang='lat' dir='ltr'>vertit</span> <span class='ocrx_word' id='word_1_393' title='bbox 1261 4808 1391 4861; x_wconf 73' lang='lat' dir='ltr'>lar-unam</span> 
     </span>
     <span class='ocr_line' id='line_1_43' title="bbox 106 4832 831 4956; baseline -0.001 -17"><span class='ocrx_word' id='word_1_394' title='bbox 106 4832 215 4955; x_wconf 77' lang='lat' dir='ltr'>licpidis</span> <span class='ocrx_word' id='word_1_395' title='bbox 235 4884 423 4954; x_wconf 83' lang='lat' dir='ltr'>sicexplens:</span> <span class='ocrx_word' id='word_1_396' title='bbox 442 4883 632 4956; x_wconf 76' lang='grc' dir='ltr'><strong><em>παγκράτ[ιον</em></strong></span> <span class='ocrx_word' id='word_1_397' title='bbox 651 4882 831 4955; x_wconf 76' lang='grc' dir='ltr'>ἀ]νὲφεὸ“ρον.</span> 
     </span>
     <span class='ocr_line' id='line_1_44' title="bbox 165 4968 1182 5027; baseline -0.007 -1"><span class='ocrx_word' id='word_1_398' title='bbox 165 4986 292 5027; x_wconf 64' lang='lat' dir='ltr'>eunium</span> <span class='ocrx_word' id='word_1_399' title='bbox 306 4984 341 5025; x_wconf 79' lang='lat' dir='ltr'>ed.</span> <span class='ocrx_word' id='word_1_400' title='bbox 355 4982 460 5025; x_wconf 74' lang='lat' dir='ltr'>Christ.</span> <span class='ocrx_word' id='word_1_401' title='bbox 1168 4968 1182 5019; x_wconf 86' lang='lat' dir='ltr'>l&#39;</span> 
     </span>
    </p>
   </div>
   <div class='ocr_carea' id='block_1_8' title="bbox 0 0 1726 5550">
    <p class='ocr_par' dir='ltr' id='par_1_9' title="bbox 0 0 1726 5550">
     <span class='ocr_line' id='line_1_45' title="bbox 0 0 1726 5550; baseline 0 0"><span class='ocrx_word' id='word_1_402' title='bbox 0 0 1726 5550; x_wconf 95' lang='lat' dir='ltr'> </span> 
     </span>
    </p>
   </div>
  </div>
 </body>
</html>
