3442 5550
760 370 889 421 PYTHIA
911 371 981 421 Vlll.

443 533 560 612 γείτων
583 532 634 596 ὅτι
657 555 712 617 μοι
737 573 750 581 -
774 529 828 597 καλ
846 532 998 597 ’κτεάνων
1021 531 1129 617 φύλαξ
1153 532 1241 617 ἐμῶν

442 638 630 704 ὑπάντασεν
654 642 738 704 ἰόντι
762 650 823 722 γᾶς

487 746 638 830 ὀμφαλὸν
660 746 738 830 παρ’
764 747 931 830 ἀοίδιμον,
1310 765 1343 809 aa

389 869 422 914 ου
441 854 678 938 μαντευμάτων
701 853 728 918 τ’
757 853 905 938 ἐφάψατο
929 857 1122 936 συγγόνοισι
1146 853 1283 938 τέχναις.

440 1033 480 1095 τὺ
504 1029 548 1112 δ’,
572 1029 762 1116 ἑκαταβόλε,
785 1032 953 1097 πάνδοκον
1144 1037 1223 1119 Στρ.
1248 1032 1289 1097 δ’.

443 1139 523 1203 ναδν
546 1139 661 1203 εὐκλέα
685 1138 851 1223 διανέμων

441 1250 609 1322 Πυθῶνος
632 1245 667 1311 ἐν
690 1247 842 1331 γυάλοις,

439 1354 475 1417 τὸ
499 1349 559 1436 μὲν
582 1353 753 1437 μέγισ-τον
776 1358 854 1420 τόθι
877 1355 1054 1440 χαρμάτων

387 1477 419 1522 οῖ»
440 1460 584 1536 ὤπασας·
608 1467 693 1524 οἴκοι

482 1563 519 1630 δέ
542 1570 690 1652 πρόσθεν
713 1566 881 1653 ἁρπαλέαν
905 1569 1001 1633 δόσιν

438 1678 658 1758 πενταεθλίου
682 1677 745 1739 σὺν
769 1672 898 1758 ἑορταῖς
994 1736 1000 1747 ,

482 1781 580 1864 ὑμαῖς
604 1780 771 1863 ἐπάγαγες.

437 1883 538 1970 ὦναξ,
562 1885 669 1953 ἑκόντι
693 1887 723 1952 δ’
751 1890 887 1974 εὔχομαι
910 1892 978 1977 νόφ

434 2067 516 2131 κατά
539 2091 593 2131 τιν
616 2066 779 2150 ἁρμονίαν
802 2067 935 2151 βλέπειν
1137 2067 1219 2132 ’Ave
1243 2068 1284 2132 d'.

349 2204 352 2210 ·
432 2173 519 2257 ἀμφ’
543 2172 695 2257 ἕκαστον,
720 2173 782 2238 ὅσα
805 2174 929 2259 νέομαι.

381 2297 413 2344 ιο
438 2282 536 2368 κώμῳ
559 2277 619 2365 μέν
642 2281 800 2364 ἁδυμελεῖ

296 2479 337 2527 58.
352 2471 463 2543 γείτονι
477 2473 582 2543 τέγγων
594 2474 623 2528 L.
640 2473 767 2528 Schmidt
782 2507 813 2514 —
829 2471 871 2528 ὅθ’.
886 2474 1047 2530 ὑπάντασεν
1062 2475 1188 2531 Schmid:
1204 2475 1376 2531 ὑπαντίασεν
1391 2478 1453 2531 BD
1461 2478 1497 2543 E,

221 2544 362 2600 ὑπάντασε
383 2542 408 2599 τ’
425 2562 458 2599 ex
474 2545 587 2599 scholiis
602 2545 762 2599 Boeckh-
778 2555 829 2616 γᾶς
842 2545 938 2601 Trici:
958 2545 1041 2617 γαίας
1055 2548 1082 2601 B
1088 2548 1153 2602 DE
1166 2580 1198 2587 -
1215 2555 1248 2601 60
1276 2546 1408 2617 ἀοίδιμον
1427 2548 1496 2616 μάν-

217 2626 406 2742 liuhidi
415 2612 1145 2744 ἴέὺφίιῗίίῗῗωὲδτῖάῖάέαἷὺὒὲἁέἔὲἒᾷ
1159 2619 1496 2744 ξπῗῗέἲὶιὲζιὲῗῖιξῗὰ

221 2731 362 2813 Hermanir
373 2759 423 2813 alii
434 2733 466 2799 -Ι-
477 2732 589 2832 βλέπειν
599 2759 692 2815 codd:
709 2734 787 2815 ἔπειν
796 2760 867 2816 coni.
878 2709 1101 2831 Kayserppimw
1111 2732 1205 2832 Bergli
1214 2795 1248 2802 —
1260 2768 1301 2817 69.
1313 2761 1380 2816 dosa
1391 2762 1453 2816 BD
1464 2735 1495 2802 -’

218 2901 368 2972 Delphicus
383 2903 542 2957 sacerdotes
557 2906 700 2974 receptum
715 2903 873 2975 significare
887 2937 921 2944 —
937 2901 1024 2971 βαίνω
1041 2948 1046 2958 .
1063 2947 1069 2958 .
1085 2949 1090 2958 .
1106 2903 1197 2975 ὕμνῳ·
1214 2905 1248 2958 de
1263 2905 1316 2959 hae
1331 2906 1497 2974 metaphora

216 2990 250 3027 ex
261 2973 461 3028 consuetudine
472 2975 584 3029 arbores
597 2974 781 3044 graminaque
793 2975 930 3044 irrigandi
943 2978 1035 3029 tracta
1048 2976 1143 3030 confer
1153 2975 1184 3030 Ο.
1196 2995 1213 3028 x
1224 2994 1256 3029 ιιι.
1272 2976 1301 3031 P.
1312 2995 1329 3028 v
1341 2994 1386 3030 ιοο.
1401 2975 1421 3030 1.
1432 2995 1460 3028 vr
1471 2993 1494 3030 rr

221 3077 252 3085 —-
273 3049 315 3099 58.
340 3044 451 3115 γείτων·
473 3046 572 3102 schol:
590 3055 623 3115 τῇ
640 3043 845 3116 Ἀριστομένους
863 3045 938 3120 οἰκίᾳ
957 3045 1112 3114 παρίδρυτο
1128 3045 1293 3116 Ἀλκμάονος
1310 3047 1411 3119 ἡρῷον,
1431 3047 1496 3110 ἴσως

218 3115 249 3170 δὲ
269 3117 316 3169 καλ
335 3125 367 3169 τ’
391 3118 479 3171 αὑτοῦ
505 3116 623 3188 μαντεία
668 3120 822 3187 ρησάμενος
848 3117 893 3171 ἐπὶ
919 3120 968 3172 τδν
993 3120 1089 3188 ἀγῶνα
1115 3117 1257 3187 ἐπορεύθη
1284 3119 1332 3172 καὶ
1358 3115 1495 3186 ἐνίκησεν.

217 3187 330 3242 Rectius
381 3187 499 3243 'ssenius
523 3190 558 3243 de
582 3139 686 3244 sacello
710 3189 887 3243 Alcmaeonis
911 3189 1045 3244 Thebano
1068 3206 1155 3259 prope
1177 3189 1289 3243 domum
1312 3189 1445 3266 Pindari,
1465 3189 1496 3242 in

218 3259 296 3312 cuius
316 3260 407 3313 tulela
426 3260 485 3314 eius
504 3260 578 3314 bona
597 3264 685 3328 erant,
705 3260 854 3330 cogitavit3
874 3261 987 3315 obviam
1007 3263 1102 3315 autem
1121 3267 1202 3315 heros
1222 3260 1299 3314 venit
1314 3265 1416 3330 poetae
1432 3261 1495 3315 Del-

219 3331 289 3400 phos
303 3330 378 3385 ituro
397 3330 427 3384 in
445 3331 549 3386 somnis
565 3365 597 3371 -
613 3338 656 3386 60.
674 3330 832 3402 συγγόνοισι
846 3330 964 3401 τέχναις,
979 3331 1054 3400 quod
1067 3335 1150 3402 pater
1164 3331 1351 3414 Amphiaraus
1366 3336 1395 3386 et
1409 3332 1496 3386 frater

218 3401 420 3472 Amphilochus
436 3407 465 3457 et
479 3421 547 3457 avus
562 3403 718 3473 Melampus
733 3403 907 3457 vaticinandi
923 3406 983 3457 arte
997 3402 1147 3470 florebant;
1163 3403 1276 3456 dativus
1290 3401 1414 3473 τέχναισι
1428 3420 1495 3474 pen-

220 3473 268 3527 det
286 3474 323 3528 ab
343 3472 488 3543 ἐφάψατο,
507 3474 653 3544 genetivus
675 3474 877 3545 μαντευμάτων
896 3492 913 3528 a
930 3474 1062 3544 τέχναισι.

290 3551 332 3600 61.
353 3562 371 3599 a
388 3545 531 3600 vaticiniis
551 3545 715 3615 Amphiarai
735 3550 764 3600 et
782 3545 959 3601 Alcmaeonis
979 3546 1016 3599 ad
1035 3549 1177 3600 auctorem
1196 3546 1280 3599 huius
1300 3547 1370 3600 artis
1389 3545 1495 3616 Apolli-

217 3632 282 3670 nem
304 3617 388 3671 deum
411 3618 526 3685 transit,
550 3621 582 3670 ut
601 3635 633 3672 ex
653 3617 778 3672 victoriis
798 3617 982 3672 Aristomenis
1001 3617 1106 3688 primas
1125 3635 1173 3672 eas
1192 3621 1401 3685 commemoret,
1425 3635 1495 3685 quas

217 3686 292 3742 ludis
311 3687 524 3759 Apollinaribus
547 3689 664 3759 Delphis
688 3693 723 3757 (s.
738 3694 774 3758 sa)
798 3692 827 3741 et
844 3689 971 3760 Aeginae
989 3693 1026 3758 (s.
1042 3692 1078 3757 ιι)
1096 3692 1303 3760 reportaverat,
1327 3690 1364 3743 ad
1387 3691 1495 3743 ceteras

217 3759 277 3812 eius
297 3759 430 3814 victorias
456 3759 528 3814 infra
552 3761 664 3814 demum
682 3779 707 3814 v.
724 3777 749 3814 ιιι
768 3760 938 3814 transiturus
958 3791 989 3800 -
1010 3765 1051 3815 63.
1077 3764 1218 3823 Πυθῶνος
1237 3760 1267 3813 ἐν
1286 3760 1400 3830 γυάλοις
1417 3778 1495 3814 mon-

217 3834 315 3884 tanam
332 3830 475 3902 regionem
494 3831 660 3903 Delphicam
680 3835 790 3904 spectat
809 3865 842 3871 —
862 3837 904 3887 66,
925 3833 977 3885 σὺν
996 3831 1105 3899 ἑορταῖς
1124 3833 1214 3901 ὑμαῖς,
1234 3830 1393 3902 Delphiniis
1412 3831 1495 3901 Aegi-

216 3901 329 3969 neticis‚
353 3919 426 3971 quae
446 3903 532 3957 feriae
552 3921 615 3957 curn
636 3903 774 3974 Apollinis
794 3903 964 3971 eaedemque
984 3903 1087 3957 sororis
1106 3903 1165 3956 eius
1185 3902 1293 3957 Dianae
1314 3903 1399 3956 luisse
1418 3902 1495 3956 vide·

218 3977 308 4041 antur,
327 3973 431 4044 plurali
446 3975 529 4044 ὑμαῖς
545 3975 587 4028 uti
606 3980 692 4044 poeta
711 3992 796 4028 ausus
816 3979 871 4042 est;
891 3975 1010 4028 miscent
1024 3974 1099 4027 enirn
1118 3992 1162 4028 res
1182 3973 1352 4029 scholiastae
1371 3992 1434 4028 eum
1453 3973 1495 4027 di-

216 4048 282 4098 cant
299 4047 330 4098 τὸ
349 4044 380 4099 δὲ
399 4047 482 4115 ὑμαῖς
501 4048 565 4100 ἀντὶ
583 4054 633 4100 τοῦ
653 4055 721 4113 σαῖς,
741 4047 789 4100 καὶ
809 4044 953 4111 πλεονάζει
971 4046 1060 4117 τούτῳ
1078 4045 1093 4098 δ
1111 4048 1266 4113 Πίνδαρος·
1287 4045 1391 4100 etenim
1410 4062 1494 4115 saepe

216 4113 347 4183 σφέτερος
367 4117 404 4170 ad
424 4117 548 4188 singulos
575 4117 712 4171 Pindarus
731 4117 843 4172 rettulit
861 4117 905 4185 (cf.
922 4117 996 4171 O.1x
1016 4120 1060 4185 rs),
1079 4117 1169 4171 rarius
1188 4117 1264 4171 idem
1282 4117 1312 4170 in
1331 4116 1495 4186 pronomine

216 4187 330 4310 primae,
349 4189 490 4242 rarissime
510 4189 539 4242 in
558 4189 722 4260 pronomine
741 4189 881 4243 secundae
900 4205 1035 4258 personae
1054 4189 1108 4242 hoc
1121 4188 1213 4242 facere
1228 4188 1284 4242 sibi
1298 4188 1437 4258 permisit,
1458 4187 1492 4241 cf.

240 4303 244 4312 .
264 4278 291 4311 ιτ
311 4275 336 4313 ιι
355 4292 389 4299 -
408 4265 450 4314 67.
475 4259 567 4314 ἑκόντι
583 4305 588 4316 .
605 4306 610 4316 ,
628 4306 632 4315 .
648 4259 704 4334 νόῳ
723 4264 816 4314 utrum
836 4261 872 4314 ad
892 4260 1021 4330 εὔχομαι,
1040 4277 1077 4313 an
1096 4259 1133 4313 ad
1153 4259 1264 4330 βλέπειν
1283 4259 1437 4329 pertineat,
1457 4259 1494 4312 ab

217 4346 248 4383 eo
272 4331 388 4400 pendet,
413 4331 517 4386 deusne
540 4332 677 4403 respicere
696 4331 832 4405 (βλέπειν)
851 4331 973 4389 dicatur.
1000 4348 1072 4400 quae
1092 4330 1262 4386 scholiastae
1281 4331 1422 4385 sententia
1442 4333 1493 4396 est,

219 4418 255 4454 an
293 4406 365 4468 oeta,
384 4403 459 4471 quod
472 4402 533 4474 ipse
548 4404 675 4474 praefero
691 4435 724 4444 -
739 4408 781 4458 68,
801 4402 873 4457 κατά
893 4401 947 4456 τιν’
964 4400 1115 4472 ἁρμονίαν·
1135 4402 1235 4457 schol:
1255 4402 1371 4471 εὔχομαι
1387 4401 1494 4468 ἐφορᾶν

221 4490 250 4527 σε
279 4492 382 4528 καστον
394 4484 449 4528 τῶν
463 4476 634 4544 ποιημάτων,
654 4476 705 4530 ὅσα
719 4473 791 4528 κατά
806 4473 861 4528 τιν’
878 4471 1015 4543 ἁρμονίαν
1030 4473 1182 4543 έπέρχομαι
1196 4475 1243 4527 καλ
1257 4473 1370 4544 γράφω;
1385 4471 1496 4526 rettulit

219 4543 306 4616 igitur
329 4545 481 4599 scholiasta
500 4548 587 4601 verba
605 4546 677 4601 κατά
696 4544 752 4601 τιν’
774 4543 913 4616 ἁρμονίαν
932 4563 987 4599 non
1007 4546 1043 4598 ad
1082 4546 1219 4598 mximum
1238 4546 1353 4599 verbum
1373 4543 1492 4625 βλέπειν,

216 4616 264 4670 sed
296 4617 333 4670 ad
362 4621 499 4671 remotum
531 4618 640 4689 νέομαι
669 4619 703 4673 cf.
730 4620 761 4672 0.
785 4637 834 4669 rm
858 4635 870 4668 ιι
899 4649 931 4656 -
960 4637 1024 4670 τινα
1052 4565 1167 4671 ‹idfendi
1194 4619 1288 4687 potest
1316 4615 1402 4668 simili
1431 4614 1492 4667 loco

216 4686 246 4742 0.
266 4706 294 4740 rx
312 4705 352 4754 τις
377 4689 425 4742 sed
449 4690 632 4759 praetulimus
660 4689 788 4743 dativum
814 4690 857 4743 τὶν
884 4687 919 4741 de
946 4687 1042 4742 dativo
1069 4705 1119 4758 pro
1146 4687 1302 4758 possessivo
1329 4685 1492 4756 pronomine

214 4758 307 4829 posito
326 4760 420 4814 confer
439 4761 468 4814 P.
488 4780 515 4813 ιι
537 4778 558 4815 ιι
578 4759 648 4831 αἷμά
668 4761 694 4815 οἱ
714 4792 745 4800 -
766 4766 809 4814 69.
836 4760 870 4812 de
896 4759 1000 4828 plurali
1025 4758 1076 4813 ὅσα
1099 4763 1164 4828 post
1183 4758 1355 4828 singularem
1374 4756 1491 4811 ἕκαστον

215 4830 285 4886 conf.
300 4830 330 4884 P.
346 4850 372 4884 u
391 4849 414 4886 νι
437 4864 467 4872 -
489 4840 529 4887 70.
550 4832 625 4903 quod
644 4831 836 4887 comissationi
860 4830 999 4884 iustitiam
1023 4831 1121 4885 adosse
1144 4835 1229 4902 poeta
1253 4829 1336 4896 dicit,
1360 4828 1413 4884 hoo
1436 4845 1492 4883 non
