3442 5550
769 411 892 461 NEMEA
912 411 942 462 V.

272 572 410 649 δείσαις·
434 571 452 638 ὁ
476 570 507 636 δ’
534 570 688 658 ἐφράσθη
711 571 862 637 κατένευ-

315 677 373 743 σέν
395 678 432 743 τέ
452 685 507 744 λοι
530 679 710 764 ὀρσινεφὴς
732 677 765 756 ἐξ
788 679 935 764 οὐρανοῦ

219 802 252 848 36
274 788 358 862 Ζεὺς
381 785 561 850 ἀθανάτων
584 787 753 869 βασιλεύς,
776 783 854 850 ὥστ’
881 785 917 851 ἐν
939 787 1029 871 τάχει

272 901 412 957 ποντιᾶν
431 893 689 978 χρυσαλακάτων
706 893 781 957 τινὰ
801 894 978 978 Νηρεΐδων
996 892 1133 979 πράξειν
1151 895 1290 977 άκοιτιν,
1460 909 1493 956 ao

272 1090 421 1174 γαμβρὸν
444 1089 663 1154 Ποσειδάωνα
686 1091 754 1153 πεΐ-
1296 1095 1377 1176 Σιρ.
1397 1091 1439 1173 γ’.

315 1213 399 1279 σαις,
414 1195 450 1273 ὃς
464 1199 616 1280 Αίγᾶθεν
629 1193 705 1260 ποτὶ
719 1197 850 1261 κλειτὰν
864 1198 957 1281 θαμὰ
976 1200 1121 1262 νίσσεται
1142 1196 1276 1283 Ἰσθμὸν
1290 1200 1441 1282 Δωρίαν·

272 1305 357 1367 ἔνθα
380 1327 438 1387 μιν
461 1305 622 1388 εὔφρονες
646 1298 713 1368 ἶλαι
736 1305 801 1368 σὺν
823 1304 983 1388 καλάμοιο
1007 1307 1070 1391 βοᾷ
1092 1307 1175 1370 θεὸν
1199 1305 1366 1385 δέκονται,
1462 1320 1495 1367 ιο

271 1407 326 1475 καὶ
348 1408 462 1475 σθένει
485 1413 591 1493 γυίων
615 1409 754 1496 ἐρίζοντι
777 1417 906 1496 θρασεῖ.

220 1534 255 1580 ιο
274 1520 397 1601 πότμος
420 1513 457 1581 δλ
479 1523 585 1602 κρίνει
608 1519 772 1601 συγγενὴς
794 1519 901 1602 ἔργων
924 1516 999 1603 περὶ

272 1624 416 1689 πάντων.
460 1627 501 1689 τὺ
526 1622 557 1688 δ’
580 1626 767 1707 Αίγίναθεν
790 1623 859 1707 ἄπ’,
882 1625 1091 1709 Εὐθύμενες,

278 1735 381 1809 Νίκας
404 1731 440 1797 ἐν
459 1731 642 1815 ἀγκώνεσσι
666 1732 793 1797 πιτνὼν
810 1735 971 1797 ποικίλων
990 1734 1137 1810 ἔψαυσας
1158 1732 1282 1816 ὕμνων.

272 1923 345 2011 ἦτοι
367 1926 561 2013 μεταΐξαντα
584 1926 639 1993 καὶ
1296 1927 1380 1993 Ἀντ.
1399 1926 1442 2011 γ’.

317 2043 380 2099 νῦν
398 2036 471 2111 τεὸς
488 2035 620 2121 μάτρως
637 2033 669 2098 σ’
687 2033 820 2116 ἀγάλλει
833 2037 892 2099 καί
903 2053 965 2100 σον
980 2035 1169 2120 ὁμόσπορον
1183 2038 1293 2116 ἔθνος,
1313 2033 1441 2100 Πυθέα.
1462 2054 1495 2098 ec

291 2304 332 2354 36.
358 2307 479 2353 ποντιᾶν
504 2298 614 2368 Heyne:
640 2297 760 2355 ποντίαν
786 2300 919 2355 codd—
942 2298 1051 2368 πράξαν
1075 2301 1163 2354 D—
1190 2305 1232 2355 37
1259 2300 1352 2354 κλειτὰ
1378 2300 1496 2354 1)Ρο-

220 2366 302 2425 νίσετ
323 2371 436 2424 BD-
455 2375 497 2452 38.
518 2369 591 2425 ἔνθα
609 2369 661 2440 μὲν
679 2371 751 2427 coni.
771 2370 984 2441 Mingarelli—
1003 2377 1046 2426 40.
1073 2369 1203 2463 συγγενὲς
1221 2372 1303 2426 D—
1322 2379 1364 2427 41.
1385 2368 1496 2442 Αλγίνα·

220 2445 274 2495 θεν
299 2439 349 2495 ἄπ’
372 2441 470 2512 scripsi
495 2447 646 2512 praeeunte
672 2442 863 2513 Mingarellio‚
890 2443 939 2512 qui
962 2442 1012 2512 Αλγ
1014 2438 1154 2498 ι’ναθεν
1136 2466 1157 2497 α
1176 2445 1373 2513 proposuerat.
1398 2442 1447 2515 Αλγ
1449 2442 1496 2517 λνᾳ

219 2517 291 2576 θεᾶς
309 2512 389 2568 codd
404 2517 434 2567 et
452 2529 517 2583 pars
536 2512 631 2580 schol,
646 2514 695 2583 Αλγ
698 2511 744 2588 λνᾳ
757 2519 829 2569 θεοῦ
844 2513 958 2569 Schmid
977 2531 1060 2583 quem
1078 2516 1246 2569 recentiores
1265 2514 1387 2571 editores
1406 2464 1494 2569 secuti

220 2588 343 2637 sunt-
370 2590 412 2637 43.
439 2585 500 2648 rede
524 2584 634 2655 μάτρως
660 2584 685 2639 σ’
706 2570 820 2655 ἀγάλλει
843 2584 892 2640 καί
915 2604 965 2640 σου
989 2584 1147 2655 ὁμόσπορον
1172 2585 1257 2649 ἔθνος
1275 2584 1379 2640 Πυθεα
1397 2585 1496 2655 scripsi

219 2655 387 2738 scholiorum
405 2654 528 2738 vestigia
548 2659 673 2711 secutus.
690 2657 753 2721 τεὸς
898 2657 1010 2782 ἀγάλλει
1025 2655 1120 2712 κελνου
1134 2656 1177 2727 ὁμ.
1193 2656 1255 2712 ἔθν.
1270 2653 1383 2719 πνθὲας
1401 2657 1496 2722 codd.;

218 2725 309 2796 prima
327 2727 455 2782 serba'
432 2744 472 2782 sic
490 2727 548 2782 iam
566 2728 702 2799 refingere
720 2677 941 2799 maiiiiwit-
957 2726 1049 2796 σὲ.,ολ
1065 2727 1097 2783 0.
1112 2745 1161 2783 ιιι
1162 2729 1252 2798 )τεὸς
1270 2727 1380 2798 μάτρως
1397 2729 1495 2797 ἀγ.-

290 2877 331 2924 34.
351 2867 550 2926 κατένευσεν..
564 2869 648 2925 ,ὥστε
662 2869 792 2940 πράξειν·
810 2871 844 2925 ολ.
859 2870 984 2952 Thucyd.
1000 2888 1048 2922 vm
1062 2887 1088 2924 ac
1103 2869 1367 2940 ἐπαγγελλόμενοι
1348 2888 1416 2924 ωστε
1431 2871 1495 2943 dorp·

217 2944 336 2996 θελν-
355 2946 397 2996 36.
421 2940 534 3005 πόντιος
552 2959 616 2995 cum
635 2959 748 3024 semper
762 2942 820 2996 vim
839 2939 974 2995 adiectivi
992 2940 1110 3010 habeat,
1132 2958 1189 2995 non
1207 2939 1326 2996 ποντίαν
1345 2961 1422 3009 τινα,
1446 2941 1495 2996 sed

218 3021 337 3067 ποντιᾶν
352 3015 501 3081 Νηρεΐδων
515 3034 578 3068 τινα
593 3017 707 3095 poetam
721 3013 824 3068 dixisse
838 3011 1003 3067 verisimile
1017 3015 1103 3066 est-
1115 3017 1157 3066 37.
1173 3013 1298 3084 αμβρὸν
1309 3011 1495 3067 Ποσειδάωνα

219 3082 299 3151 dixit,
338 3084 393 3137 uod
413 3084 567 3155 Neptunus,
587 3084 635 3154 qui
655 3086 708 3138 Am
708 3085 865 3155 hiptritam,
884 3100 969 3137 unam
988 3100 1022 3138 ex
1040 3033 1217 3152 Nereidibus
1236 3100 1350 3138 uxorem
1369 3083 1496 3145 duxerat,

218 3153 310 3223 Peleo,
348 3104 569 3210 hetidispmarito
583 3156 686 3222 futuro,
702 3104 842 3210 almitate
856 3155 968 3209 iunctus
983 3158 1090 3209 erat—
1106 3154 1155 3224 Αλγ
1157 3158 1242 3208 ᾶθεν·
1263 3155 1355 3226 Aegas
1370 3154 1496 3225 Neptuni

219 3241 313 3280 sacras
331 3225 444 3280 fuisse
436 3243 493 3280 ram
512 3227 647 3282 Homerus
667 3199 698 3281 Il.
715 3246 761 3280 sm
780 3243 820 3282 scs
838 3226 956 3293 dixerat
972 3225 1108 3280 Pindarus
1124 3175 1218 3280 airtem
1233 3225 1395 3308 Neptunum
1409 3174 1495 3308 legis

218 3295 354 3350 Isthmum
373 3297 509 3366 ludosque
527 3298 675 3353 Isthmicos
694 3301 836 3368 petentem
855 3296 930 3364 fecit,
948 3270 980 3351 iit
994 3314 1011 3350 a
1025 3296 1153 3351 Thetidis
1167 3296 1274 3367 nuptiis
1288 3296 1326 3350 ad
1340 3296 1496 3351 certamina

219 3366 349 3422 ludorum
368 3367 559 3438 Pythaamque
577 3369 713 3425 victorem
736 3369 847 3424 rediret
885 3341 1022 3438 Pytheam
1040 3385 1106 3423 sero
1125 3368 1240 3437 eiusque
1258 3367 1374 3423 fratrem
1393 3368 1496 3436 Phyla-

219 3438 343 3493 eidam
335 3456 392 3493 iarn
416 3442 476 3493 tum
499 3439 534 3494 de
558 3441 698 3495 Isthmicis
721 3441 796 3495 ludis
820 3439 958 3495 obeundis
982 3439 1123 3510 cogitasse
1141 3438 1232 3493 videri
1255 3438 1326 3494 bene
1349 3437 1495 3494 Disaenius

218 3509 379 3564 monuit—
399 3516 441 3566 41
464 3511 591 3567 πάντων·
616 3512 669 3566 hoc
687 3512 825 3568 vocabulo
844 3510 980 3565 transitus
999 3511 1036 3565 ad
1056 3510 1203 3580 sequentia
1220 3511 1264 3566 iit:
1288 3509 1412 3566 omnium
1432 3528 1495 3565 cum

218 3598 310 3636 rerum
330 3586 446 3636 eventus
465 3583 502 3635 ab
521 3569 649 3655 ingenita
667 3583 780 3637 fortuna
799 3587 828 3637 et
846 3582 939 3637 indole
959 3582 1090 3664 perederet,
1110 3582 1301 3664 Euthymenes
1320 3598 1431 3651 quoque
1450 3599 1494 3637 ce-

217 3653 327 3722 terique
345 3657 413 3723 gent
401 3652 466 3708 tiles
484 3653 635 3743 lamponis
654 3655 758 3708 virtute
777 3672 828 3709 sua
846 3654 883 3709 ad
902 3653 1051 3709 victoriam
1070 3652 1150 3723 qnasi
1169 3652 1231 3707 nati
1249 3656 1337 3708 erant

289 3731 332 3778 41.
350 3723 429 3778 τὸδ’
448 3722 546 3799 Αἰγίνᾳ
564 3730 645 3792 θεᾶς,
664 3726 839 3796 Εὐθύμενες
859 3725 983 3796 genuina
1002 3725 1027 3779 si
1044 3726 1114 3780 haec
1133 3728 1207 3779 esset
1225 3724 1318 3793 lectio,
1338 3728 1389 3779 ant
1406 3725 1493 3779 auda·

218 3794 330 3850 cissimo
354 3795 428 3850 saltu
452 3800 536 3866 poeta
555 3813 572 3849 a
596 3797 726 3867 Neptuno
751 3797 881 3868 praeside
905 3795 1034 3851 ludorum
1057 3796 1236 3850 isthmiorum
1259 3796 1296 3850 ad
1312 3769 1383 3850 lla
1406 3796 1494 3851 eticos

219 3865 300 3922 ludos
319 3866 460 3949 transiret
481 3871 531 3921 aut
548 3868 604 3921 Eut
592 3868 752 3937 thymenem
772 3867 890 3922 Isthmia
903 3867 1017 3937 quidem
1031 3867 1141 3934 vicisse,
1157 3867 1206 3922 sed
1220 3866 1346 3938 Aeginae
1381 3885 1493 3922 onorem

217 3937 314 4006 hymni
333 3937 447 4008 epinicii
467 3943 647 3993 consecutum
665 3956 726 3994 esse
745 3940 864 3994 obscura
883 3939 1010 3993 oratione
1029 3910 1208 4009 significaret
1241 3939 1297 3993 Sed
1315 3937 1373 3992 alia
1391 3938 1494 4028 legisse

217 4008 329 4063 videtur
347 4009 501 4064 scholiasta
519 4014 600 4065 vetus
620 4010 657 4065 ad
675 4030 701 4065 v.
715 4027 741 4065 ιι
756 4011 908 4066 adnotans:
929 4008 1004 4064 διατί
1016 4009 1149 4096 ὠνόμασε
1169 4019 1222 4064 νῦν
1240 4009 1289 4065 τόν
1305 4007 1467 4079 ’ςλσθμόν”
1452 4029 1493 4064 οτι

217 4078 319 4143 ολιιειος
337 4101 378 4144 τις
396 4102 431 4150 ην
450 4090 500 4136 τοῦ
518 4081 602 4137 Πνθέ
603 4102 650 4149 ου,
676 4080 749 4145 ελςδ
751 4104 768 4137 ν
786 4081 856 4152 αὕτη
877 4082 894 4151 ἡ
913 4080 971 4154 ᾠδη
991 4078 1158 4151 γέγραπται,
1185 4080 1366 4151 Εὐθυμένης,
1390 4079 1420 4142 ὁς
1439 4079 1493 4135 ivl-

217 4169 303 4220 μησεν
320 4150 441 4235 λσθμια.
480 4153 597 4208 Accedit
638 4124 693 4208 irod
716 4153 887 4208 Pindarus
879 4171 939 4224 ipsc
959 4154 978 4207 l
993 4171 1021 4205 ιι
1039 4170 1064 4208 ιι
1084 4152 1289 4222 Euthymenem
1306 4152 1425 4206 Isthmia
1444 4155 1495 4205 aut

217 4220 324 4277 Nemea
343 4223 444 4278 vicisse
463 4227 559 4294 aperte
577 4172 711 4281 declarat.
740 4225 808 4279 Inde
827 4225 954 4279 codicum
973 4223 1132 4292 lectionem,
1151 4240 1223 4293 quae
1241 4221 1316 4277 falsa
1330 4239 1390 4277 esse
1404 4225 1494 4277 metro

217 4293 471 4421 λλλλλλλλ
481 4295 670 4437 λλλλλ
681 4295 1000 4438 λλλλλιλλλλλλ
1019 4299 1052 4421 λ
1052 4294 1282 4435 {elidite}
1299 4294 1494 4454 λλλλλλλ

216 4435 304 4491 fuisse
327 4436 405 4491 dicat
393 4440 494 4491 tur-
519 4444 560 4493 42
586 4435 677 4502 Νίκας
701 4439 731 4494 ἐν
749 4441 902 4509 ἀγκώνεσσι
926 4439 1042 4493 πιτνάιν·
1052 4388 1102 4492 ref
1121 4438 1141 4491 1.
1161 4456 1181 4489 11
1200 4453 1225 4491 ra
1245 4436 1276 4491 ἒν
1294 4437 1410 4506 γούνασι
1431 4456 1493 4489 πιτ-

216 4508 303 4562 νόντα
319 4510 422 4571 Νίκας·
443 4508 526 4563 aliter
539 4510 681 4564 Romanus
695 4513 780 4582 poeta
797 4511 856 4565 Ius
871 4528 919 4563 vm
934 4526 960 4563 ca
973 4528 1040 4563 rora
1055 4511 1119 4579 ιἰιμο
1135 4508 1256 4562 Victoria
1270 4511 1384 4564 sedit-
1402 4513 1443 4561 43
1459 4525 1491 4561 ex

216 4578 310 4633 serbis
330 4579 500 4634 scholiastae
519 4580 632 4650 ἀγάλλει
652 4591 702 4637 σοῦ
720 4582 752 4636 τὸ
772 4580 930 4671 ὁμόσπορον
951 4579 1035 4644 ἔθνος
1052 4579 1083 4634 τδ
1103 4588 1158 4634 τῶν
1173 4579 1338 4648 Αἰγινητῶν
1359 4583 1493 4646 κατάλλη-

216 4648 330 4719 λότερον
355 4650 386 4705 δὲ
414 4651 482 4706 ἔνιοι
509 4653 649 4721 γράφουσι
674 4651 804 4721 Πυθέας,
830 4651 869 4707 ιν’
891 4646 908 4723 ᾗ
935 4651 1041 4721 μήτρως
1060 4649 1179 4714 Πυθέας
1202 4655 1320 4721 apparet
1344 4649 1408 4703 lect
1389 4653 1492 4702 tionem

216 4722 345 4776 codicum
359 4721 477 4786 Πυθέας
495 4723 704 4794 interpolatoris
724 4741 808 4778 manu
823 4723 853 4776 in
866 4707 976 4777 textum
989 4721 1099 4776 illatam
1115 4739 1189 4790 asse;
1209 4722 1387 4776 emendatum
1401 4721 1493 4774 locuni

218 4793 257 4847 sic
283 4793 464 4864 interpretor
491 4812 562 4848 nunc
587 4799 628 4863 te,
653 4795 706 4864 Pyt
694 4796 773 4864 thee
800 4794 922 4864 vestigia
946 4793 1079 4848 avunculi
1098 4767 1224 4848 secutirm
1244 4797 1273 4846 et
1291 4791 1445 4847 avunculus
1465 4797 1495 4846 et

217 4867 280 4920 tota
298 4883 367 4936 gens
386 4866 585 4935 praedicat—

271 4967 397 5007 Ριιιιιιιιιιι
412 4967 445 5006 ed.
459 4966 562 5005 Christ.
1250 4959 1281 5006 18
