3442 5550
217 363 281 427 328
687 366 834 416 rinnnar
853 367 1018 419 aermon.

270 528 389 607 παῖδα,
412 535 568 613 θρασεῖαι
591 530 650 593 τόν
672 550 749 593 ποτε
774 530 928 612 Γηρυόνα
952 526 1073 612 φρίξαν
1096 529 1201 605 κύνες.
1309 526 1376 592 Ἐπ.
1395 525 1443 592 α’.
1465 546 1500 593 15

271 634 347 701 ἀλλ’
373 635 436 718 ἐγὼ
455 633 625 722 Ἡροδότῳ
649 636 774 719 τεύχων
797 636 834 700 τὸ
857 632 918 720 μὲν
941 636 1060 719 ἀρματι
1083 638 1254 722 τεθρίππῳ
1277 633 1390 718 γέρας,

220 761 253 807 15
273 742 350 808 ἀνία
373 740 402 807 τ’
428 742 616 827 ἀλλοτρίαις
639 743 680 808 ού
704 741 794 827 χερσὶ
817 743 1021 826 νωμάσαντι,
1043 741 1133 807 θέλω
1463 760 1499 807 ‘20

272 848 292 934 ἢ
316 853 506 937 Καστορείῳ
530 849 550 933 ἣ
572 848 671 914 Ἰολά-

317 955 360 1021 οι’
387 956 561 1041 ἐναρμόξαι
586 981 641 1021 νιν
664 956 766 1044 ύμνῳ.

272 1075 374 1128 κεῖνοι
397 1065 461 1148 γάρ
485 1064 604 1147 ἡρώων
627 1063 827 1148 διφρηλάται
852 1064 1073 1147 Λακεδαίμονι
1096 1062 1151 1128 καί

319 1172 444 1254 Θήβαις
467 1170 650 1235 ἐτέκνωθεν
673 1171 850 1256 κράτιστοι.
1463 1189 1497 1236 25

273 1352 310 1415 ἒν
332 1347 361 1413 τ’
387 1346 538 1413 ἀέθλοισι
561 1353 663 1431 θίγον
685 1352 847 1414 πλείστων
871 1349 1025 1432 ἀγώνων,
1298 1354 1377 1433 Στρ.
1397 1347 1442 1432 β’.

274 1454 328 1520 καί
351 1455 563 1539 τριπόδεσσιν
586 1454 770 1539 ἐκόσμησαν
793 1456 897 1540 δόμον

221 1580 255 1628 20
274 1561 329 1628 καὶ
353 1563 543 1646 λεβήτεσσιν
567 1563 721 1646 φιάλαισί
742 1586 776 1627 τε
798 1571 938 1647 χρυσοῦ,

273 1673 446 1753 γενόμενοι
470 1669 644 1753 στεφάνων

274 1778 482 1861 νικαφόρων·
507 1776 624 1861 λάμπει
649 1774 684 1841 δὲ
709 1779 818 1861 σαφὴς
840 1776 938 1862 ἀρετὰ

275 1888 312 1949 ἐν
335 1908 369 1949 τε
392 1895 546 1967 γυμνοῖσι
571 1884 718 1959 σταδίοις
741 1888 857 1969 σφίσιν
880 1887 916 1949 ἕν

319 1989 348 2055 τ’
374 1989 687 2055 ἀσπιδοδού-ποισιν
711 1990 860 2066 ὁπλίταις
883 1991 1030 2076 δρόμοις·

275 2161 330 2234 οἷά
351 2193 386 2234 τε
409 2166 522 2253 χερσὶν
546 2167 771 2248 ἀκοντίζοντες
793 2171 940 2253 αίχμαίς,
1294 2168 1378 2236 'Arta
1397 2172 1442 2256 β’.

296 2350 337 2399 15.
362 2344 522 2415 νωμάσαντι
545 2342 619 2399 θέλω
644 2345 714 2400 ttoni.
731 2345 927 2399 Wiskemann:
954 2342 1113 2415 νωμάσαντ’
1136 2342 1223 2399 ἐθέλω
1247 2346 1327 2400 codd.
1347 2350 1377 2401 et
1399 2348 1500 2413 schol.;

224 2418 257 2472 cf.
278 2417 297 2471 l.
314 2435 341 2469 vi
359 2432 398 2483 433
422 2415 532 2485 τεύχειν
555 2416 583 2469 in
607 2416 753 2487 proecdosi
777 2415 829 2470 scri
851 2432 942 2470 seram
960 2423 1056 2471 -16,
1079 2415 1189 2471 ’rotant’
1211 2416 1378 2474 Mommsen:
1402 2419 1500 2475 ίολάσυ

224 2489 301 2553 BD3
320 2485 384 2541 vide
404 2487 439 2540 ad
460 2485 490 2541 Ο.
507 2504 577 2542 110³.
596 2508 627 2541 ιιι
643 2506 669 2543 ao
687 2520 720 2528 -
741 2493 782 2543 18.
802 2489 930 2542 ἄθλοισι
948 2485 1046 2557 θίγοις
1070 2488 1233 2557 στεφάνοισι
1251 2486 1337 2555 θίγον
1355 2490 1442 2545 schol.
1462 2491 1499 2545 ad

225 2560 244 2615 l.
260 2579 286 2613 vv
302 2577 326 2612 re
349 2592 381 2598 —
403 2556 500 2628 θίγονι
526 2556 606 2629 μίγεν
631 2559 701 2614 coni.
717 2558 900 2612 Wiskcmann
922 2591 954 2598 -
978 2565 1020 2614 20.
1042 2559 1182 2626 levitates
1203 2560 1243 2627 B,
1270 2560 1395 2633 λεβήτεσι
1414 2563 1444 2617 D
1466 2594 1498 2603 -

226 2638 267 2686 21.
288 2626 433 2699 πενόμενοι
452 2631 481 2683 D
501 2661 533 2670 -
552 2636 593 2683 23.
619 2639 746 2701 γυμνοῖσι
764 2629 861 2685 Trici:
885 2651 919 2701 γυ
941 2639 1000 2694 νοῑς
1018 2630 1045 2684 Β
1099 2663 1131 2669 -
1151 2629 1301 2686 ἀοπιδόσιν
1323 2650 1417 2687 πεισικ
1439 2637 1501 2699 (aut

226 2702 392 2771 ...πασιν)
412 2702 441 2755 D
460 2733 493 2740 -
514 2707 555 2756 14.
576 2698 621 2755 οἶά
640 2720 670 2756 τε
688 2703 714 2756 Β
734 2702 764 2756 et
782 2699 880 2755 schol:
905 2651 947 2764 οίς
968 2720 997 2755 τε
1022 2701 1052 2756 D
1070 2734 1103 2741 -
1123 2702 1236 2773 αίχμαὶς
1259 2706 1289 2757 et
1310 2706 1498 2769 λιθίνοις...

225 2770 331 2836 δίσκοις
350 2774 497 2841 (δίσκοισιν
516 2774 555 2843 D)
574 2772 666 2828 codd:
686 2772 788 2843 αἰχμὰς
806 2777 836 2827 ct
853 2770 1001 2836 λιθίνους.
1018 2817 1023 2827 .
1042 2770 1173 2836 ,δίσκους
1191 2773 1276 2827 Pauw
1295 2806 1330 2814 —

299 2903 338 2953 13.
363 2898 456 2961 κύνες·
477 2897 517 2951 rci
536 2898 682 2967 augendae
701 2916 787 2953 causa
804 2900 890 2968 poeta
912 2897 1114 2967 grandiloquus
1132 2898 1237 2968 plurali
1255 2917 1322 2953 usus
1340 2902 1397 2967 esa
1417 2901 1453 2957 cf.
1469 2901 1501 2956 Ο.

225 2969 579 3025 v6.1xoo.P.1ae.xae.
600 2969 633 3024 N.
648 2990 679 3022 111
696 2989 714 3026 1.
735 2972 753 3024 l.
768 2989 789 3022 11
803 2988 836 3024 nu.
855 2989 886 3023 111
902 2989 934 3024 ιι.
953 2988 1002 3022 v111
1016 2985 1049 3025 aa.

298 3047 339 3096 14.
355 3040 392 3095 ad
406 3039 520 3094 victoris
534 3040 648 3095 laudem
662 3040 772 3109 transit,
786 3040 832 3095 cui
846 3040 1018 3094 laudationis
1033 3041 1108 3111 parti
1118 3040 1220 3095 callide
1230 3041 1333 3097 intexit
1343 3042 1501 3097 fabularern

226 3115 336 3182 partem
356 3113 390 3166 de
409 3111 541 3166 heroibus
560 3111 666 3183 aurigis
686 3114 801 3167 Castore
820 3116 849 3166 et
867 3112 943 3165 Iolao
964 3145 995 3153 -
1015 3111 1075 3166 ἀλλ’
1098 3113 1162 3182 ἐγώ·
1182 3130 1334 3182 pronomen
1353 3115 1502 3185 {versonale

226 3184 383 3254 particulae
402 3183 598 3237 adversativae
617 3184 866 3252 exhortativaequc
885 3183 1015 3237 additum
1033 3187 1076 3237 est
1094 3183 1180 3238 etiam
1199 3184 1229 3239 P.
1245 3204 1274 3237 ur
1294 3202 1327 3240 vv.
1347 3185 1381 3240 N.
1397 3205 1426 3239 vx
1440 3203 1454 3241 a
1468 3218 1502 3227 -

229 3262 268 3310 15.
284 3257 318 3310 de
328 3254 475 3325 particulis
505 3254 536 3308 ὲν
547 3298 552 3308 .
565 3299 570 3308 .
582 3297 588 3308 .
598 3275 627 3309 τε
638 3255 692 3308 sibi
703 3255 936 3326 respondentibus
946 3254 1010 3309 vide
1021 3255 1052 3309 0.
1063 3275 1093 3307 1n
1104 3273 1129 3324 o;
1143 3256 1243 3324 quodsi
1253 3274 1349 3310 currua
1359 3260 1389 3311 et
1401 3258 1503 3328 auriga

227 3327 349 3396 oppositi
373 3328 453 3393 sunt,
477 3275 537 3380 deri
560 3343 615 3380 non
635 3330 729 3395 potest
746 3326 815 3395 quin
833 3323 992 3396 νωμάσαντ’
1013 3344 1047 3380 ex
1066 3326 1226 3396 νωμάσαντι
1245 3327 1423 3382 decurtatum
1442 3346 1503 3384 esse

226 3403 365 3468 putemus,
380 3414 428 3451 seu
443 3401 553 3467 praeter
572 3415 746 3451 communem
765 3397 993 3452 consuetudinem
1013 3397 1150 3451 Pindarus
1169 3399 1296 3453 vocalem
1316 3399 1406 3453 dativi
1426 3400 1504 3463 elisit¹

227 3469 272 3539 (cf.
284 3470 304 3524 Ι,
315 3488 335 3521 11
346 3472 390 3535 ιο),
406 3484 454 3522 seu
470 3472 580 3539 praeter
595 3486 675 3522 suum
690 3469 801 3523 dicendi
817 3485 905 3539 genus
920 3467 1007 3523 ’θέλω
1026 3486 1076 3539 pro
1096 3468 1184 3524 ἐθέλω
1204 3470 1350 3539 usurpavit
1370 3504 1401 3511 -
1423 3474 1503 3527 ἀλλο·

227 3538 316 3608 τρίαις
339 3542 372 3593 οὐ
395 3542 484 3609 χερσί·
512 3557 682 3609 magnopere
709 3541 801 3612 gloria
829 3540 931 3594 curulis
959 3540 1094 3594 victoriae
1122 3542 1292 3611 augebatur,
1321 3541 1344 3594 si
1373 3542 1503 3597 dominus

227 3610 428 3681 quadrigarum
442 3628 498 3665 non
513 3610 614 3664 alienis
631 3611 746 3683 aurigae
761 3611 890 3666 manibus
905 3612 1045 3678 utebatur,
1061 3612 1110 3665 sed
1124 3610 1185 3699 ipse
1200 3612 1257 3666 suis
1270 3612 1401 3667 manibus
1415 3630 1503 3684 equos

223 3683 355 3753 regebat;
379 3680 609 3737 cf.Prol.axxn1
634 3715 668 3722 —
693 3689 735 3737 16.
759 3680 918 3756 Καστορείῳ
943 3680 959 3750 ἦ
981 3681 1099 3737 ’λολάοιο
1122 3701 1210 3756 υμνῳ·
1235 3684 1398 3738 Castoreum
1421 3689 1503 3741 vetus

226 3752 414 3836 hyporchenra
433 3753 535 3806 curulis
554 3753 690 3808 victoriae
705 3753 827 3808 Castoris
846 3754 933 3808 fuisse
952 3758 1070 3824 apparet
1089 3771 1122 3809 ex
1141 3755 1170 3809 P.
1185 3775 1206 3807 11
1225 3772 1263 3823 oe;
1283 3755 1357 3810 idem
1377 3756 1503 3826 dactylo·

227 3823 375 3895 eprtriticis
394 3825 516 3878 numeris
536 3825 719 3895 compositum
739 3826 834 3894 fuisse,
854 3842 887 3879 cx
906 3828 995 3879 metro
1014 3825 1097 3878 huius
1116 3826 1248 3880 carminis
1267 3826 1361 3881 nescio
1381 3845 1419 3881 an
1438 3845 1502 3884 con-

226 3896 338 3950 cludere
362 3895 460 3962 liceat3
486 3896 519 3950 cf.
541 3916 564 3951 v.
585 3914 610 3951 τι
635 3930 667 3937 -
694 3902 733 3950 18.
761 3897 791 3951 ἐν
814 3897 1128 3966 ἀίθλοις...άγόνων
1152 3914 1202 3967 pro
1226 3897 1256 3952 ἐν
1279 3900 1365 3968 ἀγῶσι
1390 3897 1504 3955 ἀέθλων

263 3968 393 4021 rmutatis
419 3967 530 4020 canibus
554 3971 667 4036 poetam
691 3967 795 4023 dixisse
822 3968 991 4022 scholiastae
1015 3972 1129 4038 putant3
1154 3968 1273 4023 similem
1292 3968 1503 4041 neglegentiam

227 3984 315 4093 ἀάοοε
334 4039 354 4094 l.
370 4058 407 4091 vu
423 4056 460 4106 ιος
480 4039 554 4107 quod
574 4039 597 4092 si
617 4039 661 4093 cui
681 4040 756 4093 iusto
775 4040 910 4094 audacius
929 4039 1128 4108 ascendetur,
1148 4040 1174 4094 ei
1194 4040 1224 4094 ἔκ
1243 4060 1271 4094 τε
1293 4043 1401 4112 ‘atque’
1423 4046 1456 4097 ut
1473 4042 1504 4097 ίν

227 4109 258 4164 δὲ
274 4110 304 4165 Ο.
316 4129 354 4162 vn
368 4126 380 4164 ε
394 4110 488 4164 valore
503 4113 532 4164 et
546 4112 663 4192 ἀγόνων
677 4111 713 4165 ab
728 4109 865 4180 ἀέθλοισι,
879 4128 935 4165 non
950 4128 968 4164 a
981 4114 1067 4180 θίγον
1081 4111 1201 4180 pendere
1217 4111 1398 4167 iudicandum
1414 4118 1459 4169 est
1470 4146 1504 4155 -

228 4189 270 4236 19.
286 4179 450 4250 ἐκόσμησαν,
464 4182 597 4251 praemiis
612 4182 795 4238 certaminum
809 4185 842 4237 ut
856 4182 963 4237 exuviis
976 4182 1044 4236 belli
1060 4183 1172 4236 domurn
1188 4187 1332 4253 ornarunt,
1349 4202 1406 4253 quo
1419 4189 1504 4256 pacto

228 4252 387 4308 etiamnunc
407 4256 572 4307 venatorum
591 4255 689 4307 domus
708 4253 792 4307 discis
812 4253 987 4309 iaculatoriis
1007 4257 1120 4307 ornatas
1139 4253 1266 4309 videmus
1286 4287 1319 4295 -
1340 4261 1382 4310 22.
1403 4256 1504 4345 σαφής,

227 4325 316 4393 clara,
341 4341 413 4393 quae
432 4325 553 4395 genuina
572 4326 614 4378 vis
634 4325 716 4379 huius
735 4324 866 4380 vocabuli
886 4342 946 4379 esse
965 4325 1077 4378 videtur
1096 4358 1128 4364 -
1148 4331 1190 4379 23.
1217 4335 1343 4396 γυμνοῖσι
1367 4330 1504 4391 σταθιοις·

227 4396 383 4450 certamina
398 4395 492 4462 stadii,
508 4413 580 4464 quae
596 4397 660 4450 inde
676 4396 712 4451 ab
728 4397 856 4479 Orsippo,
871 4396 920 4465 qui
935 4397 977 4450 01.
992 4413 1018 4452 aa
1032 4396 1146 4465 vicerat,
1161 4396 1229 4451 nudi
1244 4397 1303 4452 sine
1318 4398 1505 4470 subiugaculo

228 4467 359 4533 obibant,
385 4467 477 4521 cursui
498 4471 606 4521 armato
626 4468 714 4521 multo
733 4472 797 4537 post
815 4487 844 4522 in
863 4468 944 4522 ludos
965 4485 1057 4522 sacros
1077 4472 1189 4538 recepto
1208 4473 1399 4539 opponuntur;
1419 4471 1455 4525 ef.
1476 4472 1505 4526 P.

227 4537 691 4595 naa.N.v1uio.l'rol.r.rr1-
717 4545 758 4593 24.
786 4537 832 4594 οἶα
858 4557 899 4593 τε·
927 4556 960 4593 ex
985 4540 1169 4608 praecedente
1196 4540 1345 4594 enunciata
1372 4542 1505 4613 suppleas

229 4608 370 4679 ἔλαμψαν·
392 4609 457 4663 dein
476 4608 589 4679 αἰχμαίς
607 4613 636 4663 et
655 4607 775 4673 λιθίνοις
793 4609 898 4674 δίσκοις
915 4627 966 4681 pro
986 4610 1154 4664 accusativis
1173 4611 1295 4665 Aeolicis
1315 4611 1416 4681 habeo,
1435 4630 1505 4683 quos

229 4680 258 4733 in
278 4682 399 4735 carmine
419 4680 474 4735 civi
497 4681 602 4735 Boeoto
630 4681 733 4752 scripto
753 4685 901 4753 usurpatos
920 4699 981 4736 esso
1000 4681 1070 4734 nihil
1090 4682 1152 4735 rniri
1173 4684 1266 4737 habet.
1306 4683 1343 4737 Ut
1361 4684 1437 4738 enim
1456 4685 1505 4739 da·

230 4751 304 4804 tivns
330 4754 442 4823 αἰχμαῖς
468 4754 552 4806 verbo
578 4754 770 4818 ἀκοντίζοντες
795 4754 906 4808 iunctus
931 4752 997 4807 ferri
1022 4756 1128 4821 poten,
1155 4754 1198 4808 ita
1216 4754 1344 4825 exempla
1363 4756 1401 4809 ab
1421 4756 1506 4811 inter-

230 4824 354 4891 pretibus
375 4823 464 4877 allata
483 4824 553 4877 nihil
572 4824 668 4877 valcnt
687 4824 723 4878 ad
743 4825 912 4880 locutionem
932 4825 962 4878 ἐν
981 4822 1087 4888 δίσκοις
1105 4823 1147 4879 ἵει·
1167 4825 1373 4882 defendendam
1393 4860 1427 4869 -
