3442 5550
573 406 608 459 11.
637 406 686 456 DE
704 405 799 456 ARTE
817 405 978 457 MnTmcs
999 404 1157 458 PINDARI.
1406 403 1507 458 XLVII

214 567 348 632 sancita
366 572 400 630 et
414 566 560 631 stabilita
573 567 649 651 fuit,
668 572 705 631 ut
720 572 835 651 poetae
848 567 883 631 in
898 568 1070 633 concitatis
1086 568 1232 632 versibus
1247 590 1318 632 earn
1333 567 1508 654 neglegere

215 673 313 738 nefas
333 678 495 758 putarent.
528 673 687 740 Pindarus
707 680 793 740 certe
812 697 878 739 non
897 675 1003 740 solum
1021 675 1056 739 in
1074 675 1305 759 paeonicorum
1325 675 1507 741 carminum

219 780 369 865 strophis
397 802 457 864 pro
483 781 602 846 cretico
628 804 710 865 puro
735 780 765 868 (
785 825 803 849 o
821 780 853 870 )
877 781 996 848 cretico
1021 781 1130 847 soluto
1154 781 1205 845 vel
1228 782 1400 868 paeone(
1420 825 1439 850 o
1456 778 1507 869 ue)

218 909 301 951 usus
330 892 396 971 est,
423 888 479 951 sed
501 909 542 952 ne
565 886 598 951 in
621 888 695 953 aliis
719 889 848 972 quidem
873 889 1069 954 carminibus
1093 888 1226 953 licentia
1248 887 1381 974 longam
1406 890 1530 954 trium·

220 1016 389 1059 morarum
412 994 448 1058 in
471 995 550 1060 duas
569 996 682 1060 breves
702 995 847 1060 solvendi
866 1019 999 1081 prorsus
1019 995 1185 1060 abstinuit.
1224 993 1357 1060 Certum
1377 995 1506 1080 quidem

221 1100 407 1186 exemplum
431 1107 538 1168 exstet
560 1103 594 1167 in
618 1103 759 1168 carmine
782 1102 972 1189 logaoedico
996 1102 1020 1167 Ι.
1040 1120 1102 1167 vlu
1121 1103 1152 1187 5,
1175 1102 1231 1167 ubi
1254 1124 1314 1188 pro

688 1220 1082 1261 “.υυ-υί-.-υυ-ῦ

221 1318 258 1382 in
281 1317 427 1402 strophis
451 1317 550 1383 tertia
572 1322 688 1402 quarta
711 1317 826 1401 quinta
848 1317 989 1383 admissa
1012 1322 1062 1381 est
1084 1316 1164 1381 haec
1188 1316 1294 1381 forma

225 1532 351 1597 Eadem
379 1554 455 1597 vero
481 1531 615 1597 licentia
641 1552 798 1615 paeonem
822 1536 974 1616 quartum
998 1552 1057 1614 pro
1082 1529 1213 1614 dipodia
1235 1529 1400 1596 trochaica
1423 1536 1508 1596 cata-

225 1637 343 1704 lectica
370 1639 510 1723 ponendi
539 1638 694 1723 occurrit,
722 1637 749 1703 si
778 1660 865 1703 mess
892 1639 1036 1703 rationes
1066 1637 1220 1702 metiendi
1247 1639 1382 1724 probas,
1409 1638 1508 1702 etiam

226 1744 260 1810 P.
280 1748 357 1811 vl3
386 1751 419 1809 et
441 1764 477 1809 xr
496 1748 532 1830 5,
563 1746 703 1810 fortasse
733 1745 832 1810 etiam
861 1743 897 1810 O.
921 1763 957 1808 lv
984 1749 1011 1810 ἶ.
1040 1763 1064 1809 x
1087 1769 1135 1830 ep.
1161 1747 1188 1810 9.
1219 1763 1279 1808 xlv
1298 1746 1327 1809 5.
1364 1743 1404 1809 N.
1423 1763 1459 1808 vl
1477 1747 1509 1809 4.

225 1870 274 1916 vu
298 1876 347 1937 ep.
367 1856 397 1918 3.
420 1857 449 1917 4.
494 1852 612 1917 Miram
640 1857 749 1916 autem
777 1853 860 1917 hanc
888 1853 1054 1917 licentiam
1082 1851 1229 1937 Pindari,
1261 1876 1281 1916 a
1308 1875 1372 1937 qua
1398 1857 1508 1917 tamen

225 1982 264 2024 nc
288 1959 408 2024 scenici
432 1959 560 2043 quidem
583 1964 700 2043 poetae
723 1981 856 2044 prorsus
880 1960 1133 2044 abhorruerunt,
1156 1982 1223 2024 non
1249 1960 1344 2025 aliter
1362 1959 1509 2025 excusari
1536 1978 1539 1985 ·

226 2089 320 2152 posse
354 2066 543 2131 crediderim
576 2067 638 2131 nisi
672 2067 758 2151 quod
791 2066 848 2131 illo
881 2071 1028 2150 tempore
1060 2067 1205 2131 rationes
1240 2067 1443 2152 rhythmicae
1476 2072 1509 2131 et

227 2196 395 2239 mensurae
427 2172 606 2260 longarum
631 2174 740 2259 longis
767 2174 953 2260 longiorum
981 2174 1117 2239 summis
1146 2179 1274 2238 tantum
1302 2173 1509 2240 lineamentis

228 2283 437 2347 adumbratae
468 2302 572 2365 neque
603 2279 670 2344 iam
701 2280 742 2344 ad
769 2286 874 2346 certas
902 2281 1059 2347 formulas
1088 2281 1236 2346 redactae
1267 2286 1370 2346 erant.
1417 2280 1510 2357 Quod

228 2412 298 2454 cum
320 2389 385 2474 ipsi
409 2388 614 2453 concedimus
639 2392 672 2451 et
694 2387 844 2471 inprimis
867 2388 901 2452 in
920 2387 1092 2453 concitatis
1110 2387 1254 2453 numeris
1274 2389 1405 2474 longam
1426 2392 1510 2452 cata-

227 2496 332 2562 lectici
362 2496 454 2580 pedis
482 2496 644 2578 ultimam,
678 2494 706 2558 si
734 2495 824 2560 brevi
851 2495 1024 2561 intervallo
1053 2494 1207 2560 catalexis
1241 2495 1374 2578 rediret,
1406 2500 1444 2558 ut
1474 2494 1509 2558 in

229 2604 372 2669 versibus
406 2603 534 2669 creticis
567 2607 600 2667 et
633 2600 875 2689 choriambicis,
905 2625 972 2667 non
1003 2603 1038 2666 in
1068 2602 1200 2687 plenum
1228 2603 1387 2668 ambitum
1416 2602 1508 2686 pedis

229 2710 383 2796 simplicis
405 2709 506 2774 trium
525 2714 704 2793 quatuorve
719 2714 902 2794 temporum
916 2711 1108 2795 productam
1124 2732 1193 2775 esse
1209 2710 1380 2796 largimur,
1398 2714 1510 2774 tamen

229 2819 266 2882 ab
288 2840 402 2884 eorum
425 2816 558 2881 levitate
581 2813 677 2902 longe
702 2815 876 2902 distamus,
902 2817 958 2903 qui
985 2839 1097 2882 omnes
1120 2816 1179 2881 has
1204 2816 1411 2901 quaestiones
1435 2815 1509 2900 rhy-

230 2925 365 2990 thmicas
384 2923 517 2988 inutiles
536 2927 569 2987 et
587 2927 682 2988 notas
702 2923 823 3007 dactyli
842 2924 955 3008 cyclici
974 2930 1007 2988 et
1026 2925 1198 3009 longarum
1214 2924 1313 2988 trium
1328 2928 1509 3007 quatuorve

230 3054 391 3097 morarum
419 3054 438 3094 a
464 3029 638 3094 schematis
663 3035 808 3095 veterum
832 3030 1013 3097 carminum
1036 3030 1231 3094 amovendas
1255 3052 1325 3094 esee
1349 3029 1508 3094 dictitent.

230 3138 288 3203 nst
311 3138 451 3224 quadam
474 3136 604 3222 prodire
628 3142 737 3222 tenus,
760 3136 788 3201 si
811 3158 878 3201 non
901 3137 996 3201 datur
1020 3137 1114 3201 ultra.

314 3244 912 3342 ngifflsmshrlhmicifl
946 3244 1177 3309 rationibus.
1230 3244 1304 3309 Huc
1335 3265 1437 3328 usque
1470 3243 1509 3307 de

228 3353 410 3438 rhythmica
443 3374 595 3417 mensura
626 3351 743 3435 pedum
773 3342 977 3436 simplicium*
999 3343 1249 3438 disputavimus,
1282 3351 1337 3416 sed
1370 3350 1510 3436 dipodiis

230 3482 354 3545 qnoque
378 3466 410 3525 et
434 3460 570 3545 pedibus
595 3458 801 3543 compositis,
825 3464 862 3523 ut
885 3483 983 3545 supra
1005 3459 1125 3523 iamin
1144 3458 1278 3524 metrice
1296 3464 1388 3544 parte
1412 3458 1509 3522 huius

229 3567 450 3633 commentarii
483 3566 707 3652 exposuimus,
739 3588 797 3630 sua
828 3566 877 3631 vis
909 3568 944 3631 in
976 3565 1168 3650 rhythmicis
1201 3566 1383 3631 rationibus
1412 3570 1445 3630 et
1475 3567 1509 3629 in

228 3673 455 3740 distributione
479 3673 604 3738 ictuum
627 3677 685 3736 est.
725 3671 838 3756 Neque
863 3674 949 3737 enim
974 3695 1085 3737 omncs
1104 3675 1201 3759 pedes
1222 3696 1332 3738 versus
1351 3672 1422 3757 pari
1441 3673 1508 3738 ictu

228 3782 465 3866 percutiuntur,
493 3782 549 3846 sed
573 3778 629 3843 elii
653 3778 726 3843 aliis
751 3780 915 3866 graviores
940 3785 1023 3844 sunt.
1070 3779 1178 3865 Atque
1207 3780 1356 3865 dipodiae
1380 3779 1509 3864 quidem

227 3911 299 3954 cnm
318 3888 401 3954 alter
420 3910 477 3973 pes
497 3886 591 3970 arsis,
611 3885 713 3950 thesis
730 3885 813 3950 alter
826 3890 936 3970 partes
952 3886 1098 3950 obtinere
1112 3885 1367 3973 perhibeatur¹),
1385 3886 1510 3952 ictuum

226 3997 291 4060 vim
317 3995 366 4059 ita
394 3994 551 4080 distingui
580 4015 639 4078 par
667 3998 730 4078 est,
758 3997 794 4055 ut
821 3993 912 4076 prior
938 4016 995 4078 pes
1025 3994 1150 4057 duobus
1178 3993 1323 4078 punctis,
1351 3994 1509 4058 secundus

227 4124 290 4167 uno
309 4106 432 4188 puncto
452 4105 585 4165 notetur
609 4098 641 4186 (
658 4142 677 4167 υ
694 4146 712 4167 r
729 4095 776 4184 o),
799 4098 849 4162 rel
869 4105 905 4163 ut
925 4100 1046 4164 omisso
1064 4100 1132 4165 ictu
1154 4100 1289 4164 alterius
1307 4100 1398 4184 pedis
1419 4100 1509 4165 solus

226 4210 315 4295 prior
337 4214 417 4275 nota
440 4208 525 4273 ictus
550 4208 697 4293 signetur
716 4204 749 4292 (r
767 4248 786 4274 υ
804 4267 819 4274 -
839 4204 880 4294 u).
913 4207 1027 4293 Neque
1047 4207 1134 4291 quod
1153 4228 1225 4271 raro
1244 4206 1279 4270 in
1297 4206 1409 4290 lyricis
1429 4207 1509 4273 colis

225 4316 374 4382 iambicis
406 4315 622 4381 trochaicisre
655 4313 715 4379 sub
748 4314 845 4379 finem
876 4314 1031 4398 cuiusque
1059 4312 1208 4398 dipodiae
1237 4336 1355 4397 anceps
1384 4314 1509 4398 syllaba

228 4424 368 4491 admissa
395 4428 459 4506 est,
486 4423 519 4486 id
544 4423 673 4488 obstare
697 4420 837 4504 ridetur,
867 4421 1039 4505 quominus
1063 4422 1147 4486 ictus
1172 4420 1308 4485 duorum
1332 4422 1451 4506 pedum
1475 4421 1507 4484 in

228 4531 360 4596 canticis
384 4551 486 4613 aeque
509 4534 606 4614 atque
625 4529 660 4593 in
678 4528 838 4594 deverbiis
856 4551 951 4614 pares
970 4528 1070 4594 fuisse
1090 4549 1254 4614 negemus.
1289 4527 1379 4592 ldem
1399 4533 1507 4592 autem

230 4639 311 4720 quod
334 4639 374 4703 de
398 4635 571 4701 trochaicis
595 4613 808 4720 iainbicisque
831 4637 977 4701 versibus
1003 4637 1102 4721 valet,
1128 4636 1213 4701 valet
1235 4635 1335 4699 etiem
1358 4635 1397 4699 de
1419 4635 1508 4719 loga-

316 4871 341 4938 1)
360 4884 386 4921 v.
405 4864 522 4920 Aristid.
542 4863 658 4930 Quintil.
679 4864 714 4918 de
734 4883 828 4921 mus.1
843 4871 885 4921 39.
