3442 5550
576 417 610 468 Π.
638 417 688 467 DE
707 416 800 468 ARTE
819 418 978 469 Marsica
996 419 1153 470 PINDARl.
1377 416 1508 472 XXXVII

219 581 353 642 tantum
385 598 451 642 nou
481 577 605 663 fugisse
633 577 761 643 videtur
792 583 890 663 poeta
923 601 1090 644 caesuram
1121 580 1156 644 in
1188 581 1326 646 catalexi
1357 581 1508 666 positam.

221 684 262 748 ln
286 684 434 749 versibus
457 684 570 768 utique
593 684 630 750 0.
648 703 684 748 V1
709 689 791 770 epl
817 691 850 750 et
873 686 907 751 P.
927 689 1003 752 1112

582 819 903 861 scarb*
958 854 975 862 -
1029 839 1045 862 s
1101 855 1153 862 --

580 909 972 951 incubent-,im

219 1027 398 1090 nusquam,
428 1006 574 1090 quamvis
597 1007 715 1090 prioris
740 1006 892 1072 carminis
916 1008 1070 1094 quinque,
1097 1008 1232 1073 alterius
1256 1011 1331 1074 octo
1355 1010 1509 1094 strophae

220 1114 301 1199 sint,
323 1134 489 1179 caesuram
511 1113 546 1177 in
569 1114 707 1179 catalexi
735 1114 910 1179 admissam
939 1115 1035 1180 videa.
1076 1114 1185 1200 Atque
1215 1115 1277 1181 hoc
1306 1138 1344 1181 eo
1372 1116 1508 1181 consilio

218 1220 338 1286 iecisse
361 1226 492 1304 poetam
514 1221 693 1305 existimo,
710 1225 747 1286 ut
770 1222 883 1287 breves
906 1222 989 1287 istos
1012 1224 1153 1309 proodos
1182 1228 1214 1288 et
1238 1224 1358 1307 epodos
1387 1225 1508 1288 arctius

220 1350 298 1394 cum
321 1327 426 1412 capite
454 1349 566 1392 versus
594 1328 805 1413 coniungeret
832 1351 936 1413 neque
964 1331 1056 1413 quasi
1086 1330 1190 1394 fracto
1219 1331 1299 1414 pede
1328 1330 1508 1396 claudicare

219 1440 256 1500 et
278 1435 416 1520 pendere
440 1436 569 1499 sineret.
612 1433 675 1499 Sed
699 1435 798 1500 etiam
819 1436 854 1500 iu
877 1437 1024 1502 versibus
1055 1459 1094 1502 ex
1117 1436 1320 1523 longioribus
1349 1442 1382 1501 et
1410 1436 1506 1501 iustis

219 1541 303 1608 colis
326 1540 527 1626 compositis,
549 1546 586 1606 ut
608 1539 633 1606 Ι.
652 1560 666 1606 1
684 1565 732 1627 ep.
751 1545 773 1608 4

568 1655 1157 1702 „ru--;wmro--2c--

218 1756 283 1821 hoc
314 1755 465 1821 licentiae
497 1755 559 1819 sibi
592 1755 751 1821 Pindarus
784 1758 915 1842 sumsit,
947 1763 984 1822 ut
1017 1758 1168 1823 omnibus
1195 1758 1229 1823 in
1258 1757 1401 1841 strophis
1435 1757 1507 1822 cola

218 1865 387 1949 συναφείᾳ
414 1863 632 1949 coniungeret.
680 1862 767 1939 Quae
801 1886 874 1929 cum
906 1864 953 1929 ita
986 1887 1019 1930 sc
1052 1865 1207 1949 habeant,
1240 1888 1338 1950 quam
1371 1864 1505 1929 dubium

218 1968 376 2035 indicium
403 1968 477 2034 linis
511 1969 573 2035 coli
606 1970 691 2054 apud
720 1969 897 2035 Pindarum
930 1994 1063 2037 caesura
1095 1972 1139 2036 sit
1170 1971 1343 2057 intellegis.
1391 1969 1505 2054 Neque

219 2084 330 2142 tamen
357 2098 408 2142 me
439 2076 674 2142 adsentientem
709 2077 857 2162 habebit,
894 2078 921 2143 si
959 2079 1031 2163 quis
1067 2072 1103 2142 in
1140 2077 1286 2143 versibus
1325 2077 1503 2142 dividendis

219 2182 353 2249 Pindari
377 2205 544 2248 caesuram
570 2206 704 2268 prorsus
732 2185 903 2271 neglegere
931 2185 1023 2269 velit,
1054 2186 1109 2250 sed
1138 2185 1322 2250 cautionem
1353 2184 1506 2249 adhiben-

219 2291 294 2356 dam
317 2312 388 2356 esse
412 2290 536 2377 etipse
560 2313 675 2356 censeo
700 2314 798 2376 quam
821 2292 1002 2357 maximam.

308 2397 455 2474 Quatuor
488 2419 569 2480 quae
602 2398 747 2463 recensui
779 2397 898 2462 indicia
930 2399 1004 2463 finis
1037 2399 1184 2464 colorum
1215 2398 1388 2483 potissima
1420 2404 1504 2463 sunt.

219 2504 394 2569 Praeterea
416 2503 650 2589 magnitudinis
673 2504 778 2568 iustae
802 2505 960 2587 colorum,
985 2505 1167 2592 analogiae,
1191 2505 1420 2571 concinnitatis
1444 2526 1504 2569 nos

218 2611 380 2676 rationem
402 2610 520 2676 habere
543 2633 602 2696 par
625 2615 688 2694 est,
719 2612 774 2676 sed
802 2612 840 2675 de
864 2612 914 2677 his
937 2613 1034 2677 rebus
1059 2613 1163 2698 magis
1192 2614 1226 2676 in
1249 2611 1441 2677 commentis
1466 2612 1504 2676 de

218 2717 358 2804 singulis
387 2716 584 2818 omninibus
613 2740 710 2802 quam
737 2718 772 2781 in
799 2718 850 2782 his
879 2718 1124 2805 Prolegomenis
1153 2720 1308 2785 disserere
1337 2718 1504 2785 conducet.
1576 2772 1580 2779 .

217 2824 330 2909 Atque
363 2824 391 2889 si
423 2824 518 2910 plura
549 2807 668 2889 indicia
703 2830 913 2910 concurrant,
946 2827 1098 2891 fidentius
1131 2828 1169 2891 de
1202 2826 1359 2891 divisione
1391 2847 1503 2891 versus

216 2932 407 3019 praecipies,
426 2932 454 2996 si
473 2931 602 3018 singula
621 2937 677 2995 aut
696 2931 785 2996 nulla
799 2933 915 3017 adsint,
933 2933 968 2997 in
982 2932 1214 3019 probabilitate
1234 2932 1503 3017 acquiescendum

218 3039 269 3104 rel
302 3040 401 3105 etiam
434 3038 474 3103 ad
506 3038 692 3123 arbitrium,
724 3039 993 3123 circumspectum
1024 3040 1105 3105 illud
1138 3040 1268 3124 quidem
1300 3039 1396 3104 nobis
1430 3062 1503 3104 con·

218 3146 410 3232 fugiendum
434 3145 505 3211 erit.

309 3253 573 3343 Denumero
591 3253 900 3340 membrorum.
947 3252 1111 3318 Numerus
1135 3252 1294 3336 colorum,
1322 3253 1503 3338 exquibus

218 3354 332 3427 versus
363 3359 499 3445 quisque
532 3363 675 3444 constat,
709 3359 814 3424 nullas
847 3361 976 3444 quidem
1008 3359 1228 3426 dubitationes
1257 3360 1372 3426 editori
1399 3365 1503 3446 parat,

217 3468 318 3533 habet
336 3473 456 3552 tamen,
478 3466 530 3531 cui
550 3466 675 3530 animos
694 3466 854 3532 lectorum
872 3468 1038 3532 advertere
1058 3467 1164 3533 velim.
1201 3466 1324 3532 Versus
1343 3468 1503 3553 vulgares,

217 3581 255 3640 ut
272 3574 460 3640 hexameter
478 3572 668 3659 dactylicus,
685 3577 874 3638 tetrameter
893 3575 1129 3660 anapaesticus,
1147 3573 1348 3659 septenarius
1363 3574 1502 3639 trochai-

215 3705 290 3766 cus,
319 3682 467 3746 trimeter
492 3681 667 3765 iambicus,
699 3702 737 3745 ex
765 3681 890 3745 duobus
919 3681 999 3746 colis
1031 3686 1190 3746 constant.
1232 3680 1340 3765 Lyrici
1373 3703 1501 3764 quoque

215 3795 331 3876 poetae
355 3788 434 3853 tersi
458 3792 491 3852 et
514 3787 689 3873 elegantes,
711 3788 860 3873 inprimis
882 3787 1093 3853 Alexandrini
1117 3793 1150 3854 et
1169 3787 1307 3853 Romani
1327 3811 1438 3853 versus
1463 3810 1501 3852 ex

216 3897 343 3961 duobus
363 3895 443 3961 colis
462 3894 661 3979 compositos
682 3895 820 3961 maxime
839 3895 1030 3979 probabant,
1054 3900 1091 3959 ut
1111 3895 1292 3980 Priapeum,
1316 3894 1501 3981 Sotadeum,

215 4002 475 4088 Asclepiadeum.
509 4001 643 4066 ¹Verum
670 4001 832 4087 ingeniosi
864 4006 979 4086 poetae
1006 4002 1100 4087 lyrici
1133 4007 1165 4066 et
1193 4002 1312 4066 scenici
1339 4024 1405 4067 non
1433 4007 1500 4068 tam

217 4108 367 4195 angustis
389 4107 551 4172 limitibus
574 4131 668 4173 suam
686 4113 789 4172 artem
809 4109 948 4173 coerceri
968 4109 1148 4195 voluenmt,
1171 4109 1255 4172 unde
1277 4109 1342 4172 iam
1361 4109 1500 4175 Alcaeus

216 4237 345 4280 versum
368 4214 464 4280 finxit
486 4236 525 4279 ex
547 4214 654 4279 tribus
678 4213 756 4279 colis
781 4219 985 4280 constantem

519 4331 1196 4373 Lv-uusol..5.0-oo;o.o.2o-

216 4413 394 4496 μαρμαίρει
418 4406 455 4474 δὲ
477 4409 579 4495 μέγας
601 4412 703 4495 δόμος
729 4415 854 4498 χαλκῷ,
881 4421 983 4474 παῖσα
1006 4408 1038 4474 d'
1054 4408 1139 4496 ’Ἄρῃ
1166 4414 1363 4496 κεκόσμηται
1393 4412 1500 4496 στέγα.

218 4535 328 4600 Etiam
350 4534 481 4622 longius
500 4534 671 4600 Anacreon
689 4558 881 4622 progressus
902 4540 960 4621 est,
982 4535 1030 4599 ita
1048 4541 1167 4620 tamen,
1191 4541 1226 4601 ut
1246 4558 1326 4621 quas
1348 4538 1499 4623 periodos

219 4663 255 4706 ax
274 4647 417 4727 quatuor
435 4646 468 4706 et
486 4642 628 4726 quinque
648 4641 728 4707 colis
747 4641 941 4728 composuit,
959 4665 1069 4707 earum
1089 4643 1160 4707 cola
1178 4643 1340 4708 similibus
1355 4644 1499 4708 numeris

220 4747 395 4814 includeret
431 4751 464 4813 et
500 4753 667 4833 tamquam
703 4749 854 4813 versiculi
891 4754 1012 4832 essent,
1055 4750 1152 4813 verbo
1194 4750 1344 4834 quodque
1381 4749 1498 4815 finiret.

222 4853 374 4923 Pindarus
397 4877 489 4941 vero,
511 4878 575 4942 quo
599 4856 662 4921 fuit
685 4857 793 4921 studio
817 4855 961 4924 variandi
985 4856 1120 4942 formas,
1143 4856 1235 4922 iuxta
1258 4878 1370 4921 versus
1392 4855 1498 4924 iustos
