3442 5550
321 383 419 436 LXXX
826 384 1103 436 PROLEGOMENA.

320 544 503 611 O.V11168
532 550 565 610 et
593 545 628 610 P.
648 564 709 610 vl11
731 548 771 612 81
801 544 980 630 Aeginetas
1009 545 1268 610 Alcimedontem
1300 550 1333 609 et
1365 545 1608 610 Aristomenem

320 652 432 717 laudat
460 657 601 736 quatuor
629 653 830 718 adversarios
866 653 955 717 lucta
982 653 1147 718 devicisse.
1201 652 1270 717 lam
1300 653 1362 717 hoe
1393 657 1480 717 certe
1509 675 1606 717 nemo

319 759 474 843 probabit
508 760 654 845 singrdos
688 783 760 825 cum
795 764 934 845 quatuor
967 759 1063 824 simul
1093 759 1235 824 luctatos
1268 782 1352 845 esse,
1388 758 1485 824 nimis
1520 760 1606 824 enim

322 871 408 930 esset
431 866 493 932 hoc
517 867 665 952 iniquum
688 873 721 930 et
740 888 840 950 prope
863 867 1095 953 prodigiosum.
1130 864 1222 930 Unus
1242 866 1344 952 igitur
1362 867 1513 952 deinceps
1533 889 1607 931 cunr

323 978 463 1056 quatuor
487 973 679 1037 adversariis
702 973 876 1059 pugnavit,
899 974 954 1037 sed
979 995 1120 1057 quonam
1143 971 1205 1038 hoc
1228 979 1324 1058 pacto
1343 973 1467 1038 factum
1486 974 1529 1038 sit
1550 980 1608 1038 aut

321 1081 392 1145 fieri
415 1081 568 1164 potuerit,
591 1081 687 1145 nobis
711 1081 776 1144 iam
800 1081 1008 1165 aperiendum
1032 1086 1091 1145 est.
1100 1080 1125 1167 ¹)

414 1187 510 1252 Omni
534 1188 595 1251 hac
613 1188 649 1250 iu
668 1187 858 1271 quaestione
881 1188 1056 1272 plurimum
1077 1188 1186 1272 refert,
1209 1188 1387 1273 exiguusne
1407 1211 1448 1252 an
1467 1210 1607 1274 magnus

323 1295 519 1358 certantium
542 1316 695 1359 numerus
718 1295 831 1378 fuerit,
856 1317 955 1379 perne
978 1295 1078 1359 fuerit
1102 1317 1143 1359 an
1166 1294 1279 1378 impar,
1303 1315 1409 1358 unane
1433 1316 1475 1358 an
1496 1293 1607 1377 plures

323 1402 512 1466 sortitiones
540 1401 646 1466 factae
678 1401 751 1465 sint.
801 1401 1076 1466 proficiscendum
1109 1406 1218 1465 autem
1251 1401 1347 1465 nobis
1380 1405 1430 1464 est
1463 1399 1501 1464 de
1532 1398 1607 1464 loco

323 1509 458 1574 classico
477 1508 613 1573 Luciani
632 1506 778 1572 Hermot.
795 1509 851 1572 40:
876 1507 1074 1592 ἐγγράφεται
1094 1505 1129 1571 δὲ
1150 1506 1182 1584 ἐς
1206 1508 1267 1572 δύο
1290 1504 1351 1591 μὲν
1374 1506 1431 1589 (sc.
1449 1506 1608 1589 κλήρους)

322 1618 412 1700 stoa
436 1615 472 1680 ἐν
495 1614 651 1702 ἑκατέρῳ,
680 1613 713 1690 ἐς
736 1614 798 1678 δύο
822 1612 858 1679 ἀὲ
881 1616 918 1679 τὸ
941 1619 1040 1698 βῆτα,
1068 1613 1122 1678 καὶ
1147 1614 1179 1690 ἐς
1202 1616 1323 1690 ἀλλους
1346 1615 1408 1677 δύο
1432 1614 1468 1677 τὸ
1495 1610 1607 1695 γάμμα

322 1722 377 1787 καλ
397 1721 470 1806 ἑξῆς
492 1724 574 1787 κατά
593 1723 632 1785 τά
651 1721 746 1804 αὐτά,
769 1720 811 1803 ήν
833 1725 968 1796 πλείους
990 1723 1025 1784 οί
1046 1718 1189 1804 ἀθληταί.
1213 1716 1306 1801 ὦσιν,
1330 1721 1391 1784 δύο
1416 1716 1466 1783 ἀεὶ
1489 1723 1607 1804 κλῆροι

323 1832 359 1894 τὸ
379 1831 460 1895 αὐτὸ
480 1829 613 1914 γράμμα
631 1830 769 1912 ἔχοντες.
804 1828 1002 1914 προσελθὼν
1021 1829 1062 1911 ἀι)
1086 1839 1153 1892 τῶν
1176 1827 1333 1910 ἀθλητῶν
1356 1825 1491 1901 ἕκαστος
1509 1843 1608 1910 προσ-

323 1936 499 2020 ευξάμενος
531 1946 575 2024 τῷ
607 1937 669 1999 Διῒ
696 1933 812 2010 καθείς
845 1937 905 2018 τήν
937 1948 1029 2019 χεῖρα
1065 1934 1098 2010 ἐς
1129 1936 1190 2016 τήν
1221 1935 1343 1999 κάλπιν
1375 1932 1507 2019 ἀνασπᾷ
1539 1943 1608 1996 τῶν

322 2046 455 2128 κλήρων
483 2043 540 2107 ἕνα
568 2041 624 2107 καὶ
651 2041 720 2127 μετ’
747 2042 872 2107 ἐκεῖνον
901 2041 1011 2126 ἕτερος
1142 2043 1200 2106 τὸν
1228 2037 1288 2125 μὲν
1311 2044 1348 2105 τὸ
1373 2043 1463 2125 ἀλφα
1489 2043 1607 2123 ἔχοντα

322 2160 367 2238 τῷ
393 2152 430 2215 τὸ
458 2150 572 2236 ἕτερον
599 2151 689 2233 ἀλφα
713 2149 867 2215 ίσπακότι
893 2153 1046 2214 παλαίειν
1070 2147 1090 2231 ii
1113 2147 1365 2232 παγκρατιάζειν
1388 2147 1548 2212 συνάπτει
1573 2146 1606 2233 (ὁ

322 2257 537 2344 ἀλυτάρχης),
565 2259 624 2322 τὸν
651 2255 688 2321 dt·
716 2259 753 2323 τὸ
781 2261 864 2340 βῆτα
892 2266 937 2343 τῷ
966 2257 1002 2320 τὸ
1030 2259 1129 2338 βῆτα,
1157 2254 1279 2338 ὁμοίως
1305 2252 1360 2318 καὶ
1384 2256 1463 2330 τοὺς
1485 2256 1609 2330 ἀλλους

323 2366 401 2440 τοὺς
429 2364 662 2449 ὁμογράμμους
688 2365 770 2429 κατά
798 2364 914 2428 ταύτά·
947 2363 1033 2427 οὕτω
1062 2359 1123 2446 μὲν
1150 2362 1229 2445 γάρ,
1260 2360 1302 2443 ήν
1330 2363 1437 2445 ἀρτιοι
1466 2356 1550 2426 ὦσιν
1574 2363 1609 2426 ot

322 2470 518 2554 ἀγωνισταί,
546 2463 619 2536 οἷον
646 2471 731 2536 ὀκτὼ
761 2469 954 2555 ήτέτταρες
976 2470 996 2553 tl
1020 2471 1161 2534 δώδεκα·
1195 2467 1236 2551 ἣν
1260 2464 1296 2532 dt
1319 2471 1479 2553 aspectet,
1510 2466 1607 2533 πέντε

323 2575 403 2643 ἕπτά
431 2577 541 2656 ἐννέα,
574 2578 706 2662 γράμμα
734 2601 764 2641 τι
793 2578 947 2661 περιττὸν
970 2575 1019 2642 ἑνὶ
1047 2578 1157 2663 κλήρῳ
1187 2572 1352 2659 ἐγγραφὲν
1384 2575 1606 2659 συμβάλλεται

323 2684 451 2769 αὐτοῖς,
479 2685 686 2769 ἀντίγραφον
709 2687 789 2749 άλλο
813 2685 874 2749 οὐκ
897 2688 985 2768 ἔχον·
1010 2684 1047 2759 ὃς
1069 2682 1101 2746 δ’
1127 2682 1170 2747 ἀν
1192 2691 1290 2747 τοῦτο
1314 2682 1503 2767 ἀνασπάσῃ,
1532 2680 1607 2766 ἐφε-

324 2793 433 2875 δρεύει
466 2791 666 2877 περιμένων,
699 2790 765 2856 ἔστ’
795 2791 838 2855 ἀν
870 2789 988 2856 ἐκεῖνοι
1022 2791 1263 2874 ἀγωνίσωνται·
1301 2789 1342 2853 οὐ
1374 2791 1437 2873 γάρ
1470 2792 1535 2873 ἔχει
1568 2791 1606 2854 τὸ

322 2898 544 2984 ἀντίγραμμα·
568 2902 626 2964 καί
647 2897 714 2963 ἐστι
739 2907 837 2962 τοῦτο
861 2898 900 2963 οὐ
924 2899 1024 2982 μικρά
1048 2898 1183 2981 εὐτυχία
1206 2905 1266 2961 τοῦ
1287 2896 1448 2979 ἀθλητοῦ,
1471 2897 1509 2961 τὸ
1529 2895 1606 2981 μέλ-

324 3010 393 3070 λειν
417 3005 543 3090 ἀκμῆτα
571 3019 640 3083 τοῖς
667 3007 842 3090 κεκμηκόσι
873 3012 1129 3089 συμπεσεῖσθαι,
1160 3027 1224 3088 quo
1252 3026 1325 3068 cum
1354 3009 1437 3068 teste
1464 3003 1606 3088 locuple·

322 3112 451 3177 tissimo
470 3135 663 3198 componere
686 3113 777 3177 iuvat
796 3113 916 3177 Iuliani
934 3112 1015 3197 Imp.
1035 3112 1159 3177 conviv.
1182 3135 1212 3195 p.
1228 3112 1291 3176 317
1314 3111 1381 3195 Sp:
1404 3111 1484 3194 μετά
1507 3119 1607 3175 τοῦτο

323 3220 340 3284 ὁ
357 3222 441 3295 Ζεὺς
459 3221 556 3304 ήρετο
575 3223 654 3297 τοὺς
672 3222 785 3301 θεούς,
808 3223 949 3304 πότερον
972 3221 1033 3305 χρή
1058 3218 1183 3293 πάντας
1206 3216 1258 3282 ἐπὶ
1282 3219 1340 3281 τὸν
1361 3217 1474 3300 ἀγῶνα
1492 3222 1607 3282 καλεῖν

322 3325 343 3408 ἣ
370 3326 521 3410 καθάπερ
551 3326 587 3392 ἐν
614 3340 684 3403 τοῖς
712 3340 885 3410 γυμνικοῖς
913 3327 1016 3408 ἀγῶσι
1045 3329 1185 3408 γίνεται,
1218 3324 1235 3388 ὁ
1260 3333 1319 3388 τοῦ
1347 3325 1471 3400 πολλὰς
1492 3323 1606 3389 ἀνελο-

322 3430 425 3515 μένου
443 3437 538 3510 νίκας
556 3437 730 3517 κρατήσας,
754 3431 827 3509 ἑνὸς
845 3436 1097 3519 περιγενόμενος
1115 3427 1215 3495 οὐδὲν
1233 3433 1370 3495 ἔλαττον
1388 3430 1481 3495 δοκεῖ
1498 3429 1606 3496 κάκεί-

323 3561 393 3603 νων
421 3538 592 3622 γεγονέναι
620 3544 792 3626 κρείσσων,
820 3544 855 3605 οἳ
874 3540 1143 3624 προσεπάλαισαν
1166 3534 1227 3622 μὲν
1246 3538 1399 3621 οὐδαμῶς
1421 3537 1521 3627 αὐτῷ,
1545 3547 1605 3603 τοῦ

323 3645 547 3731 κρατηθέντος
575 3643 610 3711 ἀὲ
642 3648 761 3730 ἥττους
791 3646 952 3729 ἐγένοντο.
1004 3646 1040 3712 Si
1071 3646 1174 3732 igitur
1208 3645 1248 3710 ad
1281 3644 1458 3710 certamina
1488 3644 1606 3729 luctae,

321 3754 499 3840 pugilatus,
520 3755 681 3840 pancratii
706 3760 846 3839 quatuor
868 3755 1017 3840 pluresve
1041 3753 1174 3818 nomina
1197 3752 1335 3837 professi
1359 3757 1461 3836 erant,
1483 3751 1519 3817 in
1542 3752 1606 3816 duo

323 3860 456 3945 plurave
488 3861 580 3945 paria
613 3866 700 3926 sorte
733 3862 1019 3927 distribuebantur.
1075 3861 1182 3944 Atque
1211 3861 1238 3925 si
1268 3883 1328 3945 par
1356 3880 1510 3924 numerus
1538 3880 1607 3924 eer-

323 3968 465 4032 tantium
492 3968 569 4054 fuit,
600 3973 638 4032 ut
670 3969 779 4033 nullus
812 3969 1062 4053 relinqueretur,
1098 3967 1276 4053 simplicior
1306 3966 1385 4031 ordo
1419 3965 1606 4030 certaminis

323 4079 399 4138 erat.
446 4073 531 4140 Nam
560 4076 587 4139 si
616 4081 756 4160 quatuor
786 4077 918 4140 nomina
945 4077 1113 4153 dederant,
1146 4097 1185 4138 ex
1214 4075 1268 4157 iis,
1302 4095 1383 4156 quae
1410 4071 1607 4141 Pausaniam

323 4181 361 4245 de
384 4203 552 4246 cursorum
575 4182 742 4246 ordinibus
765 4183 930 4248 rettulisse
953 4207 1052 4269 supra
1074 4182 1229 4263 vidimus,
1253 4180 1406 4266 colligere
1429 4201 1489 4244 nos
1514 4201 1606 4265 opor·

324 4293 385 4373 tet,
419 4289 559 4373 primum
593 4290 656 4353 duo
690 4290 780 4372 paria
813 4295 975 4355 certamen
1007 4290 1134 4374 iniisse,
1168 4289 1280 4354 deinde
1311 4287 1368 4371 qui
1397 4310 1435 4351 ex
1466 4291 1605 4372 utroque

322 4395 393 4479 pari
426 4396 609 4479 superiores
642 4397 880 4481 discessissent,
912 4398 1017 4461 denuo
1052 4397 1137 4461 inter
1170 4417 1203 4459 se
1234 4395 1272 4458 de
1306 4415 1426 4459 corona
1454 4400 1606 4460 certasse.

413 4626 438 4692 1)
461 4622 501 4677 De
525 4622 695 4677 difficillima
720 4626 773 4678 hae
795 4624 961 4693 quaestione
984 4624 1067 4677 multi
1091 4623 1184 4677 varias
1208 4622 1238 4676 in
1261 4626 1356 4692 partes
1380 4622 1605 4692 disputaverunt,

322 4710 356 4747 ex
379 4694 482 4761 quibus
505 4699 618 4765 praeter
641 4712 701 4762 eor,
724 4697 827 4765 quide
851 4697 933 4749 rebus
955 4695 1138 4766 gymnasticis
1157 4704 1192 4761 (r.
1212 4714 1238 4764 p.
1254 4700 1320 4759 arn)
1345 4699 1374 4748 et
1397 4695 1432 4748 de
1475 4692 1604 4747 entathlo

321 4768 357 4834 (v.
377 4785 403 4835 p.
419 4770 510 4834 πτειν)
530 4765 708 4835 seripserunt,
729 4767 857 4837 inprimis
877 4767 962 4821 laudo
980 4768 1146 4836 interpretes
1165 4765 1288 4833 Pindari,
1309 4765 1429 4820 Boeckh.
1469 4765 1524 4835 xpl.
1541 4768 1604 4832 318,

323 4842 352 4891 et
371 4837 495 4907 Fennell,
515 4837 594 4892 Pind.
615 4838 693 4893 Nem.
714 4840 770 4892 and
790 4839 885 4895 lsthm.
903 4859 930 4909 p.
945 4858 1017 4894 use.
