3442 5550
218 375 283 439 382
776 375 925 427 rruurar

307 652 446 729 Apellen.
466 652 554 728 Dysc.
576 651 611 709 de
636 655 713 727 synt.
734 669 756 707 11
775 661 807 708 ‘21
828 670 856 725 p.
878 660 941 708 156:
965 645 1121 727 ἀποροῦσι,
1143 655 1205 719 πῶς
1229 640 1265 706 ‘dv
1289 638 1369 705 είπεν
1390 637 1497 703 Ἀθα-

218 741 434 820 μαντιάθαν,
457 739 506 800 καί
530 740 670 815 Σισύφου
693 739 889 818 παρίστησιν.
906 786 912 797 ,
928 737 978 797 ,τί
994 736 1050 817 γάρ
1073 735 1105 796 τὸ
1127 733 1265 815 ἐμποδὼν
1284 734 1338 813 τὴν
1358 721 1381 818 ᾧ
1401 732 1496 793 άντω-

218 830 328 909 νυμίαν
356 828 496 907 κτητικὴν
524 828 666 907 ὑπάρχειν
694 826 971 907 μεταλαμβάνεσθαί
992 847 1021 886 τε
1044 826 1086 897 εἰς
1109 824 1140 885 τὸ
1164 824 1267 904 αὐτῆς·
1295 821 1431 885 ἐκέλοντο
1455 828 1497 902 τῷ

218 919 310 999 αὐτῆς
333 919 433 998 παιδί,
457 915 493 978 ὃν
516 916 565 978 καὶ
585 912 826 997 Ἀθαμαντιάδην
850 909 940 976 εἶπεν.

806 1081 823 1136 ι
851 1075 908 1154 [η.

272 1273 362 1349 ὅστις
384 1273 426 1356 δὴ
449 1274 569 1355 τρόπος
593 1267 759 1348 ἑξεκύλισέ
778 1293 842 1334 νιν.

805 1438 824 1496 8
851 1431 907 1510 [3.

306 1544 446 1604 Eustath.
467 1542 521 1604 Od.
541 1564 568 1619 p.
590 1552 671 1620 1⁷15,
691 1553 738 1601 σει
767 1540 811 1601 ὅτι
834 1428 918 1601 δοκέῖ
937 1538 968 1599 τὸ
992 1548 1127 1600 τοιοῦτον
1149 1535 1222 1598 κατά
1245 1536 1331 1618 γένος
1354 1537 1496 1617 εἰρῆσθαι

221 1630 391 1713 οὐδέτερον,
418 1630 458 1705 ὡς
485 1631 622 1712 ἐμφαίνει
649 1631 801 1711 Πίνδαρος
834 1628 866 1690 ἐν
895 1622 1106 1708 Ἰσθμιονίκαις
1139 1626 1230 1688 εἰπὼν
1260 1629 1339 1708 τρία
1370 1636 1495 1706 κρᾶτα,

219 1719 284 1801 ἤτοι
306 1722 426 1803 κράατα,

846 1848 863 1905 9

310 1955 430 2015 Servius
453 1954 484 2013 in
506 1954 595 2032 Verg.
615 1952 818 2031 Georg.131:
846 1951 995 2010 Pindarus
1021 1948 1054 2010 ἐν
1082 1954 1142 2022 τοῖς
1167 1942 1310 2028 Ἰσθμίοις
1337 1948 1496 2029 γαμβρός

219 2041 285 2103 ἀντί
307 2052 361 2104 τοῦ
383 2043 519 2122 νυμφίου
543 2042 627 2101 dixit.

833 2169 883 2227 10.

272 2251 692 2303 maenia--

271 2356 418 2423 Ἐλπίσιν
442 2357 625 2434 ἀθανάταις
648 2357 741 2445 ἁρμῷ
765 2355 932 2444 φέρονται.

276 2607 327 2673 Οὐ
350 2607 474 2686 ψεῦδος
497 2605 602 2694 ἐρίξω.
834 2526 883 2582 11·

267 2837 444 2924 Ἐνίκησαυ
466 2842 507 2904 οἳ.
527 2891 533 2903 .
553 2888 561 2905 .
833 2758 883 2814 12.

219 3054 344 3105 mentum
358 3052 395 3105 ad
411 3049 548 3121 originem
562 3051 692 3104 ludorum
705 3049 900 3104 Isthmieorum
916 3051 1032 3120 spectat,
1048 3050 1082 3103 de
1096 3067 1153 3118 qua
1167 3068 1192 3103 v.
1208 3049 1293 3104 schol.
1309 3050 1389 3105 Pind.
1406 3069 1433 3121 p.
1446 3068 1495 3105 urs:

219 3123 386 3193 χορεάουυαι
403 3120 500 3176 τοίνυν
522 3120 590 3176 ποτέ
614 3121 645 3175 αἱ
668 3122 806 3190 Νηρείθες
832 3121 1014 3190 ἐπεφάνησαν
1032 3126 1069 3175 τῶ
1088 3122 1205 3195 Σισύφῳ
1223 3122 1271 3176 καί
1290 3121 1439 3176 ἐκέλευσαν
1459 3124 1497 3185 είς

219 3194 303 3263 τιμὴν
320 3202 371 3317 μου
389 3192 563 3262 Μελικέρτου
583 3193 662 3264 ἄνειν
680 3191 716 3247 τὰ
729 3191 851 3264 Ἴσθμια.
882 3193 923 3246 De
942 3193 1028 3247 Inone
1046 3178 1120 3247 inter
1137 3192 1272 3247 Nereides
1291 3196 1405 3263 recepta
1424 3212 1449 3248 r.
1465 3196 1495 3248 0.

218 3284 239 3317 11
258 3282 293 3321 aa.
345 3309 350 3320 .
370 3284 398 3318 11
417 3281 438 3321 ε.

290 3336 332 3390 Fr.
353 3342 368 3390 6
388 3335 511 3405 pertinet
530 3336 565 3390 ad
584 3336 617 3389 fr.
638 3342 667 3403 ος
695 3338 770 3390 recte
790 3334 966 3407 grammatici
986 3330 1007 3407 ᾦ
1027 3334 1073 3389 vel
1092 3330 1120 3389 ολ
1137 3352 1192 3389 uon
1211 3336 1248 3389 ad
1268 3335 1428 3406 Sisyphum,
1447 3336 1494 3390 sed

219 3408 255 3461 ad
274 3412 392 3461 matrem
412 3407 581 3474 Melicertae‚
601 3405 680 3460 euius
699 3407 804 3461 mantio
824 3411 910 3461 antea
923 3406 1000 3460 facta
1014 3422 1074 3460 esse
1089 3406 1207 3475 videtur,
1223 3407 1400 3461 rettulerunt.
1429 3406 1494 3461 Eius

219 3478 307 3604 θρίυρμ
329 3477 502 3602 lldeliaertem
525 3477 754 3549 Ἀθαμαντιάθαν
777 3484 861 3548 poeta
885 3478 969 3547 dixit,
993 3478 1068 3546 quod
1087 3478 1224 3532 Athamas
1244 3478 1303 3532 eius
1323 3482 1405 3549 pater
1424 3483 1494 3543 erat;

219 3568 253 3604 c.
297 3567 347 3604 ro.
368 3568 448 3604 uxvn.

290 3621 332 3675 De
356 3620 453 3690 primis
476 3619 550 3675 ludis
574 3620 699 3674 Isthmiis
722 3620 808 3675 refert
830 3620 883 3673 Dio
903 3638 941 3676 or.
961 3640 1053 3674 mvn
1072 3640 1098 3691 p.
1115 3637 1153 3675 rur
1172 3622 1215 3675 ed.
1235 3621 1350 3677 Reiske:
1377 3624 1423 3676 καί
1445 3620 1495 3692 γάρ

218 3712 262 3747 τοι
280 3692 328 3746 καί
347 3692 443 3761 ἀγῶνα
460 3701 572 3759 πρῶτον
591 3691 728 3747 ἐνταυθοῖ
743 3689 865 3760 τεθῆναί
883 3709 971 3761 φασιν
989 3693 1045 3746 trad
1063 3702 1118 3747 τῶν
1138 3692 1189 3746 du'o
1208 3697 1285 3747 θεῶν
1308 3696 1495 3763 (Ποσειδῶνος

220 3764 268 3818 καί
283 3760 397 3832 Ἡλίου),
417 3764 464 3818 καί
483 3772 596 3832 νικῆσαι
611 3762 742 3831 Κάστορα
761 3762 812 3832 μέυ
830 3762 954 3831 στάδιον,
974 3764 1082 3818 Κάλαϊν
1101 3762 1133 3817 dl
1152 3766 1283 3819 δίαυλον·
1303 3765 1351 3818 καί
1369 3764 1424 3834 γὰρ
1440 3766 1494 3819 Κά-

219 3835 282 3888 λαΐν
301 3852 371 3903 φασι
389 3837 507 3904 δραμεῖν
528 3832 703 3906 ἀπεχόμενον
726 3843 775 3889 τοῦ
798 3833 943 3890 πέτεσθαι.
970 3838 1015 3889 θεῖ
1032 3834 1063 3889 δέ
1088 3836 1219 3899 καὶτοὺς
1244 3835 1356 3904 ἀλλους,
1383 3834 1495 3903 ἐπείπερ

219 3904 382 3975 ἠρξάμεθα,
401 3904 582 3975 ἀθλοφόρους
599 3926 628 3961 τε
648 3910 786 3976 λεχθῆναι
806 3906 853 3959 καλ
872 3903 1051 3976 νικηφόρους.
1086 3904 1202 3974 Ὀρφεὺς
1221 3906 1343 3981 κιθάρᾳ,
1360 3905 1496 3977 Ἡρακλῆς

219 3975 394 4067 παμμάχιον,
413 3977 525 4048 πυγμὴν
544 3977 736 4046 Πολυδεύκης,
755 3975 849 4046 πάλην
867 3978 989 4047 Πηλεύς,
1008 3975 1105 4032 δίσκου
1126 3979 1271 4048 Τελαμών,
1291 3976 1422 4033 ἐνόπλιον
1442 3983 1496 4047 Θη-

219 4066 290 4112 usuc.
316 4047 400 4117 ἐτέθη
424 4047 455 4103 δέ
479 4050 527 4103 καί
550 4047 644 4103 ίππαιν
666 4050 755 4117 ἀράν,
780 4049 828 4102 καί
851 4046 930 4103 ἐνίκα
954 4047 1046 4118 κε’λητι
1069 4048 1120 4119 μὲν
1140 4047 1275 4115 Φαέθων,
1299 4048 1448 4123 τεθρίππῳ
1466 4050 1495 4105 di

220 4120 338 4190 Νηλεύς.
359 4116 467 4190 ἐγένετο
481 4120 513 4174 δὲ
528 4121 576 4174 καί
590 4130 663 4175 νεῶν
676 4119 785 4190 άμιλλα,
804 4121 852 4174 καί
868 4118 949 4191 ’Λργώ
969 4119 1060 4175 ἐνίκα·
1080 4121 1129 4174 καί
1142 4121 1211 4190 μετά
1225 4130 1314 4175 ταῦτα
1329 4122 1381 4176 utu
1401 4118 1496 4177 ἔπλευ-

221 4210 281 4261 σεν,
301 4189 361 4246 ἀλλ’
383 4192 472 4259 αὐτὴν
491 4191 635 4261 ἀνέθηκεν
653 4190 668 4245 d
685 4189 782 4245 Ἰάσων
802 4190 928 4246 ἐνταῦθα
947 4197 984 4264 τῷ
1004 4196 1167 4247 Ποσειδῶνι.
1206 4192 1261 4247 Sed
1279 4193 1409 4261 quamvis
1428 4194 1496 4248 haee

220 4262 265 4332 iis,
283 4280 357 4332 quae
376 4263 411 4316 de
430 4262 527 4332 primis
547 4263 621 4317 ludis
637 4261 790 4332 Olympiais
810 4262 845 4317 ab
864 4263 983 4318 Hercule
1001 4264 1140 4318 institutis
1155 4264 1292 4318 Pindarus
1308 4262 1339 4319 Ο.
1354 4284 1372 4317 x
1386 4265 1497 4327 cecinit,

220 4334 326 4388 similia
344 4334 408 4401 sint,
428 4341 523 4388 tamen
542 4350 599 4388 uon
617 4352 635 4388 a
651 4334 771 4388 Pindaro
790 4334 916 4403 profecta
935 4352 995 4389 esse
1014 4335 1146 4389 videntur
1164 4336 1212 4389 sed
1232 4336 1268 4389 ab
1289 4334 1381 4390 otioso
1400 4336 1497 4405 aliquo

220 4405 356 4476 sophista
366 4405 415 4475 qui
422 4407 649 4476 Argonautarum
663 4404 775 4459 fabulas
790 4423 852 4458 eum
866 4406 1063 4461 Isthmiuorum
1078 4406 1205 4461 ludorum
1220 4407 1328 4477 origine
1342 4407 1496 4462 coniunxit.

291 4476 334 4531 Fr.
355 4485 378 4532 7.
415 4476 507 4546 Apoll.
523 4477 603 4546 Dyse.
620 4477 655 4530 de
673 4493 750 4546 pron.
765 4495 791 4546 p.
807 4494 846 4531 aas
860 4477 897 4533 A:
917 4478 957 4532 ἐτι
976 4479 1023 4532 καί
1043 4478 1060 4547 ἡ
1079 4479 1124 4533 νλν
1142 4478 1273 4533 τάσσεται
1292 4477 1337 4532 ἐπὶ
1356 4479 1496 4547 πλήθους·

220 4546 311 4612 ὅστις
326 4592 331 4603 .
345 4592 368 4603 ..
383 4568 445 4603 νιν.
465 4545 608 4616 Πίνδαρος
620 4545 821 4619 ’ίσθμιονίκαις
835 4580 869 4589 -
885 4550 1021 4615 ἐξεκάλιοε
1036 4549 1107 4604 coni.
1119 4549 1241 4605 Beklrer:
1256 4549 1422 4621 ἐξεκυλίσθη
1437 4550 1496 4607 aad.

291 4619 334 4674 Fr.
354 4624 378 4674 8.
415 4619 554 4674 vocabulo
573 4617 673 4687 κρατί
691 4622 837 4690 praeterea
855 4638 922 4675 usus
941 4623 985 4675 est
1002 4620 1082 4674 Pind.
1102 4622 1132 4676 P.
1151 4641 1162 4675 1
1180 4638 1201 4676 ιι,
1219 4640 1258 4675 xn
1275 4639 1310 4687 ρο.

291 4690 334 4745 Fr.
351 4695 456 4745 10-28
475 4690 603 4745 llustath.
619 4690 691 4745 Prol.
707 4690 801 4759 Pind.;
820 4690 906 4759 locos,
925 4692 998 4746 unde
1012 4692 1147 4761 hauserit,
1167 4692 1295 4762 quamvis
1315 4710 1372 4747 nun
1391 4693 1496 4749 iudica·

220 4761 300 4830 verit,
320 4765 416 4817 tamen
434 4779 467 4816 ex
486 4762 570 4833 pleno
589 4761 685 4816 cadica
704 4762 886 4832 epiniciorum
905 4764 1038 4834 pleraque
1054 4780 1118 4817 eum
1132 4764 1293 4835 sumpsisse,
1312 4765 1378 4819 inde
1397 4766 1496 4820 marito

220 4832 356 4904 Bergkius
372 4833 495 4905 collegit,
510 4834 585 4903 quod
600 4832 741 4887 nonullos
756 4834 843 4888 libros
858 4838 970 4906 praeter
984 4834 1106 4905 epinicia
1121 4836 1286 4890 Eustathius
1301 4836 1402 4893 afferre
1418 4837 1495 4893 solet.
