3442 5550
639 403 798 453 OLYMPIA
816 403 877 455 ΧΠ.
1358 400 1400 464 93

124 571 200 630 duae
224 570 367 645 reliquae,
390 589 452 628 una
471 567 629 646 Olympios
647 572 757 627 etune
775 569 933 646 Nemeaea,
951 571 1021 645 post
1040 567 1228 645 Olympicam
1245 569 1402 629 victoriam

126 658 313 736 Olympiadis
344 659 582 737 segtuegesimae
614 658 758 735 septimae
790 651 869 739 (472
889 677 915 717 a.
936 650 1017 738 Chr.)
1041 661 1145 734 partae
1177 660 1256 717 sunt.
1302 659 1402 735 Atque

125 749 286 808 scholiasta
310 748 430 824 quidem
454 748 580 808 alteram
604 767 724 824 quoque
743 747 899 807 victoriam
917 746 1076 823 Pythicam
1095 747 1211 808 duobus
1230 747 1316 806 aunis
1335 750 1403 824 post

123 838 200 897 hanc
224 835 412 914 Olympicum
434 838 608 916 Ergotelem
632 840 824 897 consecutum
847 855 909 896 esse
932 838 1034 914 putat,
1066 837 1117 896 sed
1144 837 1170 895 si
1197 837 1402 897 Boeckhianos

123 927 254 986 calculos
278 927 432 1002 sequimur
454 919 496 1007 (v.
515 926 595 986 Prol.
614 919 752 1008 nxxxm),
776 944 853 986 anuo
874 928 936 984 474
958 945 984 984 a.
1004 925 1071 986 Chr.
1091 926 1153 985 sive
1177 926 1293 986 duobus
1317 927 1403 985 annis

125 1019 194 1076 ante
226 1014 271 1075 Ol.
293 1019 332 1074 77
358 1034 425 1074 eam
451 1015 631 1094 reportavit,
663 1015 694 1074 id
722 1016 815 1093 quod,
847 1034 915 1074 cum
943 1019 1033 1092 poeta
1060 1015 1156 1092 primo
1185 1018 1216 1074 et
1247 1017 1402 1092 potissimo

123 1106 189 1165 loco
210 1104 397 1181 Olympicam
416 1104 573 1164 victoriam
592 1107 809 1182 commemoret,
828 1105 925 1164 multo
945 1104 1047 1180 aptius
1065 1123 1128 1164 esse
1148 1124 1232 1164 nemo
1254 1124 1314 1165 nou
1333 1125 1401 1165 cou-

123 1195 207 1254 cedet
241 1225 286 1235 -
318 1194 438 1254 Dolichi
472 1197 634 1272 certamen,
670 1214 730 1271 quo
765 1194 922 1272 Ergoteles
956 1194 1062 1254 vicisse
1094 1193 1219 1272 dicitur,
1255 1213 1402 1253 summam

122 1283 333 1360 pernicitatem
358 1283 469 1360 pedum
488 1286 519 1342 et
536 1284 709 1343 firmitatem
732 1283 908 1359 pulmonum
932 1283 1119 1361 postulabat,
1143 1283 1300 1344 duodecies
1323 1285 1402 1343 anim

123 1373 160 1432 iis
189 1373 371 1432 curriculum
401 1376 606 1433 sexcentorum
635 1373 745 1449 pedum
773 1372 1010 1449 permetieudum
1040 1373 1112 1449 fuit3
1145 1372 1273 1432 maxime
1301 1376 1403 1432 autem

124 1463 204 1539 apud
223 1460 377 1521 Cretenses
396 1462 497 1521 studia
516 1481 605 1522 cursu
623 1463 714 1540 longo
734 1461 919 1522 adversarios
939 1462 1099 1537 superandi
1117 1461 1252 1522 floruisse
1271 1465 1403 1521 testatur

125 1551 289 1627 Xenophon
308 1551 403 1610 Anab.
422 1570 455 1609 1v
474 1562 499 1629 8,
523 1563 571 1628 27,
594 1553 630 1611 cf.
654 1551 769 1611 Krause
792 1551 930 1630 Agonist.
953 1570 981 1626 p,
1006 1563 1057 1610 352
1084 1583 1122 1592 -
1149 1551 1260 1612 Totum
1284 1570 1402 1611 carmen

123 1644 262 1701 versatur
288 1641 319 1699 in
347 1640 483 1717 potentia
509 1640 661 1700 Fortunae
685 1641 877 1717 illustranda,
906 1659 996 1716 quam
1020 1644 1052 1700 et
1073 1641 1152 1701 cives
1175 1641 1340 1717 Himeram,
1364 1640 1401 1699 ab

123 1729 256 1790 hostium
280 1730 424 1789 servitute
448 1729 581 1808 liberati,
609 1733 641 1789 et
662 1730 831 1809 Ergoteles,
859 1730 990 1807 primurn
1014 1731 1096 1808 exul,
1123 1749 1202 1789 nunc
1226 1730 1348 1789 civitate
1372 1732 1403 1789 et

123 1819 238 1879 coronis
269 1821 407 1896 ornatus,
438 1818 511 1877 satis
542 1819 656 1895 experti
689 1822 783 1879 erant.
835 1819 939 1896 Neque
972 1819 1035 1878 veri
1068 1819 1210 1879 dissimile
1245 1821 1290 1878 est
1322 1818 1403 1895 quod

124 1907 293 1968 Boeckhius
316 1908 456 1986 coniecit,
479 1908 510 1965 in
534 1907 598 1984 ipso
622 1909 692 1967 fauo
717 1908 848 1983 quodam
870 1908 1035 1987 Fortunae,
1059 1927 1127 1968 cum
1149 1908 1306 1986 Ergcteles
1330 1908 1402 1967 deae

124 2015 261 2057 coronam
287 1997 413 2073 offerret,
437 2015 555 2056 carmen
578 1997 633 2057 hoc
657 1999 812 2056 cantatum
835 2015 907 2059 esse.
941 1997 1130 2075 Quamquam
1153 1997 1232 2057 euim
1255 1997 1282 2057 ei
1306 1997 1402 2075 magis

123 2086 268 2162 epistolae
292 2104 383 2161 qnam
406 2086 510 2162 hymni
534 2086 654 2162 epinicii
677 2086 773 2147 forma
796 2089 849 2164 est,
872 2090 973 2146 tamen
997 2087 1053 2147 hoc
1075 2107 1135 2148 non
1155 2086 1309 2146 obstaculo
1329 2090 1402 2165 erat,

124 2175 284 2252 quominus
303 2174 421 2250 publice
445 2175 583 2234 similiter
606 2178 696 2251 atque
719 2175 752 2234 P.
771 2193 806 2233 111
826 2178 856 2234 et
879 2176 902 2235 I.
922 2195 945 2233 11
969 2179 1148 2236 cantaretur.
1186 2177 1282 2237 Breve
1301 2179 1403 2235 autem

124 2283 242 2324 carmen
270 2264 393 2323 decebat
420 2263 519 2323 virum
546 2265 711 2341 privatum,
742 2284 778 2323 ne
806 2264 951 2325 invidiam
978 2285 1083 2344 regum
1107 2265 1227 2325 Siciliae
1251 2266 1401 2325 excitaret.

124 2353 261 2430 Denique
285 2353 366 2429 quod
385 2372 403 2412 a
421 2353 573 2413 Fortunae
596 2352 785 2414 invocatione
804 2356 835 2413 et
853 2354 1074 2430 praedicatione
1097 2373 1216 2414 carmen
1239 2358 1329 2432 poeta
1350 2374 1402 2413 au-

126 2443 258 2518 spicatus
283 2446 337 2521 est,
360 2462 429 2502 cum
453 2463 487 2502 eo
511 2442 667 2503 cohaerere
691 2443 873 2521 crediderim,
898 2443 979 2520 quod
1001 2447 1068 2502 tum
1091 2444 1234 2520 temporis
1256 2444 1403 2521 hymnum

124 2530 284 2610 Fortunae,
308 2532 394 2591 cuius
418 2533 587 2610 fragmenta
611 2542 723 2590 38-41
749 2536 877 2611 exstant,
900 2533 1059 2611 pangebat.
1101 2533 1238 2609 Denique
1263 2536 1293 2593 et
1315 2534 1403 2592 illum

124 2620 267 2698 hymnum
298 2623 329 2680 et
357 2621 413 2681 hoc
444 2639 561 2680 carmen
593 2621 754 2697 epinicium
785 2621 912 2682 Horatio
943 2641 1062 2682 carmen
1085 2642 1095 2680 1
1119 2635 1153 2682 35
1181 2623 1211 2681 iu
1240 2623 1405 2711 Fortunam

123 2710 208 2769 Antii
231 2709 373 2770 scribenti
397 2710 555 2770 obversata
577 2729 640 2770 esse
664 2710 784 2771 adnoto.

668 2837 713 2904 Dc
736 2840 860 2907 metris.

212 2941 359 3002 Carminis
387 2941 478 3002 huius
508 2943 623 3002 numeri
654 2945 724 3001 sunt
754 2943 1041 3019 dactylo-epitritici
1076 2944 1160 3002 nulla
1191 2963 1223 3002 re
1258 2942 1403 3021 insignes,

126 3032 213 3108 spodi
235 3051 338 3093 versus
362 3032 444 3091 tertii
467 3050 608 3091 mensura
631 3031 773 3110 ambigua
802 3036 859 3111 est,
882 3035 974 3109 prout
996 3031 1086 3091 verbo
1110 3031 1361 3110 κατεφυλλορόησε
1384 3056 1403 3092 ν

128 3118 335 3199 ἔφελκυστιυὸν
359 3140 427 3181 cum
450 3121 622 3181 Hermanno
647 3121 762 3180 adicere
786 3124 841 3180 aut
863 3141 932 3181 cum
955 3120 1106 3181 codicibus
1129 3121 1284 3181 detrahere
1307 3121 1403 3181 malis.

124 3210 228 3270 Finem
252 3214 282 3271 et
305 3211 496 3286 stropharum
519 3214 550 3270 et
572 3210 660 3288 epodi
683 3212 772 3287 poeta
795 3212 840 3269 ita
862 3210 1021 3287 indicavit,
1050 3212 1086 3268 ut
1113 3210 1255 3269 ultimum
1283 3229 1403 3271 versum

125 3299 155 3358 in
173 3300 317 3360 maiorem
341 3299 487 3358 ambitum
510 3301 687 3360 extraheret
723 3300 822 3376 Epodi
842 3318 946 3361 versus
969 3299 1077 3359 tertius
1101 3303 1132 3359 et
1154 3303 1281 3377 quartus
1299 3319 1404 3360 uume-

125 3408 224 3448 rorum
248 3390 447 3450 continuitate
471 3389 550 3449 iuter
572 3408 603 3448 se
627 3389 794 3449 cohaerent.

216 3565 396 3647 Λίσσομαι,
419 3574 481 3627 παῖ
504 3563 611 3646 Ζηνὸς
629 3560 859 3649 Ἐλευθερίου,
1233 3568 1314 3648 Στρ.

210 3665 340 3754 Ἱμέραν
363 3667 556 3754 εὐρυσθενέ
583 3669 778 3754 ἀμφιπόλει,
802 3671 953 3754 Σώτειρα
982 3671 1079 3754 Τύχα.

194 3880 275 3915 rmus
298 3880 402 3916 nscrro,
439 3862 523 3916 lusor.
561 3861 616 3932 ἐργ.
637 3861 673 3933 tp.
694 3865 801 3933 δολιχεῑ
824 3864 855 3929 0,
883 3862 938 3934 toy.
958 3862 995 3933 λμ.
1016 3865 1126 3933 doleysi.
1164 3863 1212 3915 καὶ
1236 3862 1337 3932 ἴσθμια
1355 3863 1404 3916 καὶ

125 3933 217 3987 uidcor
231 3934 267 4002 A,
287 3933 342 4003 ἐργ.
358 3933 395 4021 lp.
411 3931 599 4021 δολιχοδρόμρ)
613 3934 707 3988 nitra
724 3936 773 3988 καὶ
791 3935 893 4004 λσθμια
908 3935 958 4002 D¹,
979 3934 1033 4004 ἐργ.
1049 3934 1086 4005 lys.
1102 3931 1291 4006 δολιχοδρόμῳ
1309 3933 1404 3987 neore

125 4006 172 4058 καλ
190 4004 291 4074 ἴσθμια
310 4022 456 4071 stupeum
475 4005 526 4073 τὴν
546 4007 576 4069 οζ
608 4004 768 4075 ὀλυμπιάδα
787 4008 856 4061 BE.
877 4038 909 4046 -
929 4005 1020 4060 Schol.
1036 4005 1110 4060 BD:
1130 4002 1286 4074 ἠγωνίσατο
1306 4005 1346 4070 οζ’
1363 4005 1402 4060 ὀλ.

125 4077 171 4130 sul
189 4076 242 4146 τὴν
261 4076 323 4145 ἑξῆς
341 4080 411 4130 ποθ.
431 4076 482 4130 αλλ’
502 4075 564 4144 (τὴν
584 4075 658 4144 ἑξῆς,
677 4081 747 4131 ποθ.
767 4076 841 4150 (δὲ)
866 4077 917 4131 κθ’
938 4077 1109 4145 Schroeder).
1138 4076 1229 4132 Schol.
1249 4078 1288 4131 A:
1309 4075 1401 4146 Ὀλυμ-

125 4147 214 4201 accida
237 4147 289 4217 μὲν
312 4145 438 4216 ἐνίκησεν
465 4147 505 4212 οζ’
526 4148 574 4200 καλ
597 4148 648 4215 τὴν
672 4147 734 4216 ἑξῆς
757 4149 807 4203 σθ’
832 4149 889 4218 (oq'
915 4149 985 4203 coni.
1005 4149 1184 4217 Mommsen),
1208 4147 1347 4202 Πυθιάδα
1370 4147 1401 4201 δὲ

125 4219 195 4345 ἕνθ’
216 4219 286 4291 καὶ)
315 4219 357 4272 κε’
378 4219 426 4272 καὶ
446 4216 560 4287 Ἴσθμια
589 4216 690 4289 ὁμοίως
713 4251 745 4259 -
771 4226 794 4274 2.
819 4219 920 4289 ἱμέραν
942 4221 1052 4274 ABW:
1077 4217 1158 4289 λμὲρα
1182 4219 1296 4288 B⁸⁰G¹,
1321 4216 1403 4289 λμέρα

158 4298 199 4359 ¹³⁰,
218 4287 314 4360 λμὲρας
335 4288 443 4345 G¹D⁸⁰
462 4323 495 4330 —
515 4288 700 4357 εὐρυσθενέος
720 4291 811 4346 (71)Μ
831 4323 863 4331 -
883 4289 1036 4361 ἀμφιπόλει
1055 4291 1095 4344 A:
1115 4292 1189 4360 ἀμφὶ
1207 4288 1287 4344 πόλει
1306 4291 1333 4344 Β
1340 4291 1403 4356 (ΙΙ),

195 4451 384 4486 comsmmr.
412 4450 438 4486 v.
456 4439 478 4486 1.
501 4431 590 4500 Ζηνὸς
607 4429 787 4498 Ἐλευθερίου
807 4450 887 4487 sacra
906 4432 935 4486 iu
954 4432 1069 4487 scholiis
1089 4431 1125 4486 ad
1145 4431 1290 4487 civitatem
1309 4430 1402 4485 Hime-

125 4520 269 4559 raeensem
287 4504 324 4557 ab
342 4503 471 4557 Hieronis
490 4503 638 4556 dominatu
652 4502 802 4557 liberatam
817 4504 987 4572 referuntur,
1008 4503 1077 4558 satis
1092 4504 1122 4557 id
1136 4503 1245 4570 inscite,
1264 4496 1404 4571 siquider'u

125 4574 281 4630 Himeraeis
300 4592 356 4628 non
376 4575 474 4642 Hiero,
500 4574 550 4627 sed
569 4575 660 4629 Thero
680 4575 795 4644 eiusque
814 4575 888 4630 filius
907 4576 1105 4646 Thrasydaeus
1124 4574 1333 4644 imperitabant.
1372 4575 1403 4627 ln

126 4662 245 4702 errorem
272 4649 366 4700 autem
393 4645 564 4700 scholiastae
590 4646 698 4700 inducti
723 4649 800 4714 sunt,
827 4648 901 4717 quod
921 4647 1110 4717 Syracusanos
1129 4645 1318 4714 Thrasybulo,
1338 4645 1402 4699 llic-

125 4719 199 4772 ronis
218 4719 314 4785 fratre,
333 4720 432 4771 exacto
451 4717 524 4771 lovis
544 4717 715 4772 Liberatoris
735 4721 859 4772 statuam
877 4736 979 4789 ponere
999 4720 1080 4788 eique
1099 4735 1179 4772 sacra
1198 4718 1290 4771 fecere
1305 4716 1404 4771 meuri-

125 4793 226 4844 nsrunt
242 4793 278 4858 (v.
293 4789 374 4843 Diod.
389 4808 417 4841 rr
434 4792 491 4857 irs).
519 4788 617 4857 Neque
633 4789 707 4858 quod
722 4789 879 4843 Boeckhius
894 4792 986 4845 cultus
1001 4792 1083 4845 istius
1098 4789 1248 4859 Hymeraei
1267 4788 1404 4860 originem

125 4860 343 4929 s'lhrasydaeo
369 4860 454 4914 armis
479 4859 609 4914 Hieronis
633 4861 675 4916 Ol.
694 4877 727 4930 re,
748 4879 759 4916 1
778 4862 889 4918 devicto
914 4863 1041 4936 repetiit,
1059 4862 1130 4916 mihi
1148 4863 1292 4934 probatur.
1331 4862 1404 4916 Nam
