3442 5550
707 403 862 453 curnem
884 404 916 455 x.
1408 404 1449 465 79

174 571 254 630 idem
281 573 400 646 tempus
428 570 515 629 factis
543 573 687 648 cognatas
715 588 761 628 res
789 573 918 629 tractare
946 574 977 628 et
1004 570 1152 629 similibus
1180 571 1381 630 locutionibus
1404 572 1451 630 uti

171 660 203 717 in
226 660 341 735 libello,
366 660 425 717 Zur
448 658 646 737 Obronologie
670 659 879 718 Pindariscber
902 660 1147 738 Siegesgesitnge,
1171 681 1198 736 p.
1219 672 1252 719 4⁶.)
1272 679 1319 737 ss,
1342 662 1449 736 proba·

172 749 270 807 vimus
293 752 324 808 et
347 749 426 807 infra
449 749 582 807 carmina
605 749 637 807 P.
653 767 683 805 rx
703 752 733 808 et
752 748 774 806 I.
791 767 826 805 111
849 752 1056 823 comparantes
1079 749 1258 810 evincamus.
1303 750 1449 809 Brevibus

172 838 267 914 igitur
289 838 456 897 intervallis
480 837 642 897 interiectis
665 840 786 913 poetam
809 838 939 913 primum
958 838 1044 897 ludos
1064 836 1236 914 Olympicos
1260 839 1297 897 ab
1321 839 1449 898 Hercule

172 926 329 985 institutos
353 920 402 1006 (0.
427 919 470 1007 x),
493 927 598 985 deinde
623 946 730 1005 ugrum
754 925 943 1002 Olympicum
968 927 1005 985 ab
1029 926 1157 986 Hercule
1181 929 1309 988 oleastro
1333 928 1448 1004 Hyper-

172 1016 260 1076 boreo
290 1016 438 1075 consitum
466 1008 515 1097 (Ο.
539 1010 603 1096 111),
634 1016 672 1073 ad
701 1019 885 1092 postremum
915 1014 1059 1076 Oenomai
1089 1020 1120 1074 et
1150 1016 1269 1092 Pelopis
1299 1021 1448 1076 certamen

172 1105 250 1163 ludis
270 1103 434 1180 Olympicis
457 1105 612 1180 praevium
632 1098 681 1184 (Ο.
702 1100 727 1185 1)
746 1105 927 1163 carminibus
951 1106 1118 1165 illustrasse
1142 1106 1225 1164 duco.
1259 1107 1322 1165 Hoc
1346 1110 1449 1165 autem

171 1197 306 1253 nostrum
321 1213 461 1270 carmen,
485 1195 565 1271 quod
593 1195 630 1252 ab
654 1195 864 1270 exsuperantia
887 1194 1011 1253 iuvenili
1035 1198 1065 1253 et
1089 1194 1245 1253 ieiunitate
1269 1196 1449 1255 senescentis

172 1283 244 1340 artis
274 1302 370 1359 aequo
400 1283 559 1342 intervallo
589 1283 685 1360 abest,
718 1283 826 1341 Thebis
850 1303 868 1341 a
891 1287 981 1359 poeta
1010 1284 1134 1342 missum
1158 1302 1220 1343 esse
1244 1304 1279 1343 ex
1302 1303 1390 1343 versu
1414 1296 1448 1343 to

172 1376 304 1447 apparet.

260 1461 295 1518 In
318 1461 450 1536 proemio
474 1465 565 1537 poeta
589 1480 618 1519 se
648 1464 803 1537 tamquam
827 1482 862 1519 er
886 1461 1034 1520 oblivione
1059 1481 1093 1520 ac
1116 1466 1237 1521 veterno
1262 1462 1384 1539 excitat,
1413 1466 1449 1520 ut
1505 1494 1510 1501 ·

171 1569 289 1609 carmen
319 1550 372 1608 diu
402 1551 582 1626 promissum
611 1551 732 1608 tondern
764 1551 925 1626 aliquando
957 1570 1025 1610 cum
1056 1552 1174 1611 foenore
1203 1551 1306 1608 mittat
1329 1544 1448 1631 (1-12)

173 1639 335 1715 urbemque
366 1639 529 1698 Locrorum
562 1643 593 1698 et
623 1639 837 1717 Agesidamum
867 1641 1010 1698 victorem
1043 1659 1103 1697 una
1135 1659 1203 1699 cum
1236 1640 1332 1715 alipta
1364 1640 1448 1700 Iolao

172 1728 312 1786 laudibus
336 1721 587 1809 omet(13-23).
629 1729 664 1786 ln
687 1729 846 1804 principali
870 1733 955 1803 parte
979 1729 1119 1787 carminis
1143 1722 1289 1809 (2447),
1312 1748 1380 1787 cum
1404 1730 1448 1787 fa·
1481 1722 1485 1729 ’

172 1817 243 1876 bula
266 1821 329 1876 tam
352 1819 476 1896 longum
500 1838 617 1878 carmen
637 1837 736 1877 carere
756 1839 815 1877 non
834 1822 942 1895 posset,
962 1838 1058 1894 neque
1077 1818 1256 1877 domesticae
1275 1838 1322 1877 res
1340 1818 1447 1878 Locro-

173 1927 240 1965 rum
263 1907 528 1983 Epizepbyriorum
552 1907 687 1965 fabulam
711 1908 945 1984 suppeditarent,
970 1907 1143 1983 Olympicus
1166 1907 1261 1984 ludos,
1284 1908 1315 1965 in
1339 1908 1449 1984 quibus

171 1996 368 2074 Agesidamus
387 1997 518 2071 palmam
537 1997 632 2055 multo
652 2016 720 2055 cum
739 1997 839 2056 labore
859 1999 1017 2073 meruerat,
1033 1997 1070 2054 ab
1084 1997 1212 2055 Hercule
1231 1997 1366 2056 conditos
1385 2016 1448 2056 esse

172 2088 283 2143 narrat.
329 2085 429 2161 Atque
457 2086 588 2161 primum
616 2085 702 2143 ludos
730 2106 765 2143 ex
792 2086 916 2162 praeda,
945 2105 1005 2161 qua
1032 2085 1084 2143 ille
1107 2086 1226 2164 Augen,
1255 2086 1347 2161 impio
1377 2092 1461 2164 rege,

171 2173 317 2251 Pisanum,
341 2174 457 2234 devicto
480 2175 596 2250 potitus
619 2178 706 2251 esset,
728 2174 883 2250 institutos
903 2193 965 2232 esse
985 2175 1075 2232 refert
1094 2168 1239 2255 (al-cs).
1276 2175 1362 2251 Exin,
1382 2176 1447 2250 qui-

170 2283 240 2323 nam
257 2263 361 2339 primis
380 2264 440 2321 illis
459 2263 538 2321 ludis
558 2264 587 2321 in
608 2263 735 2341 singulis
758 2264 954 2322 certaminum
978 2264 1136 2341 generibus
1160 2264 1292 2339 praemia
1313 2264 1447 2341 tulerint,

172 2356 202 2411 et
225 2372 303 2429 quae
327 2353 543 2412 sollemnitates
571 2353 735 2411 certamina
763 2353 817 2411 sub
845 2371 1002 2428 vesperum
1031 2356 1151 2411 secutae
1179 2353 1252 2429 sint,
1280 2354 1376 2411 facete
1399 2372 1447 2411 ex-

170 2442 256 2518 ponit
279 2434 424 2523 (60-7τ).
465 2442 536 2500 lnde
562 2442 594 2499 in
619 2446 750 2500 extrema
776 2445 861 2517 parte
887 2441 1026 2501 carminis
1052 2461 1121 2500 cunr
1147 2442 1184 2499 ad
1208 2461 1254 2500 res
1277 2444 1448 2517 praesentes

171 2531 315 2607 rediisset,
335 2534 429 2589 semet
451 2530 551 2606 ipsum
574 2533 605 2589 et
627 2531 751 2590 chorum
774 2535 809 2588 ut
832 2531 959 2607 epinicio
984 2531 1113 2589 carmine
1138 2530 1175 2588 ad
1199 2550 1334 2589 normam
1356 2531 1447 2606 prise·

171 2639 254 2679 orum
280 2620 401 2679 illorum
422 2620 562 2678 ludorum
581 2620 745 2695 composito
764 2621 895 2696 primum
913 2620 993 2680 Iovis
1013 2640 1122 2678 numen
1140 2620 1327 2696 praedicaret
1345 2621 1447 2679 cohor·

170 2711 253 2768 tatus
281 2709 415 2768 versibus
443 2728 507 2767 sero
536 2709 647 2785 missis,
678 2710 728 2768 sed
756 2714 856 2769 tamen
884 2714 969 2788 grate
993 2709 1271 2785 supervenientibus
1294 2709 1446 2768 civitatem

170 2798 331 2858 Locrorum
339 2798 578 2857 florentissimam
590 2801 621 2857 et
632 2818 759 2874 puerum
768 2800 911 2857 victorem
923 2799 1157 2874 pulcherrimum
1169 2798 1275 2855 laudat
1284 2790 1446 2878 (ts—loo).

257 2888 375 2946 Fabula
402 2907 479 2964 quae
507 2888 562 2947 hoc
590 2888 720 2946 carmine
748 2892 778 2945 ct
806 2888 895 2946 tertio
920 2887 1077 2963 Olympico
1105 2887 1234 2945 carmine
1259 2887 1294 2944 de
1318 2886 1446 2946 Hercule

169 2978 277 3038 Dorico
306 2977 459 3036 conditore
488 2977 627 3036 ludorum
652 2975 877 3052 Olympicorum
906 2977 1041 3052 exposita
1065 2980 1123 3052 est,
1147 2995 1326 3053 magnopere
1351 2976 1388 3033 ab
1412 2995 1447 3033 ea

169 3067 330 3143 discrepat,
359 3086 451 3142 qnam
479 3066 646 3125 sacerdotes
674 3066 740 3124 Elei
768 3066 802 3124 de
826 3066 916 3125 Idaeo
940 3066 1069 3125 Hercule
1093 3068 1214 3123 auctore
1239 3061 1446 3139 Olympiorum

168 3155 333 3215 narrabant
355 3150 397 3236 (v.
417 3155 504 3213 Paus.
525 3174 580 3212 viu
600 3167 624 3231 7,
645 3166 667 3213 6.
694 3155 789 3214 Strab.
806 3174 860 3212 viu
878 3176 906 3230 p.
921 3166 981 3213 355.
1005 3155 1126 3214 Diodor.
1147 3172 1179 3210 111
1201 3165 1242 3229 74,
1260 3165 1285 3210 4.
1306 3171 1325 3209 v
1344 3164 1386 3229 64,
1407 3146 1446 3233 6).

167 3244 296 3305 Videtur
319 3248 421 3303 antem
444 3244 592 3302 Pindarus
612 3248 743 3303 veterem
762 3244 872 3302 lamam
892 3244 1075 3321 immutasse,
1094 3246 1130 3300 ut
1148 3242 1277 3321 gloriam
1300 3236 1449 3300 antistitis

168 3334 293 3394 Doricae
312 3334 414 3410 stirpis
434 3332 631 3409 amplificaret
649 3338 680 3392 et
699 3332 872 3392 memoriam
890 3333 1006 3391 Dorum
1024 3333 1055 3391 in
1075 3351 1181 3410 agrum
1200 3330 1344 3389 Pisanum
1363 3331 1446 3390 inva-

167 3423 304 3482 dentium
327 3443 395 3482 cum
419 3422 609 3481 institutione
629 3423 770 3481 ludorum
789 3421 1013 3498 Olympicorum
1032 3421 1234 3499 coniungeret.
1272 3420 1350 3479 Hinc
1369 3420 1446 3478 illud

167 3532 288 3590 quoque
308 3513 492 3589 explicatur,
503 3512 582 3588 quod
597 3512 720 3589 Augeae
740 3515 770 3570 et
784 3511 1015 3570 Molionidarum
1034 3529 1140 3570 causas
1160 3510 1281 3569 miscuit
1299 3513 1330 3569 et
1346 3509 1446 3568 varias

166 3600 351 3661 incursiones
374 3621 409 3661 ex
433 3601 557 3660 diversis
581 3600 753 3677 regionibus
776 3601 807 3658 in
826 3601 943 3659 Elidem
962 3600 999 3658 ab
1019 3600 1147 3659 Hercule
1168 3599 1263 3658 factas
1284 3600 1446 3657 infamem

167 3691 257 3749 unius
273 3691 445 3766 splendidae
460 3689 656 3766 expeditionis
670 3689 824 3765 conflavit,
839 3710 866 3749 v.
876 3690 1035 3767 Luebbort,
1045 3689 1089 3748 De
1100 3688 1281 3747 Pindcarm.
1291 3687 1408 3764 Olymp.
1418 3707 1446 3764 x,

167 3780 265 3839 Kiliae
288 3782 383 3856 1881,
408 3778 565 3857 Originum
588 3778 761 3837 Eliacarum
785 3779 885 3855 capita
909 3780 1027 3856 selecta,
1050 3779 1241 3837 Meletemata
1264 3777 1299 3835 de
1324 3777 1446 3835 Pindari

166 3869 333 3928 carminum
355 3868 465 3946 quibus
480 3868 638 3944 Olympiae
658 3868 787 3946 origines
801 3869 884 3927 canit
897 3869 1039 3945 fontibus,
1054 3868 1287 3944 Bonnae188‘2,
1302 3866 1446 3925 Wilamo-

165 3958 247 4037 witz,
271 3958 343 4016 Eur.
363 3958 483 4017 Herakl.
504 3968 593 4016 1271.

711 4092 756 4157 De
779 4094 900 4160 notris.

254 4224 403 4285 Carminis
430 4224 520 4283 huius
548 4225 665 4283 numeri
693 4229 765 4282 sunt
792 4225 941 4302 paeonici,
969 4224 1126 4300 dactylicis
1154 4228 1184 4283 et
1212 4224 1392 4300 logaoedicis
1415 4228 1446 4283 ct

163 4314 297 4391 epitritis
320 4314 364 4372 ita
387 4313 483 4391 mixti,
507 4316 543 4372 ut
566 4317 597 4373 et
620 4314 793 4373 colometrin
817 4318 848 4372 et
870 4315 980 4390 pedum
1007 4313 1113 4373 divisio
1138 4313 1352 4371 incertissimas
1376 4313 1444 4373 sint.

166 4403 232 4463 Iam
251 4407 367 4463 veteres
386 4403 525 4463 metricos
544 4404 693 4479 quomodo
713 4404 779 4461 cola
797 4403 887 4461 huius
906 4403 1046 4463 carminis
1064 4402 1224 4462 dividenda
1243 4406 1342 4460 essent
1360 4402 1444 4459 dubi-

164 4498 253 4571 tasse,
274 4492 388 4552 scbolia
407 4493 444 4550 ad
463 4513 490 4552 v.
506 4504 540 4550 24
560 4496 723 4569 testantur,
743 4493 793 4551 sed
813 4494 900 4568 plane
919 4493 1038 4552 futtiles
1057 4493 1183 4551 istorum
1203 4491 1334 4549 rationes
1352 4490 1444 4547 fuisse

162 4601 232 4641 cum
246 4582 424 4642 colometria
437 4583 572 4642 codicum
591 4585 656 4640 tum
676 4581 778 4657 inepta
797 4582 956 4657 explicatio
974 4582 1152 4641 scholiastae
1170 4580 1286 4639 metrici
1302 4580 1442 4655 arguunt.

163 4672 294 4731 Maxime
323 4675 425 4730 autern
449 4670 604 4729 offensioni
632 4675 703 4728 sunt
726 4671 840 4747 epitriti
868 4673 957 4748 pedes
981 4673 1066 4730 iuxta
1089 4671 1276 4728 ditrochaeos
1299 4686 1390 4744 puros
1414 4669 1442 4724 et

163 4780 293 4837 paeones
313 4760 413 4837 positi,
433 4760 579 4834 siquidem
598 4760 687 4817 huius
708 4760 859 4819 societatis
878 4762 939 4820 alia
958 4761 1093 4837 exemplu
1112 4758 1179 4817 novi
1205 4757 1297 4816 nulla.
1339 4756 1444 4831 Neque

164 4871 236 4911 nmn
266 4853 347 4909 recte
371 4848 505 4909 versibus
529 4852 688 4924 st1·.·l.ep.
711 4863 734 4908 1.
754 4862 768 4908 r
789 4851 946 4911 iambicum
969 4850 1078 4926 busim,
1107 4848 1241 4907 versibus
1265 4867 1310 4922 ep.
1331 4860 1354 4905 3.
1374 4857 1398 4906 4.
1419 4857 1444 4906 5.
