3442 5550
677 372 834 423 omnem
853 373 927 426 vm.
1397 371 1437 434 61

164 538 230 597 inde
255 538 292 596 ab
316 539 415 598 Aeaco
440 538 649 597 administrata
676 539 749 615 fuit,
782 539 837 598 hoc
864 557 986 597 causam
1014 541 1120 615 poetae
1148 531 1277 622 praebet}
1299 539 1440 597 narrandi

163 628 296 687 fabulam
320 629 355 687 de
375 628 473 688 Aeaco
497 628 534 687 ab
554 627 694 703 Apolline
718 632 749 687 et
766 628 908 704 Neptuno
933 629 970 686 ad
993 629 1112 687 moenia
1130 629 1237 687 Troiae
1261 629 1440 687 exstruenda

163 718 276 776 adscito
296 710 439 798 (tl-52).
470 719 534 776 Iam
552 737 620 776 cum
638 718 813 793 Neptunum
834 717 924 775 Troia
943 717 1120 776 Corinthum
1139 719 1261 776 rediisse
1281 723 1440 793 narrasset,

163 807 272 866 transit
291 808 328 865 ad
347 807 504 866 victoriam
522 807 671 882 llelesiae,
691 807 802 883 aliptae
822 806 1046 883 Alcimedontis,
1068 806 1200 866 lsthrniis
1225 807 1297 866 olim
1321 813 1440 882 partam

162 890 317 971 otteraque
346 896 453 954 decora
480 896 593 974 egregii
621 896 771 973 magistri,
803 897 881 954 inter
911 915 988 972 quae
1019 897 1255 955 recentissimum
1287 915 1349 954 esse
1381 896 1439 954 vic·

163 985 271 1045 teriam
294 985 522 1061 Alcimedontis
546 985 704 1060 disciplina
728 987 792 1043 eius
816 986 853 1043 ad
877 985 1084 1045 fortitudinem
1108 990 1139 1044 et
1162 985 1371 1044 dexteritatem
1395 985 1439 1043 in·

162 1074 283 1133 formati
306 1066 449 1154 (53—66).
496 1073 581 1131 Hanc
615 1074 709 1151 igitur
740 1074 897 1132 victoriam
930 1074 985 1131 sub
1018 1076 1106 1133 linem
1138 1078 1228 1150 poeta
1259 1075 1368 1132 iterum
1396 1074 1440 1133 ita

162 1163 326 1238 praedicat,
357 1167 393 1219 ut
420 1167 451 1220 et
478 1163 610 1238 reliquas
638 1163 779 1221 victorias
803 1163 901 1240 gentis
926 1164 1153 1239 Blepsiadarum
1176 1166 1386 1222 commemoret
1409 1166 1440 1221 et

161 1253 243 1310 fama
265 1271 368 1310 earum
392 1254 535 1329 cognatos
558 1252 648 1309 etiam
672 1255 806 1310 mortuos
830 1253 860 1310 in
881 1251 956 1311 Orco
981 1252 1111 1330 gaudere
1130 1253 1212 1311 dicat
1232 1246 1376 1334 (or-88).

249 1342 326 1400 Tota
349 1341 406 1399 oda
430 1341 559 1400 sollicita
578 1342 709 1416 quadam
728 1361 800 1400 cura
819 1341 854 1400 de
874 1341 1047 1420 integritate
1067 1342 1191 1419 insulae,
1210 1341 1258 1400 cui
1279 1345 1345 1400 tum
1364 1346 1438 1399 tem·

162 1430 241 1506 poris
256 1431 360 1507 gravia
375 1430 436 1488 iam
454 1430 588 1506 pericula
607 1431 644 1489 ab
658 1430 888 1489 Atheniensium
902 1432 1067 1506 cupiditate
1083 1431 1301 1508 impendebant,
1316 1431 1438 1506 perfusa

160 1524 206 1578 est
220 1512 281 1599 (vv.
299 1532 338 1578 19.
354 1514 410 1600 88).
439 1518 517 1577 Huic
532 1522 634 1577 autem
648 1539 747 1578 rerum
762 1520 856 1578 statui
876 1520 949 1578 bene
969 1521 1110 1580 convenit
1128 1520 1276 1579 sententia
1295 1519 1438 1578 Boeckbii
1478 1575 1483 1584 ,

161 1609 237 1667 hanc
260 1609 349 1667 odam
372 1629 430 1669 non
454 1609 601 1686 Aeginae,
632 1609 683 1666 ubi
712 1630 748 1667 ne
776 1609 931 1668 molimina
955 1609 1025 1667 belli
1049 1609 1208 1668 festivitati
1232 1609 1437 1683 obstreperent

161 1698 322 1757 verendum
345 1699 452 1775 fuerit,
476 1698 526 1757 sed
551 1696 708 1773 Olympiae
733 1698 762 1756 iu
787 1717 896 1774 pompa
920 1699 956 1755 ad
981 1717 1064 1756 aram
1088 1697 1167 1757 Iovis
1192 1718 1209 1756 a
1233 1698 1344 1756 victore
1368 1717 1437 1756 cum

161 1787 319 1846 comitibus
339 1787 477 1845 instituta
497 1790 649 1845 cantatam
670 1805 732 1845 esse
752 1787 958 1847 existimantis
997 1787 1186 1863 Quamquam
1207 1788 1235 1844 in
1255 1787 1437 1845 contrariam

161 1877 340 1935 sententiam
371 1896 473 1936 versus
497 1887 530 1934 ab
554 1869 639 1935 τάνδ’
665 1873 797 1954 ἁλιερκέα
828 1874 925 1954 χώραν
955 1877 1072 1934 trabere
1102 1876 1233 1952 videtur,
1265 1879 1295 1934 et
1325 1876 1436 1934 Drach·

161 1984 301 2043 mannuS,
326 1967 369 2024 De
393 1966 591 2024 recentiorum
615 1965 861 2040 interpretatione
886 1966 1043 2024 Pindarica
1067 1967 1084 2023 l.
1104 1985 1125 2022 11
1146 1986 1169 2026 c.
1191 1979 1214 2042 1,
1238 1985 1272 2023 ex
1296 1965 1437 2023 universa

160 2055 299 2113 carminis
323 2055 421 2115 indole
445 2074 587 2130 apparere
611 2054 764 2112 existimat
786 2073 904 2113 carmen
928 2055 1074 2132 Aeginae,
1103 2075 1161 2113 non
1185 2053 1343 2129 Olympiae
1367 2073 1435 2112 can·

161 2147 260 2202 tatum
293 2162 363 2203 esse.
419 2144 531 2202 Verum
563 2143 760 2202 Boeclrhianis
794 2144 977 2222 argumentis
1010 2143 1156 2202 accedunt
1188 2148 1293 2218 aperta
1325 2143 1436 2202 indicia

160 2232 294 2292 festinati
317 2234 469 2309 carminis,
497 2235 625 2291 metrum
647 2233 772 2310 vulgare
796 2238 826 2291 et
849 2233 1041 2310 neglegenter
1063 2234 1191 2308 factum,
1221 2232 1351 2291 elocutio
1376 2252 1434 2292 non

159 2322 232 2381 satis
260 2322 427 2400 elaborata,
450 2322 554 2380 fabula
581 2342 616 2380 ex
643 2323 801 2380 Homerico
829 2322 893 2381 loco
922 2325 946 2379 Z
970 2333 1021 2379 453
1046 2319 1122 2380 ἔνθα
1152 2322 1274 2399 μάλιστα
1304 2318 1434 2400 ἄμβατός

159 2409 218 2470 ἔστι
240 2409 323 2482 πόλις
346 2409 395 2470 κοιλ
418 2408 579 2489 ἐπίδρομον
598 2408 697 2471 ἔπλετο
720 2415 812 2489 τεῖχος
835 2411 942 2470 leviter
959 2410 1029 2469 ficta
1047 2404 1089 2490 (v.
1110 2410 1187 2469 Stzb.
1203 2410 1230 2470 d.
1245 2411 1272 2469 b.
1287 2410 1343 2468 Ak.
1365 2420 1433 2468 1895

159 2521 186 2576 p.
206 2512 239 2558 22
259 2494 321 2579 ss),
346 2500 519 2560 transeundi
542 2500 688 2559 formulae
712 2500 858 2576 insipidae
881 2493 921 2581 (v.
943 2500 1078 2576 inprimis
1096 2520 1124 2558 v.
1144 2493 1202 2580 53),
1222 2499 1350 2575 denique
1370 2518 1434 2558 sen·

159 2590 271 2649 tentiae
295 2591 326 2648 in
349 2589 499 2650 communi
523 2593 553 2647 et
575 2591 680 2664 patulo
705 2590 774 2648 orbe
799 2592 959 2649 versantes

701 2726 745 2791 De
768 2727 890 2792 metris.

246 2839 393 2899 Carminis
423 2840 512 2897 buius
543 2840 711 2916 mediocria,
741 2841 770 2897 in
803 2859 913 2915 pompa
936 2860 955 2897 a
978 2840 1136 2898 comitibus
1167 2839 1289 2899 victoris
1319 2840 1433 2898 cantati

158 2922 219 3009 (vv.
240 2923 351 3010 9—10),
375 2930 491 2987 numeri
515 2933 586 2986 sunt
609 2929 884 3004 dact.ylo-epitritici
910 2929 1057 3005 vulgares,
1095 2929 1306 2988 Breviusculos
1331 2948 1433 2987 versus

157 3019 296 3095 strophae
326 3019 467 3095 quintum
497 3022 528 3077 et
559 3023 674 3077 sextum
705 3018 815 3076 rectius
839 3018 869 3074 in
894 3037 987 3075 unum
1010 3036 1129 3076 versum
1157 3018 1332 3094 coniunges,
1363 3018 1434 3075 licet

158 3107 188 3165 in
212 3108 268 3165 tine
287 3107 395 3183 prioris
413 3127 516 3167 versus
535 3112 625 3183 poeta
643 3107 688 3165 bis
708 3100 768 3187 (vv.
789 3119 832 3164 ου.
853 3100 900 3179 71)
920 3107 1068 3181 syllabam
1087 3106 1251 3182 ancipitem
1270 3105 1432 3166 admiserit.

156 3196 258 3254 Etiam
281 3197 380 3255 minus
405 3196 532 3256 similem
556 3197 707 3255 licentiam
732 3195 865 3270 syllabae
889 3196 1028 3271 ancipitis
1052 3196 1081 3253 iu
1102 3216 1128 3254 v.
1149 3206 1183 3254 87
1203 3195 1363 3254 admissam
1382 3194 1432 3254 ob·

156 3288 236 3343 stare
259 3286 344 3363 duco,
369 3287 528 3361 quominus
552 3286 638 3361 epodi
662 3286 737 3344 duos
759 3286 883 3344 ultimos
911 3303 1014 3344 versus
1042 3284 1191 3343 continuis
1214 3284 1346 3343 numeris
1369 3303 1431 3343 sese

156 3374 288 3450 excipere
324 3379 500 3435 statuamus.
552 3376 648 3451 llagis
683 3375 762 3434 enim
792 3375 894 3433 hiatus
926 3374 1103 3433 delicatulus
1135 3392 1223 3433 aures
1251 3374 1432 3433 Graecorum

156 3464 323 3522 offendebat
350 3483 442 3540 quam
468 3464 566 3523 brevis
593 3465 711 3540 syllaba
738 3465 768 3521 in
796 3483 920 3523 caesura
948 3464 985 3521 ad
1013 3464 1182 3540 exemplum
1212 3462 1332 3522 Homeri
1365 3483 1432 3538 pro-

155 3551 253 3611 ducta.
306 3554 403 3629 Epodi
435 3554 600 3614 versiculus
632 3557 758 3630 quartus
795 3554 965 3612 monocolos
998 3553 1136 3611 similiter
1168 3556 1259 3628 atque
1292 3552 1324 3611 P.
1350 3571 1382 3608 ιιι
1406 3565 1431 3610 3.

154 3640 178 3699 Ι.
197 3660 207 3698 ι
226 3653 251 3700 4.
277 3654 330 3701 vl
353 3643 441 3703 modo
471 3642 696 3719 praecedentem
724 3662 843 3701 versum
873 3642 988 3702 claudit
1015 3636 1078 3723 (vv.
1102 3653 1142 3702 18.
1164 3635 1213 3711 40)
1244 3641 1332 3699 modo
1363 3640 1431 3699 sub·

155 3731 293 3806 sequenti
319 3733 417 3807 praeit
439 3725 480 3813 (v.
506 3726 562 3813 ta).
615 3733 809 3809 Diagramma
836 3732 976 3792 carminis
999 3731 1154 3790 embaterii
1178 3731 1222 3788 ita
1245 3729 1368 3808 digessi,
1397 3734 1432 3787 ut

155 3819 293 3894 tiipodiis
320 3821 476 3896 dactylicis
503 3822 650 3880 ambitum
683 3822 820 3880 binarum
853 3821 1042 3896 dipodiarum
1074 3819 1186 3895 expleri
1218 3818 1430 3897 significarem,

154 3907 353 3969 v.Prol.mr1.
399 3910 485 3980 Quod
508 3914 609 3970 autem
632 3932 680 3971 vv.
701 3921 742 3972 17.
762 3924 803 3970 νο.
823 3923 857 3968 42
881 3930 935 3986 pro
959 3910 1088 3985 spondeo
1112 3908 1286 3969 trochaeum
1313 3908 1345 3967 in
1368 3927 1431 3967 car·

153 3997 233 4057 mine
257 3998 398 4059 festinato
421 4020 530 4076 ponere
553 4004 643 4076 poeta
666 4020 724 4059 nou
748 3999 912 4076 dubitavit,
935 3999 991 4057 hoc
1014 3999 1151 4074 equidem
1175 3998 1218 4056 ita
1243 3998 1430 4074 interpretor,

150 4092 185 4145 ut
209 4107 262 4163 pro
285 4106 321 4142 ι.ι
338 4105 375 4143 rm
397 4089 490 4148 etiam
509 4106 546 4143 [Δ
565 4106 606 4148 Λ
625 4110 643 4142 s
666 4089 735 4166 poni
760 4089 893 4165 potuisse
916 4088 1090 4147 existimem.

1191 4175 1272 4255 Στρ.
1296 4169 1341 4234 α’.

311 4284 427 4365 Μᾶτερ
451 4275 477 4345 ὦ
501 4281 783 4366 χρυσοστεφάνων
807 4279 939 4345 ἀέθλων
963 4279 1153 4364 Οὐλυμπία,

310 4385 458 4452 δέσποιν’
484 4387 657 4470 ἀλαθείας,
681 4389 736 4452 ἵνα
759 4389 892 4472 μάντιες
914 4387 1034 4471 ἄνδρες

220 4565 300 4598 vnum
318 4564 423 4602 anemo.
461 4547 545 4601 Inscr.
572 4544 919 4616 secrctamsecretam.
946 4545 994 4598 καλ
1016 4542 1182 4614 Τιμοσθένει
1204 4547 1349 4613 παλαιστῇ.
1379 4541 1428 4595 καλ

148 4615 277 4691 Μελησίᾳ
295 4627 507 4690 παγκρατιαστῇ
526 4617 631 4688 Νέμεα.
656 4617 823 4688 Αἰγινήταις.
848 4616 996 4684 νικήσασιν
1015 4615 1175 4685 ὀλυμπιάδα
1196 4621 1228 4680 Α,
1247 4613 1430 4683 Ἀλκιμίδοντι

221 4779 411 4815 comarum.
450 4780 474 4815 r.
496 4768 518 4815 1.
553 4760 712 4831 Olympiam
737 4778 785 4813 cur
809 4763 893 4828 poeta
916 4762 945 4812 et
968 4759 1020 4812 hoc
1045 4776 1125 4813 versu
1150 4760 1179 4810 et
1203 4755 1328 4810 versibus
1352 4772 1428 4820 s-1o‚

147 4832 252 4901 quibus
267 4833 303 4885 ad
318 4833 440 4901 primum
454 4849 564 4886 versum
578 4833 661 4901 redit,
672 4833 842 4901 alloquatur,
857 4831 968 4885 facilem
984 4832 1071 4885 habet
1085 4829 1264 4900 explicatum,
1275 4827 1300 4881 si
1315 4843 1428 4881 carmen
