3442 5550
627 406 853 457 FRAGMENTA.

160 569 181 654 ή
203 571 240 635 τὸ
264 572 453 654 πάντολμον
475 566 596 644 σθένος
615 565 809 651 Ἡρακλέος,

126 694 142 741 5
160 676 181 760 ή
204 678 265 742 τὰν
287 677 467 742 Διωνύσου
490 672 683 757 πολυγαθέα
706 674 819 757 τιμάν,

162 784 182 867 ἢ
205 784 311 869 γάμον
335 781 540 849 λευκωλένου
559 779 734 869 Ἁρμονίας
756 781 946 865 ὑμνήσομεν
961 829 968 843 .
982 828 990 843 .
1005 828 1036 843 ..

653 893 670 928 θ
821 891 837 927 θ

737 932 754 967 θ

163 1003 306 1082 Πρῶτον
328 994 391 1083 μὲν
412 998 576 1080 εὔβουλον
601 994 704 1080 Θέμιν
726 996 888 1079 οὐρανίαν

163 1104 356 1190 χρυσέαισιν
379 1105 491 1180 ἵπποις
510 1101 667 1168 Ὠκεανοῦ
691 1102 778 1185 παρὰ
801 1109 911 1183 παγᾶν

163 1217 292 1296 Μοῖραι
315 1210 390 1277 ποτὶ
413 1214 554 1295 κλίμακα
578 1209 702 1293 σεμνὰν

164 1315 247 1402 ἆγον
272 1319 463 1402 Οὐλύμπου.
478 1318 620 1401 λιπαρὰν
643 1313 722 1380 καθ’
748 1315 843 1397 ὁδόν,

131 1445 147 1491 e
166 1436 313 1510 σωτῆρος
336 1425 477 1511 ἀρχαίαν
500 1427 621 1509 ἀλοχον
643 1424 727 1499 Διὸς
750 1425 862 1506 ἔμμεν·

166 1533 187 1598 ὰ
209 1530 246 1597 δὲ
269 1533 327 1609 τὰς
350 1531 586 1617 χρυσάμπυκας
608 1529 860 1613 ἀγλαοκάρπους
881 1531 989 1594 τίκτεν
1012 1528 1157 1606 ὰλαθέας
1171 1526 1282 1616 Ὥρας.

203 1805 351 1865 Aristides
374 1824 397 1862 11
421 1817 472 1863 τεν
496 1803 598 1862 Dine:
627 1802 778 1882 Πίνδαρος
806 1797 838 1861 δὲ
860 1802 1007 1880 τοσαύτην
1030 1800 1197 1881 ὑπερβολήν
1219 1799 1387 1879 ἐποιήσατο,

116 1894 187 1954 ὥστε
209 1893 242 1954 έν
266 1892 339 1965 Διὸς
361 1893 444 1978 γάμῳ
468 1890 609 1962 καὶτοὺς
632 1891 724 1963 θεοὺς
747 1889 856 1963 αύτούς
878 1909 987 1969 φησιν,
1009 1889 1150 1971 ἐρομένου
1174 1899 1226 1951 τοῦ
1250 1889 1338 1969 Διός,
1360 1889 1391 1950 εἴ

116 2006 168 2044 τον
192 1981 317 2061 δέοιντο,
340 1982 456 2061 αἰτῆσαι
473 1979 659 2058 ποιήσασθαί
675 2003 758 2051 τινας
777 1978 855 2065 αὑτῷ
875 1980 978 2056 θεούς,
998 1980 1104 2052 οἵτινες
1122 1979 1157 2040 τὰ
1176 1980 1286 2060 μεγάλα
1304 1971 1385 2040 ταῦτ’

117 2072 186 2152 ἔργα
208 2072 259 2132 καὶ
281 2072 379 2132 πᾶσάν
402 2093 433 2151 γε
457 2069 495 2148 δή
518 2068 572 2147 τήν
594 2067 710 2130 ἐκείνου
734 2067 917 2146 κατασκευήν
940 2068 1196 2148 κατακοσμήσουσι
1218 2069 1314 2148 λύγοις
1336 2065 1387 2130 καλ

117 2171 243 2245 μουσικῇ
265 2194 302 2202 -
324 2159 478 2221 Chorieius
501 2181 530 2236 p.
549 2170 600 2218 305
624 2159 668 2218 ed.
687 2159 833 2234 Boisson.‚
850 2180 878 2235 p.
898 2171 914 2217 3
938 2159 982 2219 ed.
1001 2160 1150 2220 Foereter:
1172 2157 1291 2237 ἐποίησε
1310 2159 1386 2218 Πίν-

117 2251 207 2331 δαρος
230 2249 280 2310 καλ
301 2249 394 2321 θεοὺς
417 2245 579 2320 ὀκνοῦντας
606 2246 737 2326 ὑμνῆσαι
759 2245 810 2319 τὰς
833 2256 886 2307 τοῦ
909 2246 982 2319 Διὸς
1004 2247 1047 2320 εἰς
1070 2245 1252 2327 ἀνθρώπους
1275 2251 1387 2326 φιλοτι-

116 2340 195 2419 μίας.
219 2337 313 2400 ἐδόκει
334 2337 390 2419 γὰρ
414 2331 496 2416 οἶμαι
517 2342 557 2419 τῷ
580 2345 687 2421 ποιητῇ
709 2345 796 2398 τοῦτο
820 2329 896 2397 εἶναι
914 2334 1049 2417 μέγιστον
1068 2334 1212 2417 ἐγκώμιον
1230 2345 1283 2397 τοῦ
1301 2343 1389 2415 θεοῦ,

115 2429 142 2488 εἰ
158 2427 261 2507 μηδεὶς
274 2437 333 2488 τῶν
347 2423 515 2507 Ὀλυμπίων
533 2424 624 2486 αὐτὸν
642 2424 819 2506 ἐγκωμιάσαι
836 2425 984 2504 τολμήσαι.
1007 2435 1163 2506 τοιγαροῦν
1182 2431 1315 2506 καθῆστο
1334 2423 1389 2506 μὰν

119 2514 135 2577 δ
159 2517 235 2590 Ζεὺς
261 2522 298 2600 τῷ
317 2516 460 2602 Πινδάρῳ
478 2515 511 2575 τὸ
529 2524 591 2575 πᾶν
608 2512 674 2595 ἀρτι
696 2514 857 2593 κοσμήσας,
878 2523 1016 2595 παρῆσαν
1035 2513 1066 2576 δὲ
1089 2516 1122 2577 oi
1136 2515 1204 2577 θεολ
1226 2526 1323 2601 σιωπή
1345 2538 1388 2576 τε-

116 2606 247 2684 θηπότες
269 2605 324 2684 τήν
347 2603 470 2685 ἀγλαΐαν
494 2612 551 2664 τῶν
575 2600 749 2685 δρωμένων,
775 2602 917 2685 ἐρομένου
940 2601 972 2664 δὲ
999 2615 1053 2666 τοῦ
1076 2604 1164 2683 Διός,
1191 2604 1271 2685 εἴπερ
1299 2602 1388 2666 ἀλλον

118 2718 171 2756 τον
199 2694 328 2771 δέοιντο,
351 2695 388 2754 ἲν
415 2692 530 2772 ἔφασαν
558 2694 589 2754 οἱ
614 2692 681 2754 θεολ
706 2699 768 2766 τοῖς
795 2692 910 2754 ἐκείνου
938 2693 1175 2775 δημιουργήμασι
1198 2695 1323 2773 λείπειν,
1346 2694 1389 2754 δτι

117 2783 230 2864 μηδένα
252 2783 418 2865 προήγαγεν
441 2782 642 2864 ἀναβαίνοντα
665 2788 727 2857 ταῖς
751 2781 910 2862 εὐφημίαις
933 2781 1000 2864 ἀχρι
1022 2793 1074 2845 τοῦ
1093 2783 1198 2865 μέτρον
1216 2793 1276 2845 τῶν
1293 2788 1389 2844 τελου-

116 2873 221 2954 μένων.

690 2966 729 3023 32
757 2960 813 3038 [8].

641 3073 700 3128 τοῦ
722 3071 807 3128 θεοῦ

332 3174 452 3237 ἀκουσε
476 3171 611 3255 Κάδμος
633 3171 795 3255 μουσικὰν
819 3170 929 3253 δρθὰν
952 3168 1232 3256 ἐπιδεικνυμένου.

118 3383 201 3434 τησεν
225 3365 261 3427 ὡς
284 3364 408 3434 άμονσον
432 3362 542 3419 ὄντα..
559 3360 691 3431 ,σφόδρα
714 3359 766 3417 οὖν
784 3362 799 3416 δ
817 3359 961 3431 Πίνδαρος
986 3358 1135 3431 ἐπιστήσας
1155 3373 1213 3428 τοῖς
1235 3363 1393 3436 λεγομένοις

121 3434 251 3505 ἐποίησεν
265 3435 355 3491 έκεῖνο
369 3437 401 3490 τὰ
415 3435 507 3505 μέλος·
523 3433 652 3505 Ἰσμηνὸν
665 3439 723 3489 κτλ.
743 3433 880 3488 Carminis
892 3433 1062 3504 principium
1076 3434 1191 3490 exhibet
1204 3436 1290 3491 etiem
1306 3437 1391 3492 schol.

118 3507 198 3562 Pind.
218 3507 252 3561 N.
272 3526 290 3560 x
310 3525 328 3561 1.
350 3539 381 3547 -
401 3506 443 3560 De
461 3506 570 3561 Ismene
589 3506 675 3560 Melie
693 3505 813 3560 Hercule
831 3505 985 3560 Harmonia
1003 3505 1075 3561 conf.
1094 3504 1124 3561 P.
1143 3526 1171 3559 xi
1189 3507 1227 3562 in.

190 3579 233 3634 Fr.
253 3584 295 3633 30.
333 3577 417 3632 Glem.
436 3577 515 3632 Alex.
535 3578 634 3632 Strom.
654 3596 671 3630 v
690 3594 740 3633 7³1:
764 3577 907 3645 Πίνδαρος
929 3576 961 3631 δὲ
985 3579 1117 3645 ἀντικρὺς
1135 3580 1184 3633 καὶ
1208 3587 1318 3649 σωτῆρα
1336 3583 1392 3635 Δία

120 3659 307 3705 συνοικοῦντα
324 3649 423 3719 Θέμιδι
438 3648 549 3720 εἰσάγει,
569 3646 684 3721 βασιλέα
703 3655 812 3716 σωτῆρα
831 3646 951 3715 δίκαιον,
971 3648 1129 3718 ἑρμηνεύων
1143 3646 1198 3704 ὧδέ
1210 3669 1280 3714 πως
1301 3654 1393 3722 Πρῶ-

121 3741 181 3776 τον
201 3726 255 3776 κτλ.
293 3721 334 3774 Ex
352 3721 451 3775 eodem
470 3720 572 3789 hymno
596 3721 628 3774 fr.
649 3726 683 3773 ³0
702 3723 787 3788 atque
810 3720 842 3774 fr.
862 3724 896 3772 29
915 3718 1035 3790 petitum
1054 3736 1115 3774 eene
1133 3720 1215 3775 metri
1234 3722 1393 3791 aequalitas

121 3794 216 3858 docet3
236 3791 347 3847 videtur
361 3794 454 3846 eutem
468 3794 553 3860 poete
566 3808 600 3845 ex
614 3790 770 3845 multifaria
784 3790 901 3845 materie
916 3791 1013 3859 hymni
1025 3790 1153 3846 Thebani
1167 3792 1281 3863 nuptiae
1295 3794 1393 3849 Cadmi

120 3868 150 3919 et
172 3863 342 3918 Harmoniae
367 3862 497 3932 elegisse,
521 3862 595 3916 unde
613 3862 646 3917 fr.
668 3867 701 3915 29
720 3865 750 3916 et
768 3863 800 3916 lr.
820 3868 854 3915 30
873 3862 978 3916 maiore
997 3862 1147 3917 intervallo
1167 3863 1289 3919 discrete
1307 3866 1394 3922 fuisse

122 3938 200 4007 puto,
220 3967 253 3975 -
273 3941 297 3989 2.
323 3933 449 3989 ἵπποισιν
468 3933 549 3988 codd.
568 3965 603 3973 —
621 3942 716 4003 παγᾶν
735 3932 860 3988 Boeekh:
883 3932 977 4003 πάγον
995 3934 1073 3989 οοὰδ.
1092 3967 1128 3975 -
1146 3940 1172 3990 4.
1188 3933 1241 3990 Ὀλ.
1260 3937 1340 3992 codd.
1361 3971 1394 3979 -

120 4006 244 4075 λιπαρὰν
263 4004 334 4060 καθ’
352 4004 432 4060 ὁδόν·
453 4006 487 4059 cs.
503 4005 534 4060 Ο.
549 4024 569 4057 11
584 4021 609 4059 τι
624 4006 692 4066 Διὸς
710 4002 778 4058 ὁδόν
797 4037 831 4044 -
850 4010 874 4058 5.
894 4003 979 4075 ἔμμεν
996 4005 1106 4074 Heyne:
1126 4005 1243 4077 ἔμμεναι
1261 4009 1341 4066 οοδδ,
1361 4042 1393 4050 -

121 4084 145 4133 6.
166 4075 293 4140 ὰλαθέας
304 4074 390 4145 Ὥρας
409 4076 514 4131 collate
527 4074 660 4145 Hesychii
675 4074 770 4146 glossa
784 4074 911 4139 ἀλαθέας
925 4075 999 4145 ὥρας
1012 4075 1137 4133 Boeckh:
1157 4079 1176 4132 ά
1194 4078 1256 4132 αθὰ
1270 4088 1396 4150 σωτῆρας

122 4149 208 4205 Clem.
245 4148 286 4203 De
304 4147 439 4203 Themide
457 4150 547 4201 matre
566 4148 703 4201 Horarum
721 4165 746 4202 v.
767 4146 830 4201 Hes.
850 4148 943 4217 theog.
963 4166 1001 4202 σοι
1021 4150 1050 4201 et
1068 4148 1148 4203 Pind.
1168 4099 1200 4205 d.
1219 4169 1267 4203 1111
1286 4168 1306 4206 ε.

191 4219 236 4274 Fr.
256 4226 298 4274 32.
335 4218 451 4273 Aristid.
469 4238 490 4271 11
509 4235 548 4273 tes
566 4218 662 4273 Dind:
686 4217 716 4272 έν
735 4227 793 4281 τοῖς
812 4215 928 4288 ’Τμνοις
946 4220 1057 4284 διεξιὼν
1075 4217 1238 4290 (Πίνδαρος)
1256 4223 1321 4290 περὶ
1339 4232 1396 4277 τῶν

121 4291 153 4346 έν
171 4289 276 4345 ἅπαντι
294 4296 332 4364 τῷ
351 4289 441 4361 χρόνω
460 4288 669 4363 συμβαινόντων
687 4288 866 4358 παθημάτων
884 4299 941 4353 τοῖς
964 4291 1127 4358 ἀνθρώποις
1150 4292 1225 4360 (fort.
1244 4297 1325 4357 θεοῖς
1348 4294 1396 4347 καὶ

120 4364 295 4432 ἀνθρώποις)
310 4364 357 4417 καὶ
371 4348 587 4434 τῆςμεταβολῆς
604 4361 654 4415 τὸν
673 4360 790 4431 Κάδμον
809 4362 895 4429 φησὶν
913 4362 1033 4415 ἀκοῦσαι
1050 4369 1101 4416 τοῦ
1118 4360 1283 4427 ’Λπόλλωνος
1321 4383 1396 4420 ουσι-

123 4434 178 4488 κὰν
198 4434 292 4501 ὀρθὰν
311 4430 549 4502 ἐπιδεικνυμένου,
567 4432 640 4486 Plut.
660 4431 695 4486 de
714 4432 795 4500 Pyth.
812 4449 885 4486 orae.
900 4450 925 4487 e:
944 4431 960 4486 δ
978 4431 1010 4487 δὲ
1028 4431 1172 4502 Πίνδαρος
1189 4385 1319 4489 ἀκοῦσαδΙ
1328 4454 1397 4507 φησι

123 4514 174 4560 τοῦ
192 4510 265 4560 θεοῦ
290 4506 340 4560 τὸν
359 4503 476 4574 Κάδμον
501 4502 637 4574 μουσικὰν
663 4502 768 4571 ὀρθάν,
795 4504 846 4573 οὐχ
869 4503 969 4572 ἡδεῖαν
992 4503 1057 4559 οῦδὲ
1082 4503 1225 4574 τρυφερὰν
1251 4506 1317 4561 οὐδ’
1338 4508 1397 4562 ἐπι-

124 4574 315 4646 κεκλασμένην
333 4585 391 4638 τοῖς
409 4574 524 4645 μέλεσιν.
562 4575 638 4628 Idem
657 4575 693 4629 de
711 4573 795 4628 enim.
814 4591 902 4643 proer.
923 4579 970 4630 ὅθι
989 4573 1132 4645 Πίνδαρος
1150 4586 1200 4631 τοῦ
1218 4582 1292 4632 θεοῦ
1309 4597 1397 4648 φησιν

125 4648 281 4703 ἐπακοῦσαι
304 4645 441 4719 μουσικὰν
460 4645 555 4712 ὀρθὰν
578 4643 808 4715 ἐπιδεικνυμένου
826 4646 876 4699 τὸν
894 4645 1019 4715 Κάδμον.
1055 4646 1218 4702 Orationem
1240 4652 1347 4704 rectam
1370 4655 1399 4705 et

125 4722 247 4774 metrum
265 4720 303 4773 ad
322 4717 465 4787 exemplar
488 4717 520 4770 tr.
540 4734 579 4772 ιιι
602 4717 691 4771 restit.
711 4716 824 4770 Boeekh
847 4748 880 4758 -
905 4717 1020 4787 Spectat
1044 4718 1097 4772 hoc
1123 4735 1235 4773 carmen
1260 4721 1398 4776 Pindarun

126 4791 135 4845 i
156 4808 186 4847 ee
209 4790 239 4846 P.
259 4811 289 4844 111
308 4809 333 4845 οι
357 4789 402 4859 (cf.
422 4789 455 4843 N.
475 4808 492 4842 v
510 4805 536 4844 κο
551 4791 607 4855 σε).
644 4788 761 4857 Sumpta
785 4791 850 4841 sunt
873 4788 905 4843 fr.
925 4794 959 4842 θλ
979 4791 1008 4843 et
1030 4795 1064 4842 33
1087 4807 1121 4842 ex
1144 4791 1235 4860 epodo
1259 4793 1399 4851 carminis.

149 4862 232 4917 odem
251 4862 390 4933 pertinere
409 4861 520 4915 videtur
538 4861 571 4913 fr.
592 4865 651 4914 178.

179 4961 305 5003 Pinum
319 4961 353 5002 ed.
367 4961 472 5002 Christ.
1154 4957 1188 5007 25
