3442 5550
216 391 281 456 438
778 395 927 447 ΡΙΝΒΑΒΙ

306 652 354 711 Et
378 653 417 712 Μ.
442 663 485 728 60,
508 663 556 710 37:
584 643 683 729 Ἀλίρα
712 649 762 711 καί
788 565 897 730 Ἐῗλέίβα
920 697 926 710 .
951 698 957 710 .
982 694 1005 729 .,
1033 646 1149 729 Ἇλὲρα
1176 647 1208 710 δὲ
1234 648 1315 730 παρὰ
1338 649 1495 735 Πινδάρῳ,

217 734 294 802 οίον·
315 734 454 821 Ἀλέρας
477 736 560 812 ὄζον
583 732 676 822 (ὠσίν
698 741 800 819 vulgo,
823 760 878 800 em.
902 731 1167 822 Hemsterhusius).

758 885 821 944 295
862 885 924 944 203
943 930 949 941 .

308 990 410 1068 Steph.
426 992 495 1068 Byz.
516 983 674 1062 Ἀπέσας·
695 1039 700 1050 .
718 1039 723 1049 .
739 1039 745 1050 .
764 987 832 1069 ὅρος
845 877 904 1069 [τῆς
923 878 1050 1069 ίίεμίας,
1073 986 1113 1063 ὡς
1136 989 1289 1069 Πίνδαρος
1311 987 1362 1050 καλ
1386 989 1496 1050 Καλλί-

220 1102 310 1159 μαχος
333 1077 367 1140 ἐν
389 1079 487 1165 τρίτη,
510 1076 567 1140 άπὸ
589 1072 767 1158 ’Λφὲσαντος
789 1079 886 1160 ἥρωος
909 1079 1137 1160 βασιλεύσαντος
1160 1087 1212 1158 τῆς
1234 1077 1337 1160 χώρας.

759 1225 820 1284 296
862 1226 924 1284 268
944 1269 950 1281 .

309 1328 417 1391 Suidas
432 1322 490 1412 (=
505 1331 623 1390 Bekker
636 1329 692 1389 An.
708 1342 794 1409 1442,
811 1217 859 1412 1)i
872 1218 996 1410 ἆράβνη·
1015 1332 1155 1408 θηλυκῶς
1170 1327 1201 1389 τδ
1216 1328 1350 1408 ὕφασμα,
1364 1327 1497 1409 ἀράχνης

221 1415 252 1480 δὲ
271 1415 430 1498 ἀρσενικῶς
449 1417 480 1479 τὸ
500 1419 632 1498 ζωύφιον
648 1469 653 1480 .
670 1469 676 1480 .
691 1419 802 1499 εἴρηται
822 1415 853 1480 δὲ
872 1416 1028 1499 ἀράχνης
1046 1417 1096 1479 καὶ
1113 1414 1183 1499 παρ’
1200 1414 1328 1503 Ἡσιόδῳ
1346 1417 1397 1479 καλ
1415 1417 1496 1498 παρὰ

221 1508 362 1594 Πινδάρῳ
385 1505 435 1569 καὶ
458 1506 537 1589 παρὰ
561 1508 673 1592 Καλλίῳ
698 1501 851 1591 (Καλλίοις
873 1509 965 1568 Bekk.
989 1509 1054 1588 Αα,
1077 1507 1253 1592 Καλλιμάχῳ
1276 1508 1350 1568 coni.
1371 1501 1495 1589 Bergk).

760 1654 822 1712 297
848 1645 951 1732 [τεο]

308 1760 393 1820 Eust.
413 1760 451 1819 ad
475 1759 529 1820 od.
550 1770 627 1837 1406,
648 1770 695 1818 14:
718 1756 750 1819 τὸ
773 1757 940 1837 διαβάλλειν
963 1754 995 1818 δὲ
1019 1756 1055 1819 οὐ
1078 1757 1172 1837 μόνον
1196 1755 1417 1836 συκοφαντικὸν
1439 1755 1497 1837 ἔχει

219 1856 310 1926 νοῶν,
332 1847 407 1909 ὅθεν
429 1846 479 1909 καί
500 1844 520 1926 ἡ
545 1847 682 1929 διαβολή,
709 1846 759 1909 καί
782 1844 799 1907 δ
821 1845 900 1928 παρά
923 1846 1066 1932 Πινδάρῳ
1095 1847 1263 1928 διάβολος
1289 1843 1494 1927 ἅνθρωπος.

221 1938 304 1999 Oonf.
328 1939 414 1998 Επεὶ.
438 1938 476 1997 ad
499 1938 533 1997 Il.
559 1948 618 2016 128,
642 1948 685 1997 36.

308 2117 404 2178 Schol.
428 2117 579 2194 Aristoph.
603 2116 658 2177 Av.
683 2128 747 2175 930:
777 2112 844 2195 ἔμλν
875 2116 950 2176 τείν·
979 2114 1108 2195 χλευάζει
1138 2123 1196 2174 τῶν
1227 2114 1497 2194 διθυραμβοποιῶν

219 2205 272 2267 τὸν
295 2213 402 2286 συνεχῆ
426 2203 458 2266 ἐν
480 2210 541 2277 τοῖς
563 2205 708 2278 τοιούτοις
726 2203 883 2285 Δωρισμδυ
906 2203 956 2266 καί
978 2204 1101 2284 μάλιστα
1119 2203 1171 2265 τὸν
1190 2203 1346 2286 Πίνδαρον
1366 2213 1496 2284 συνεχῶς

218 2293 338 2376 λέγοντα
359 2293 392 2356 ἕν
415 2300 478 2369 ταῖς
501 2293 631 2373 αίτήσεσι
653 2293 684 2355 τὸ
708 2292 796 2373 ἐμίν.

762 2441 824 2498 299
849 2431 952 2517 [271]⁸

311 2546 359 2604 Et
384 2544 459 2604 Gud.
484 2557 548 2622 103,
573 2556 606 2603 9:
638 2542 836 2620 ἕξεστηκώς
868 2543 955 2624 διχῶς
987 2540 1097 2624 λέγεται
1127 2543 1207 2623 παρὰ
1241 2543 1416 2629 Θουκυδίδῃ
1447 2543 1496 2604 καὶ

222 2633 366 2719 Πινδάρῳ
390 2629 436 2693 δτὲ
460 2630 512 2712 μὲν
535 2630 567 2693 τὸ
592 2632 750 2711 μαίνεσθαι
772 2630 820 2692 καί
845 2631 976 2712 ἔκφρονα
999 2625 1085 2712 εἶναι,
1108 2630 1154 2694 δτὲ
1178 2630 1210 2694 δὲ
1232 2631 1265 2694 τὸ
1288 2632 1496 2715 ὑπαναχωρεῑυ

220 2722 271 2785 καὶ
292 2720 502 2802 ὑπεξέρχεσθαι
524 2719 545 2802 ἢ
567 2719 757 2800 ἀφίστασθαι.

763 2867 827 2926 300
851 2858 954 2945 [372].

310 2974 357 3032 Et
377 2973 415 3032 M.
435 2984 496 3051 364,
516 2983 562 3032 59:
586 2968 757 3032 ἐπέτειον·
781 2969 830 3032 ἐπὶ
851 2980 904 3032 τοῦ
928 2980 986 3032 νῦν
1009 2970 1101 3044 ἔτους.
1130 2965 1184 3032 ἐπ’
1209 2970 1285 3045 ἔτος
1308 2970 1363 3053 γὰρ
1388 2973 1437 3034 δεῖ
1450 2971 1494 3034 λε’-

220 3069 336 3145 χεσθαι,
349 3060 401 3123 τὸν
418 3059 559 3122 ἐνεστῶτα
577 3059 691 3143 καιρόν,
709 3059 774 3140 οὐχί
793 3059 842 3121 διὰ
861 3069 912 3122 τοῦ
931 3084 966 3139 φ,
985 3058 1057 3121 ἀλλὰ
1075 3059 1125 3121 διὰ
1142 3070 1195 3122 τοῦ
1209 3083 1246 3139 π,
1266 3061 1305 3133 ὣς
1324 3078 1401 3141 φησι
1420 3064 1496 3123 Πίν-

223 3153 312 3234 δαρος
335 3149 384 3212 καλ
407 3148 613 3230 Δημοσθένης.
658 3150 774 3210 Similia
797 3151 944 3228 praecipit
967 3149 1098 3227 cyrillus
1120 3150 1152 3211 in
1176 3150 1244 3212 eod.
1268 3151 1357 3210 Vind.
1381 3173 1412 3212 n.
1436 3165 1494 3213 310.

312 3382 425 3459 [Schol.
440 3384 525 3444 Hom.
541 3382 573 3441 ,Ω
587 3394 653 3442 277:
676 3379 726 3442 καλ
743 3297 896 3462 Πίνδῗίβδς
918 3380 953 3442 τὰ
976 3381 1089 3462 άρματα
1108 3379 1189 3443 ἕντεά
1208 3399 1313 3461 φησιν·
1338 3383 1497 3457 ἱππείοις

222 3471 339 3534 ἔντεσι
362 3471 468 3554 μέτρα
492 3465 668 3554 (μεταΐσσων
690 3474 782 3551 vulgo
806 3493 841 3532 ex
864 3472 926 3532 eod.
951 3464 999 3552 B).
1038 3472 1172 3532 Pertinet
1194 3473 1232 3532 ad
1256 3472 1289 3533 0.
1313 3469 1452 3554 x11120].

313 3701 424 3785 [Schol.
447 3704 549 3764 Ambr.
572 3704 656 3764 Pind.
681 3702 715 3764 0.
739 3723 782 3763 vn
806 3714 852 3763 86:
876 3702 993 3777 ξανθὰν
1017 3701 1048 3764 δὲ
1072 3702 1144 3763 κατὰ
1167 3702 1222 3781 τὴν
1245 3701 1373 3783 ἔμφασιν
1397 3703 1457 3784 ἔφη
1481 3702 1496 3766 δ

224 3794 376 3873 Πίνδαρος
400 3791 528 3872 νεφέλην
550 3791 605 3870 τὴν
627 3791 734 3874 ἔγκυον
758 3782 852 3853 οὖσαν
873 3801 995 3874 χρυσοῦ,
1017 3791 1095 3853 καθὸ
1119 3790 1169 3853 καί
1190 3791 1245 3870 τὴν
1269 3792 1349 3873 ὕδωρ
1370 3792 1497 3873 ἔχουσαν

223 3882 374 3962 ζοφώδη.
398 3877 515 3965 (Ambr.
534 3883 596 3943 cod.
616 3882 732 3959 quibis
756 3882 902 3943 scholium
924 3883 1022 3960 habet,
1046 3883 1146 3942 altero'
1165 3883 1242 3943 loeo:
1266 3883 1402 3962 καθάπερ
1427 3883 1498 3945 ὅταν

224 3973 304 4053 ὕδωρ
328 3966 392 4058 (ἔχη
416 3973 482 4032 add.
503 3971 676 4046 schroeder)
696 3968 711 4031 ὁ
730 3968 798 4050 ἀήρ,
821 3971 957 4051 ζοφώδης
978 3965 1084 4055 ἐστίν),
1108 3992 1167 4032 non
1186 3971 1308 4031 Pindari
1331 3973 1427 4049 ipsius
1451 3975 1497 4046 ζ-

224 4062 329 4142 φώδης
353 4081 416 4123 esse
439 4059 581 4138 videtur}

313 4240 409 4301 Crem.
428 4240 484 4299 An.
506 4239 558 4300 Ox.
579 4252 644 4317 329,
664 4251 711 4300 17:
739 4236 861 4300 Εὔναν
885 4235 972 4321 (εὔαν
995 4240 1071 4318 ασελ,
1095 4260 1168 4301 corr.
1192 4231 1338 4321 Dindorf)
1363 4239 1503 4317 θηλυκὸν

223 4329 302 4410 παρά
326 4329 477 4413 Πινδάρῳ.
515 4329 597 4389 Conf.
617 4330 708 4389 Bekk.
724 4329 780 4389 An.
795 4351 838 4409 gr.
855 4341 922 4389 1376
946 4329 1003 4401 Εἰς
1026 4333 1065 4389 ἀν
1087 4327 1223 4407 θηλυκὸν
1248 4326 1303 4389 οὐκ
1326 4326 1443 4409 ἔχομεν·
1468 4329 1500 4391 τὸ

224 4417 326 4496 εὐνῶν,
349 4417 485 4496 εὐνᾶνος,
504 4414 520 4479 δ
538 4418 752 4499 παρατίθενταί
772 4441 849 4491 τινες
867 4416 907 4490 ὡς
929 4416 1076 4497 θηλυκόν,
1099 4418 1267 4497 νομίζοντες
1290 4415 1346 4495 τὴν
1369 4425 1502 4499 γυναῖκα

225 4508 390 4587 σημαίνειν,
409 4507 541 4569 δείκνυσι
555 4508 731 4589 Λούπερκος
748 4505 780 4568 ἐν
799 4513 839 4592 τῷ
857 4506 923 4589 περὶ
941 4517 1034 4588 γενῶν
1053 4506 1097 4568 ὅτι
1115 4504 1270 4586 ἀρσενικοῦ
1289 4503 1395 4587 γένους
1410 4507 1498 4570 ἐστίν,

767 4653 830 4712 304
856 4645 957 4730 [ατο]

314 4759 362 4819 Et.
386 4761 424 4818 M.
448 4771 510 4837 404,
534 4770 580 4817 21:
602 4755 721 4837 ε’χέτης
744 4755 760 4818 δ
783 4758 941 4836 πλούσιος,
964 4754 1003 4829 ὡς
1026 4756 1188 4837 Πίνδαρος.
1233 4758 1281 4817 An
1305 4758 1439 4834 pertinet
1462 4760 1499 4820 ad

227 4867 253 4906 v.
277 4848 295 4905 l.
320 4845 417 4929 ἔχέτης
440 4869 493 4925 pro
517 4844 619 4926 ἕπε’της
644 4848 675 4907 Ρ.
699 4868 719 4909 v
741 4847 778 4908 4?
