3442 5550
700 461 859 513 OLYMPIA
878 463 898 514 1.

321 624 443 704 άνδρες
465 621 550 707 ἀμφὶ
573 624 667 706 θαμά
689 623 859 708 τράπεζαν.
1315 642 1349 690 25

365 730 448 796 άλλδι
471 735 609 817 Δωρίαν
632 727 696 794 ἀπὸ
720 732 905 815 φόρ-μιγγα
927 730 1099 796 πασσάλου

320 835 475 921 λάμβαν’,
499 843 532 901 εί
550 841 585 901 τί
604 861 656 902 τοι
680 842 789 914 Πίσας
811 861 846 902 τε
868 835 922 902 καὶ
950 842 1083 922 Φερενί-
1102 862 1165 903 κου
1189 836 1283 923 χάρις

320 948 402 1010 νόον
424 943 488 1009 ὑπὸ
512 945 731 1026 γλυκυτάταις
754 947 854 1028 ἔθηκε
877 947 1069 1030 φροντίσιν,
1315 963 1348 1010 30

241 1069 275 1118 ao
321 1052 375 1115 ὅτε
397 1049 472 1137 παρ’
494 1049 623 1138 Ἀλφεῷ
646 1053 727 1116 σύτο
751 1050 851 1136 δέμας

320 1156 498 1241 ἀκέντητον
522 1157 558 1223 ἐν
581 1160 735 1243 δρόμοισι
758 1156 925 1245 παρέχων,

320 1266 431 1352 κράτει
454 1260 491 1329 δὲ
514 1262 687 1351 προσέμιξε
710 1266 888 1347 δεσπόταν,

321 1569 535 1653 Συρακόσιον
558 1566 715 1652 ίκτιοχάρ-

364 1697 430 1757 μαν
452 1676 602 1757 βασιλῆα.
649 1673 779 1756 λάμπει
802 1672 842 1737 δέ
861 1680 916 1737 λοι
939 1673 1033 1750 κλεός

319 1781 355 1845 ἐν
378 1780 512 1866 εὐάνορι
538 1784 604 1844 Λυ-

364 1889 427 1952 δοῦ
450 1885 602 1961 Πέλοπος
625 1885 775 1973 ἀποικίᾳ·

239 2014 273 2061 ao
319 2003 379 2060 τοῦ
402 1995 609 2078 μεγασθενὴς
632 1992 792 2080 ἐράσσατο
816 2017 887 2075 γαι-
906 1994 1005 2079 άοχος

320 2103 504 2183 Ποσειδᾶν,
528 2099 599 2165 ἐκεί

363 2233 418 2273 νιν
442 2215 595 2293 καθαροῦ
619 2206 755 2291 λέβητος
778 2205 864 2285 ἔξελε
887 2209 1019 2273 Κλωθὼ
1312 2227 1346 2273 ιο

318 2315 472 2399 ἐλέφαντι
496 2316 658 2398 φαίδιμον
682 2310 788 2398 ὦ-μον
811 2313 1020 2398 κεκαδμένον.

317 2417 337 2505 ἦ
362 2424 518 2506 θαυματὰ
541 2423 647 2485 πολλά
670 2419 824 2486 καὶ-κού
846 2445 878 2486 τι
901 2421 956 2487 καὶ
980 2425 1110 2506 βροτῶν

317 2529 415 2614 φάτις
436 2525 520 2613 ὑπὲρ
543 2530 602 2593 τὸν
626 2528 751 2612 άλα-θῆ
775 2530 888 2610 λόγον·
1310 2544 1344 2592 45

164 2713 271 2722 --.q-n.
278 2714 300 2719 ...
313 2714 332 2719 ...-
345 2714 369 2719 .-

231 2820 272 2867 19.
293 2810 359 2867 νόον
377 2810 433 2865 ὕπο
453 2812 479 2864 Α
508 2844 541 2851 -
570 2818 612 2866 23.
632 2809 800 2879 σορακόσιον
824 2813 851 2865 Y
868 2814 898 2866 et
915 2830 941 2867 v.
960 2811 978 2866 l.
998 2811 1098 2866 schol:
1127 2813 1320 2878 τνρακοοσίων
1340 2812 1434 2879 ABG,

158 2881 332 2955 ονρακοσίων
350 2884 379 2938 D
402 2886 431 2936 et
453 2900 478 2935 v.
498 2883 516 2936 l.
537 2882 622 2936 schol.
648 2914 679 2922 --
708 2883 802 2954 λτιττοχ.
822 2882 924 2937 lemma
943 2885 983 2937 B:
1007 2882 1113 2952 ἱππιοχ.
1134 2882 1257 2937 ΑΒΟΙ)
1280 2914 1313 2922 -
1337 2889 1379 2937 24.
1405 2883 1435 2937 ἐν

157 2957 226 3022 ΑΒ,
241 2972 293 3009 om.
311 2955 374 3022 OD,
388 2952 457 3022 παρ’
475 2954 544 3024 Βςικ.
566 2986 596 2994 -
618 2952 753 3023 εὐάνορος
768 2955 884 3008 DA⁸0³
904 2987 935 2993 -
957 2952 1067 3028 ἐποικίᾳ
1087 2971 1112 3008 v.
1127 2953 1145 3007 l.
1161 2953 1246 3007 schol.
1268 2986 1302 2993 —
1322 2959 1363 3008 ⁶26.
1383 2974 1434 3008 τιο-

158 3030 256 3082 σειδᾶν
275 3026 349 3081 AD:
369 3026 508 3078 ποσειδῶν
526 3025 632 3079 130-
653 3022 727 3090 ἔξελε
746 3024 866 3080 Moech:
886 3024 970 3091 ἐξεῖλε
989 3025 1112 3079 ABOD
1134 3056 1167 3064 -
1193 3029 1234 3078 28.
1261 3045 1287 3078 τι
1306 3023 1366 3079 nai:
1386 3026 1435 3079 καλ

160 3097 273 3165 (omisso
292 3101 329 3166 τι)
347 3097 375 3151 Β
395 3128 427 3135 -
447 3101 488 3150 29.
509 3095 592 3164 φάτις
606 3096 667 3150 ΑΒ
675 3096 741 3150 OD:
761 3095 867 3165 φρένας
881 3097 960 3168 Bya,
980 3095 1066 3165 φάτιν
1080 3094 1216 3161 Boeekh.;
1231 3094 1290 3165 ipse
1306 3096 1434 3168 Mezgero

159 3170 229 3224 duce
247 3171 312 3238 post
329 3165 412 3237 λόγον
430 3166 591 3237 inter-punxi
612 3199 641 3207 -
663 3169 757 3236 ἀληθῆ
777 3168 902 3222 ABOD
921 3198 955 3208 -

229 3351 271 3400 17.
290 3345 360 3400 ἀλλὰ
375 3388 381 3401 .
394 3388 416 3399 ..
432 3343 569 3417 λάμβανε·
590 3347 678 3399 semet
696 3344 788 3416 ipsum
807 3345 851 3400 vel
872 3345 996 3400 animum
1016 3364 1096 3399 snum
1115 3349 1150 3416 (v.
1165 3350 1188 3414 ι)
1208 3345 1384 3414 cohortatur,
1403 3348 1435 3398 ut

161 3418 252 3487 lyram
270 3418 305 3471 de
324 3417 404 3471 clavo
424 3419 524 3484 sumat,
539 3415 667 3470 imitatus
682 3416 775 3471 locum
790 3417 931 3486 Odysseae
947 3437 995 3471 vm
1009 3435 1042 3472 οι.
1075 3416 1232 3471 Boeckhius
1247 3420 1276 3470 et
1289 3416 1434 3470 Disssnins

162 3491 341 3612 alpgutanturJ
365 3505 429 3571 oum
452 3487 560 3612 exmlpoc
578 3487 640 3542 loco
660 3488 933 3613 concluldantdantea
956 3488 1048 3571 tibiis,
1067 3488 1173 3613 exhhinc·
1187 3486 1265 3542 tibiis
1280 3491 1313 3569 ‚et
1326 3487 1434 3611 I{lilibus

158 3563 376 3685 {satsat
389 3562 1048 3711 aestimasse,“tiricastel
1062 3576 1337 3698 altaalta
1352 3576 1435 3704 tall

156 3702 186 3756 P.
206 3721 256 3757 vm
278 3719 316 3768 νος
346 3703 380 3756 de
408 3702 593 3757 reconditiora
617 3702 740 3770 quadam
763 3701 996 3772 interpretatione
1020 3701 1141 3756 nominis
1168 3701 1262 3756 confer
1285 3701 1322 3754 ad
1347 3719 1370 3756 v.
1396 3718 1433 3756 ιοε

158 3804 191 3814 -
215 3779 257 3829 18.
281 3773 310 3829 εί
324 3794 350 3828 τι
374 3813 425 3829 ...
450 3771 529 3827 νόον·
549 3794 576 3828 τι
594 3773 722 3828 adverbii
743 3772 802 3828 vice
821 3773 949 3843 fungitur
972 3777 1004 3827 ut
1026 3793 1051 3829 v.
1067 3790 1099 3828 aa
1116 3790 1148 3828 τι.
1187 3772 1221 3826 N.
1240 3792 1268 3824 vr
1288 3789 1307 3827 5.
1346 3772 1432 3827 Thuc.

157 3864 177 3898 11
196 3861 234 3913 εις
257 3849 380 3901 mentem
403 3847 497 3898 autem
521 3861 601 3898 suam
624 3844 705 3914 quasi
728 3845 875 3900 fecundari
898 3848 927 3899 et
950 3844 1059 3915 impleri
1084 3844 1154 3899 dicit
1177 3842 1347 3897 dulcissimis
1372 3860 1433 3898 sen-

157 3916 254 3971 tentiis
269 3949 302 3958 -
318 3914 482 3985 Φερενίκον’
502 3932 602 3970 nomen
617 3932 689 3985 equo
704 3915 833 3971 Hieronis
849 3933 866 3971 a
880 3917 996 3972 ferenda
1010 3915 1137 3983 victoria,
1156 3918 1189 3968 ut
1203 3914 1357 3970 Homericis
1377 3916 1433 3969 oc-

157 3987 287 4057 λοφόροις
309 3986 405 4052 ἵπποις
427 3990 461 4057 (Λ
485 3990 547 4057 oea),
575 3986 696 4042 inditum
720 3990 775 4055 est3
803 3988 879 4042 idem
901 4005 1003 4043 nomen
1026 3987 1146 4041 occurrit
1173 3987 1203 4041 P.
1228 4005 1258 4038 m
1282 4003 1308 4041 τι
1332 3991 1360 4040 et
1388 4003 1432 4057 ap.

157 4059 287 4128 Bacchyl.
313 4059 347 4112 fr.
371 4077 383 4114 o
414 4092 447 4100 -
481 4065 522 4113 23.
553 4056 744 4128 Συρακόσιον·
773 4059 896 4129 genuina
923 4062 952 4113 et
980 4057 1122 4129 lapidibus
1151 4057 1315 4111 confirmata
1344 4057 1434 4112 forma

158 4130 287 4198 nominis,
324 4147 355 4184 ro
375 4148 431 4199 qua
449 4147 467 4184 a
482 4129 584 4184 Ionicis
603 4133 633 4184 et
651 4130 752 4185 Atticis
772 4130 955 4201 scriptoribus
970 4130 1162 4198 Συρακούσιος
1176 4128 1431 4184 circumferebatur.

158 4233 191 4242 -
209 4208 251 4256 24.
270 4148 398 4265 lliiouoe
415 4200 545 4275 ἀποικίᾳ·
565 4200 721 4271 Olympiae,
741 4219 826 4270 quam
840 4201 870 4255 in
885 4202 983 4256 urbem
996 4202 1096 4272 Pelops
1110 4217 1166 4254 non
1181 4200 1273 4254 solum
1287 4203 1432 4268 tamquam

157 4272 254 4328 accola
272 4269 421 4342 (ἐποικίαν)
440 4273 525 4341 venit,
545 4272 594 4328 sed
609 4272 688 4327 cuius
703 4272 785 4342 quasi
801 4272 874 4328 alter
888 4272 1015 4328 conditor
1029 4271 1147 4327 exstitit.
1168 4304 1199 4311 —
1221 4276 1254 4325 25
1270 4289 1305 4325 ss.
1328 4270 1432 4325 sensim

156 4347 241 4415 poeta
266 4361 284 4399 a
306 4343 419 4399 nomine
446 4343 513 4399 Pelo
534 4344 558 4398 is
586 4344 727 4415 profectus
755 4344 792 4398 ad
819 4344 910 4416 princi
931 4343 1005 4399 alem
1031 4346 1141 4414 partem
1169 4342 1301 4397 oanninis
1329 4341 1434 4397 transit

155 4418 265 4484 (ιε-οι),
285 4433 342 4485 qna
359 4415 487 4470 fabulam
525 4432 540 4470 e
559 4415 671 4487 Pelope,
690 4415 804 4470 Tantali
821 4416 889 4485 filio,
909 4364 1089 4483 gemmeum,
1111 4431 1206 4484 regem
1227 4412 1330 4482 Elidis,
1350 4431 1432 4468 curru

155 4485 285 4541 vincente
305 4488 334 4541 et
351 4486 434 4541 ludos
453 4486 613 4557 Olympicos
635 4487 717 4556 quasi
742 4487 930 4558 inaugurante
949 4490 1097 4542 narrat-
1118 4492 1160 4540 26.
1181 4485 1241 4540 ἐπεὶ
1262 4531 1266 4540 .
1284 4530 1289 4540 .
1306 4529 1311 4540 .
1331 4487 1431 4539 κεκαδ-

154 4555 252 4626 μένον·
277 4557 409 4628 Pelopem
427 4558 485 4613 iam
503 4560 664 4614 nascentem
684 4558 767 4613 ebore
786 4559 921 4613 candidos
940 4559 1069 4613 humeros
1088 4560 1219 4612 omatum
1237 4555 1254 4610 i.
1271 4573 1293 4610 e.
1308 4555 1431 4609 humeris

155 4628 270 4682 eburnei
285 4627 387 4683 coloris
401 4629 541 4702 insignem
555 4629 642 4683 fuisse
657 4629 739 4697 dicit·
750 4633 782 4683 ut
796 4630 893 4683 statim
906 4630 942 4684 ab
954 4629 1035 4685 initio
1050 4629 1152 4684 falsam
1168 4629 1272 4681 famam
1287 4626 1431 4680 hominum

155 4702 278 4770 respuat.
309 4700 358 4754 Isti
376 4699 459 4768 enim,
478 4718 548 4770 quos
567 4701 775 4770 Bacchylidem,
794 4701 936 4754 aemulum
955 4702 1078 4769 Pindari,
1098 4704 1224 4755 secutum
1243 4714 1304 4752 esse
1323 4698 1431 4752 scholia

155 4769 284 4840 tradunt,
311 4770 480 4827 Mercurium
497 4773 543 4827 vel
560 4773 681 4840 Rheam‚
705 4790 768 4826 cum
788 4772 968 4828 restituerent
986 4773 1118 4844 Pelopem
1138 4787 1255 4841 puerum
1273 4771 1384 4823 coetum
1404 4772 1432 4824 et

155 4841 322 4906 dissectum,
345 4843 491 4897 humerum
510 4861 527 4897 a
546 4845 643 4898 Cerere
666 4844 724 4898 iam
743 4844 908 4898 devoratum
927 4845 1010 4899 ebore
1034 4843 1208 4915 supplevisse
1227 4839 1434 4896 fabulabantur

155 4946 188 4953 —‹
209 4920 251 4970 26.
271 4918 416 4983 καθαροῦ·
435 4914 534 4983 nitido,
553 4932 610 4969 non
628 4915 741 4969 sceleris
755 4933 825 4985 puro
844 4948 878 4956 -
