<?xml version="1.0" encoding="UTF-8"?>
<!DOCTYPE html PUBLIC "-//W3C//DTD XHTML 1.0 Transitional//EN"
    "http://www.w3.org/TR/xhtml1/DTD/xhtml1-transitional.dtd">
<html xmlns="http://www.w3.org/1999/xhtml" xml:lang="en" lang="en">
 <head>
  <title>
</title>
<meta http-equiv="Content-Type" content="text/html;charset=utf-8" />
  <meta name='ocr-system' content='tesseract 3.04.00' />
  <meta name='ocr-capabilities' content='ocr_page ocr_carea ocr_par ocr_line ocrx_word'/>
</head>
<body>
  <div class='ocr_page' id='page_1' title='image "./pindaricarminap00chrigoog_0374.png"; bbox 0 0 3442 5550; ppageno 0'>
   <div class='ocr_carea' id='block_1_1' title="bbox 756 420 1490 484">
    <p class='ocr_par' dir='ltr' id='par_1_1' title="bbox 756 420 1490 484">
     <span class='ocr_line' id='line_1_1' title="bbox 756 420 1490 484; baseline 0.016 -12"><span class='ocrx_word' id='word_1_1' title='bbox 756 423 888 473; x_wconf 74' lang='lat' dir='ltr'>runnu</span> <span class='ocrx_word' id='word_1_2' title='bbox 906 424 952 475; x_wconf 80' lang='grc' dir='ltr'><strong><em>ιιι.</em></strong></span> <span class='ocrx_word' id='word_1_3' title='bbox 1424 420 1490 484; x_wconf 76' lang='lat'>225</span> 
     </span>
    </p>
   </div>
   <div class='ocr_carea' id='block_1_2' title="bbox 759 583 947 649">
    <p class='ocr_par' dir='ltr' id='par_1_2' title="bbox 759 583 947 649">
     <span class='ocr_line' id='line_1_2' title="bbox 759 583 947 649; baseline 0 -1"><span class='ocrx_word' id='word_1_4' title='bbox 759 583 803 648; x_wconf 89' lang='lat' dir='ltr'>De</span> <span class='ocrx_word' id='word_1_5' title='bbox 826 584 947 649; x_wconf 88' lang='lat' dir='ltr'>metris.</span> 
     </span>
    </p>
   </div>
   <div class='ocr_carea' id='block_1_3' title="bbox 216 696 1491 1561">
    <p class='ocr_par' dir='ltr' id='par_1_3' title="bbox 216 696 1491 1561">
     <span class='ocr_line' id='line_1_3' title="bbox 307 696 1490 775; baseline 0.002 -20"><span class='ocrx_word' id='word_1_6' title='bbox 307 696 454 755; x_wconf 82' lang='lat' dir='ltr'><strong>Carminis</strong></span> <span class='ocrx_word' id='word_1_7' title='bbox 483 696 573 755; x_wconf 88' lang='lat' dir='ltr'>huius</span> <span class='ocrx_word' id='word_1_8' title='bbox 601 697 717 755; x_wconf 89' lang='lat' dir='ltr'>numeri</span> <span class='ocrx_word' id='word_1_9' title='bbox 740 697 871 756; x_wconf 89' lang='lat' dir='ltr'>medium</span> <span class='ocrx_word' id='word_1_10' title='bbox 895 698 994 757; x_wconf 91' lang='lat' dir='ltr'>locum</span> <span class='ocrx_word' id='word_1_11' title='bbox 1017 697 1096 756; x_wconf 91' lang='lat' dir='ltr'>inter</span> <span class='ocrx_word' id='word_1_12' title='bbox 1118 716 1267 774; x_wconf 82' lang='lat' dir='ltr'>paeonum</span> <span class='ocrx_word' id='word_1_13' title='bbox 1290 698 1437 775; x_wconf 87' lang='lat' dir='ltr'>impetum</span> <span class='ocrx_word' id='word_1_14' title='bbox 1459 700 1490 758; x_wconf 90' lang='lat' dir='ltr'>et</span> 
     </span>
     <span class='ocr_line' id='line_1_4' title="bbox 217 785 1491 864; baseline 0.002 -21"><span class='ocrx_word' id='word_1_15' title='bbox 217 786 459 863; x_wconf 87' lang='lat' dir='ltr'>logaoedicorum</span> <span class='ocrx_word' id='word_1_16' title='bbox 482 804 624 845; x_wconf 88' lang='lat' dir='ltr'>versuum</span> <span class='ocrx_word' id='word_1_17' title='bbox 647 785 802 845; x_wconf 88' lang='lat' dir='ltr'>lenitatem</span> <span class='ocrx_word' id='word_1_18' title='bbox 825 790 936 845; x_wconf 86' lang='lat' dir='ltr'>tenent.</span> <span class='ocrx_word' id='word_1_19' title='bbox 972 786 1066 845; x_wconf 87' lang='lat' dir='ltr'>Primi</span> <span class='ocrx_word' id='word_1_20' title='bbox 1085 805 1188 847; x_wconf 79' lang='lat' dir='ltr'>versus</span> <span class='ocrx_word' id='word_1_21' title='bbox 1211 788 1351 864; x_wconf 79' lang='lat' dir='ltr'><strong>strophae</strong></span> <span class='ocrx_word' id='word_1_22' title='bbox 1374 788 1491 864; x_wconf 79' lang='lat' dir='ltr'>syllaba</span> 
     </span>
     <span class='ocr_line' id='line_1_5' title="bbox 217 874 1490 953; baseline 0.002 -20"><span class='ocrx_word' id='word_1_23' title='bbox 217 875 344 934; x_wconf 86' lang='lat' dir='ltr'>initialis</span> <span class='ocrx_word' id='word_1_24' title='bbox 370 879 474 934; x_wconf 90' lang='lat' dir='ltr'>utrum</span> <span class='ocrx_word' id='word_1_25' title='bbox 501 874 655 933; x_wconf 88' lang='lat' dir='ltr'>anacrusis</span> <span class='ocrx_word' id='word_1_26' title='bbox 683 878 766 934; x_wconf 87' lang='lat' dir='ltr'>extra</span> <span class='ocrx_word' id='word_1_27' title='bbox 795 876 927 935; x_wconf 87' lang='lat' dir='ltr'>ordinem</span> <span class='ocrx_word' id='word_1_28' title='bbox 954 876 1156 951; x_wconf 85' lang='lat' dir='ltr'>rhythmicum</span> <span class='ocrx_word' id='word_1_29' title='bbox 1178 877 1294 953; x_wconf 78' lang='lat' dir='ltr'>positae</span> <span class='ocrx_word' id='word_1_30' title='bbox 1318 879 1417 937; x_wconf 92' lang='lat' dir='ltr'>locum</span> <span class='ocrx_word' id='word_1_31' title='bbox 1441 877 1490 937; x_wconf 94' lang='lat' dir='ltr'>ob-</span> 
     </span>
     <span class='ocr_line' id='line_1_6' title="bbox 217 964 1490 1044; baseline 0.001 -21"><span class='ocrx_word' id='word_1_32' title='bbox 217 965 314 1023; x_wconf 89' lang='lat' dir='ltr'>tineat</span> <span class='ocrx_word' id='word_1_33' title='bbox 337 984 376 1023; x_wconf 90' lang='lat' dir='ltr'>an</span> <span class='ocrx_word' id='word_1_34' title='bbox 398 968 515 1040; x_wconf 89' lang='lat' dir='ltr'>partem</span> <span class='ocrx_word' id='word_1_35' title='bbox 538 964 651 1040; x_wconf 86' lang='lat' dir='ltr'>primae</span> <span class='ocrx_word' id='word_1_36' title='bbox 675 964 813 1041; x_wconf 90' lang='lat' dir='ltr'>dipodiae</span> <span class='ocrx_word' id='word_1_37' title='bbox 837 965 948 1023; x_wconf 90' lang='lat' dir='ltr'>efficiat</span> <span class='ocrx_word' id='word_1_38' title='bbox 976 965 1107 1023; x_wconf 89' lang='lat' dir='ltr'>dubitari</span> <span class='ocrx_word' id='word_1_39' title='bbox 1130 969 1237 1041; x_wconf 90' lang='lat' dir='ltr'>potest.</span> <span class='ocrx_word' id='word_1_40' title='bbox 1284 966 1431 1044; x_wconf 84' lang='lat' dir='ltr'>Equidem</span> <span class='ocrx_word' id='word_1_41' title='bbox 1454 987 1490 1025; x_wconf 90' lang='lat' dir='ltr'>ne</span> 
     </span>
     <span class='ocr_line' id='line_1_7' title="bbox 217 1053 1490 1131; baseline 0.001 -19"><span class='ocrx_word' id='word_1_42' title='bbox 217 1054 347 1130; x_wconf 88' lang='lat' dir='ltr'>tripudia</span> <span class='ocrx_word' id='word_1_43' title='bbox 375 1053 503 1130; x_wconf 90' lang='lat' dir='ltr'>dipodiis</span> <span class='ocrx_word' id='word_1_44' title='bbox 531 1053 759 1131; x_wconf 76' lang='lat' dir='ltr'>immisceretur,</span> <span class='ocrx_word' id='word_1_45' title='bbox 787 1054 916 1130; x_wconf 90' lang='lat' dir='ltr'>priorem</span> <span class='ocrx_word' id='word_1_46' title='bbox 946 1055 1126 1113; x_wconf 88' lang='lat' dir='ltr'>sententiam</span> <span class='ocrx_word' id='word_1_47' title='bbox 1156 1056 1381 1131; x_wconf 86' lang='lat' dir='ltr'>praeferendam</span> <span class='ocrx_word' id='word_1_48' title='bbox 1411 1054 1490 1115; x_wconf 86' lang='lat' dir='ltr'>duxi.</span> 
     </span>
     <span class='ocr_line' id='line_1_8' title="bbox 217 1142 1490 1223; baseline 0.002 -22"><span class='ocrx_word' id='word_1_49' title='bbox 217 1144 293 1203; x_wconf 81' lang='lat' dir='ltr'>&#39;l&#39;oto</span> <span class='ocrx_word' id='word_1_50' title='bbox 324 1143 403 1202; x_wconf 90' lang='lat' dir='ltr'>enim</span> <span class='ocrx_word' id='word_1_51' title='bbox 433 1142 464 1200; x_wconf 89' lang='lat' dir='ltr'>iu</span> <span class='ocrx_word' id='word_1_52' title='bbox 494 1142 623 1202; x_wconf 86' lang='lat' dir='ltr'>carmine</span> <span class='ocrx_word' id='word_1_53' title='bbox 647 1162 750 1202; x_wconf 85' lang='lat' dir='ltr'>versus</span> <span class='ocrx_word' id='word_1_54' title='bbox 780 1143 819 1202; x_wconf 87' lang='lat' dir='ltr'>ad</span> <span class='ocrx_word' id='word_1_55' title='bbox 849 1143 1017 1220; x_wconf 86' lang='lat' dir='ltr'>dipodicam</span> <span class='ocrx_word' id='word_1_56' title='bbox 1047 1144 1246 1223; x_wconf 85' lang='lat' dir='ltr'>scansionem,</span> <span class='ocrx_word' id='word_1_57' title='bbox 1276 1148 1383 1222; x_wconf 79' lang='lat' dir='ltr'>utpote</span> <span class='ocrx_word' id='word_1_58' title='bbox 1413 1164 1490 1222; x_wconf 91' lang='lat' dir='ltr'>quae</span> 
     </span>
     <span class='ocr_line' id='line_1_9' title="bbox 216 1232 1491 1311; baseline 0.001 -19"><span class='ocrx_word' id='word_1_59' title='bbox 216 1252 344 1309; x_wconf 87' lang='lat' dir='ltr'>pompae</span> <span class='ocrx_word' id='word_1_60' title='bbox 367 1232 454 1291; x_wconf 91' lang='lat' dir='ltr'>unice</span> <span class='ocrx_word' id='word_1_61' title='bbox 478 1235 550 1307; x_wconf 88' lang='lat' dir='ltr'>apta</span> <span class='ocrx_word' id='word_1_62' title='bbox 574 1236 659 1310; x_wconf 86' lang='lat' dir='ltr'>esset,</span> <span class='ocrx_word' id='word_1_63' title='bbox 683 1233 816 1311; x_wconf 82' lang='lat' dir='ltr'>redigere</span> <span class='ocrx_word' id='word_1_64' title='bbox 840 1235 965 1292; x_wconf 89' lang='lat' dir='ltr'>conatus</span> <span class='ocrx_word' id='word_1_65' title='bbox 983 1253 1055 1294; x_wconf 90' lang='lat' dir='ltr'>sum</span> <span class='ocrx_word' id='word_1_66' title='bbox 1094 1233 1284 1311; x_wconf 80' lang='lat' dir='ltr'>Quamquam</span> <span class='ocrx_word' id='word_1_67' title='bbox 1307 1235 1414 1294; x_wconf 84' lang='lat' dir='ltr'>similis</span> <span class='ocrx_word' id='word_1_68' title='bbox 1437 1235 1491 1293; x_wconf 90' lang='lat' dir='ltr'>du-</span> 
     </span>
     <span class='ocr_line' id='line_1_10' title="bbox 216 1321 1491 1401; baseline 0.002 -21"><span class='ocrx_word' id='word_1_69' title='bbox 216 1322 325 1381; x_wconf 88' lang='lat' dir='ltr'>bitatio</span> <span class='ocrx_word' id='word_1_70' title='bbox 353 1321 444 1380; x_wconf 87' lang='lat' dir='ltr'>etiam</span> <span class='ocrx_word' id='word_1_71' title='bbox 472 1321 503 1379; x_wconf 93' lang='lat' dir='ltr'>in</span> <span class='ocrx_word' id='word_1_72' title='bbox 531 1321 599 1380; x_wconf 88' lang='lat' dir='ltr'>aliis</span> <span class='ocrx_word' id='word_1_73' title='bbox 627 1322 774 1400; x_wconf 86' lang='lat' dir='ltr'>versibus,</span> <span class='ocrx_word' id='word_1_74' title='bbox 801 1323 977 1399; x_wconf 87' lang='lat' dir='ltr'>praesertim</span> <span class='ocrx_word' id='word_1_75' title='bbox 1000 1323 1032 1380; x_wconf 93' lang='lat' dir='ltr'>in</span> <span class='ocrx_word' id='word_1_76' title='bbox 1055 1323 1163 1384; x_wconf 90' lang='lat' dir='ltr'>ultimo</span> <span class='ocrx_word' id='word_1_77' title='bbox 1187 1324 1326 1401; x_wconf 88' lang='lat' dir='ltr'>strophae</span> <span class='ocrx_word' id='word_1_78' title='bbox 1350 1327 1381 1383; x_wconf 90' lang='lat' dir='ltr'>et</span> <span class='ocrx_word' id='word_1_79' title='bbox 1404 1324 1491 1401; x_wconf 89' lang='lat' dir='ltr'>epodi</span> 
     </span>
     <span class='ocr_line' id='line_1_11' title="bbox 217 1411 1491 1488; baseline 0.001 -18"><span class='ocrx_word' id='word_1_80' title='bbox 217 1411 352 1488; x_wconf 82' lang='lat' dir='ltr'>recurrit,</span> <span class='ocrx_word' id='word_1_81' title='bbox 376 1414 408 1470; x_wconf 90' lang='lat' dir='ltr'>et</span> <span class='ocrx_word' id='word_1_82' title='bbox 430 1414 573 1487; x_wconf 89' lang='lat' dir='ltr'>quartum</span> <span class='ocrx_word' id='word_1_83' title='bbox 596 1431 716 1470; x_wconf 85' lang='lat' dir='ltr'>versum</span> <span class='ocrx_word' id='word_1_84' title='bbox 740 1413 879 1488; x_wconf 88' lang='lat' dir='ltr'>strophae</span> <span class='ocrx_word' id='word_1_85' title='bbox 903 1415 992 1471; x_wconf 89' lang='lat' dir='ltr'>erunt</span> <span class='ocrx_word' id='word_1_86' title='bbox 1015 1413 1068 1488; x_wconf 91' lang='lat' dir='ltr'>qui</span> <span class='ocrx_word' id='word_1_87' title='bbox 1091 1432 1151 1473; x_wconf 91' lang='lat' dir='ltr'>uno</span> <span class='ocrx_word' id='word_1_88' title='bbox 1175 1433 1211 1473; x_wconf 87' lang='lat' dir='ltr'>ex</span> <span class='ocrx_word' id='word_1_89' title='bbox 1233 1413 1280 1472; x_wconf 92' lang='lat' dir='ltr'>his</span> <span class='ocrx_word' id='word_1_90' title='bbox 1298 1413 1394 1474; x_wconf 87' lang='lat' dir='ltr'>modis</span> <span class='ocrx_word' id='word_1_91' title='bbox 1417 1413 1491 1471; x_wconf 85' lang='lat' dir='ltr'>diri·</span> 
     </span>
     <span class='ocr_line' id='line_1_12' title="bbox 217 1500 418 1561; baseline -0.005 -2"><span class='ocrx_word' id='word_1_92' title='bbox 217 1501 286 1561; x_wconf 92' lang='lat' dir='ltr'>dere</span> <span class='ocrx_word' id='word_1_93' title='bbox 309 1500 418 1559; x_wconf 86' lang='lat' dir='ltr'>malint</span> 
     </span>
    </p>
   </div>
   <div class='ocr_carea' id='block_1_4' title="bbox 595 1585 1113 1637">
    <p class='ocr_par' dir='ltr' id='par_1_4' title="bbox 595 1585 1113 1637">
     <span class='ocr_line' id='line_1_13' title="bbox 595 1585 1113 1637; baseline 0.004 -3"><span class='ocrx_word' id='word_1_94' title='bbox 595 1585 1113 1637; x_wconf 65' lang='grc' dir='ltr'>Ξῦ-υυ1.’.ί...ιυυυυ.υυ;</span> 
     </span>
    </p>
   </div>
   <div class='ocr_carea' id='block_1_5' title="bbox 595 1675 1113 1731">
    <p class='ocr_par' dir='ltr' id='par_1_5' title="bbox 595 1675 1113 1731">
     <span class='ocr_line' id='line_1_14' title="bbox 595 1675 1113 1731; baseline 0 -6"><span class='ocrx_word' id='word_1_95' title='bbox 595 1675 1113 1731; x_wconf 49' lang='grc' dir='ltr'>-υωυζ-ῦῴυωυι</span> 
     </span>
    </p>
   </div>
   <div class='ocr_carea' id='block_1_6' title="bbox 216 1804 1493 2491">
    <p class='ocr_par' dir='ltr' id='par_1_6' title="bbox 216 1804 1493 2491">
     <span class='ocr_line' id='line_1_15' title="bbox 217 1804 1492 1884; baseline 0.003 -20"><span class='ocrx_word' id='word_1_96' title='bbox 217 1808 247 1864; x_wconf 93' lang='lat' dir='ltr'>et</span> <span class='ocrx_word' id='word_1_97' title='bbox 277 1824 420 1881; x_wconf 89' lang='lat' dir='ltr'>paeonem</span> <span class='ocrx_word' id='word_1_98' title='bbox 449 1825 503 1882; x_wconf 94' lang='lat' dir='ltr'>pro</span> <span class='ocrx_word' id='word_1_99' title='bbox 534 1806 653 1882; x_wconf 88' lang='lat' dir='ltr'>dactylo</span> <span class='ocrx_word' id='word_1_100' title='bbox 682 1805 794 1881; x_wconf 90' lang='lat' dir='ltr'>cyclico</span> <span class='ocrx_word' id='word_1_101' title='bbox 823 1806 956 1882; x_wconf 90' lang='lat' dir='ltr'>positum</span> <span class='ocrx_word' id='word_1_102' title='bbox 986 1804 1134 1864; x_wconf 89' lang='lat' dir='ltr'>similibus</span> <span class='ocrx_word' id='word_1_103' title='bbox 1165 1806 1307 1883; x_wconf 86' lang='lat' dir='ltr'>exemplis</span> <span class='ocrx_word' id='word_1_104' title='bbox 1334 1810 1492 1884; x_wconf 87' lang='lat' dir='ltr'>poetarum</span> 
     </span>
     <span class='ocr_line' id='line_1_16' title="bbox 218 1887 1492 1974; baseline 0.003 -22"><span class='ocrx_word' id='word_1_105' title='bbox 218 1895 401 1973; x_wconf 80' lang='lat' dir='ltr'>tragicorum</span> <span class='ocrx_word' id='word_1_106' title='bbox 423 1895 591 1972; x_wconf 80' lang='lat' dir='ltr'>defendant,</span> <span class='ocrx_word' id='word_1_107' title='bbox 616 1914 693 1971; x_wconf 90' lang='lat' dir='ltr'>quae</span> <span class='ocrx_word' id='word_1_108' title='bbox 713 1895 744 1953; x_wconf 92' lang='lat' dir='ltr'>in</span> <span class='ocrx_word' id='word_1_109' title='bbox 762 1915 827 1954; x_wconf 92' lang='lat' dir='ltr'>meo</span> <span class='ocrx_word' id='word_1_110' title='bbox 846 1895 922 1954; x_wconf 90' lang='lat' dir='ltr'>libro</span> <span class='ocrx_word' id='word_1_111' title='bbox 942 1887 1043 1955; x_wconf 57' lang='lat' dir='ltr'>Matr?</span> <span class='ocrx_word' id='word_1_112' title='bbox 1061 1893 1080 1970; x_wconf 60' lang='grc' dir='ltr'><strong>ᾗ</strong></span> <span class='ocrx_word' id='word_1_113' title='bbox 1100 1906 1152 1953; x_wconf 75' lang='lat'>270</span> <span class='ocrx_word' id='word_1_114' title='bbox 1171 1895 1314 1974; x_wconf 87' lang='lat' dir='ltr'>congessi.</span> <span class='ocrx_word' id='word_1_115' title='bbox 1352 1895 1492 1956; x_wconf 80' lang='lat' dir='ltr'>Ceterum</span> 
     </span>
     <span class='ocr_line' id='line_1_17' title="bbox 217 1981 1491 2045; baseline 0.002 -3"><span class='ocrx_word' id='word_1_116' title='bbox 217 1984 350 2043; x_wconf 87' lang='lat' dir='ltr'>conferre</span> <span class='ocrx_word' id='word_1_117' title='bbox 373 1985 460 2043; x_wconf 88' lang='lat' dir='ltr'>iuvat</span> <span class='ocrx_word' id='word_1_118' title='bbox 483 1984 593 2043; x_wconf 89' lang='lat' dir='ltr'>similia</span> <span class='ocrx_word' id='word_1_119' title='bbox 616 1987 712 2043; x_wconf 90' lang='lat' dir='ltr'>metra</span> <span class='ocrx_word' id='word_1_120' title='bbox 736 1984 900 2042; x_wconf 89' lang='lat' dir='ltr'>carminum</span> <span class='ocrx_word' id='word_1_121' title='bbox 919 1984 952 2042; x_wconf 92' lang='lat' dir='ltr'>P.</span> <span class='ocrx_word' id='word_1_122' title='bbox 971 2002 1002 2043; x_wconf 88' lang='lat'>11.</span> <span class='ocrx_word' id='word_1_123' title='bbox 1023 2003 1050 2042; x_wconf 93' lang='lat' dir='ltr'>v.</span> <span class='ocrx_word' id='word_1_124' title='bbox 1070 2002 1097 2042; x_wconf 84' lang='lat' dir='ltr'>x.</span> <span class='ocrx_word' id='word_1_125' title='bbox 1123 1981 1156 2043; x_wconf 92' lang='grc' dir='ltr'>Ο.</span> <span class='ocrx_word' id='word_1_126' title='bbox 1176 2003 1203 2042; x_wconf 87' lang='lat' dir='ltr'>x.</span> <span class='ocrx_word' id='word_1_127' title='bbox 1220 2017 1264 2026; x_wconf 97' lang='lat'>—</span> <span class='ocrx_word' id='word_1_128' title='bbox 1278 1984 1404 2045; x_wconf 78' lang='lat' dir='ltr'>Carmen</span> <span class='ocrx_word' id='word_1_129' title='bbox 1423 2005 1491 2045; x_wconf 88' lang='lat' dir='ltr'>can·</span> 
     </span>
     <span class='ocr_line' id='line_1_18' title="bbox 217 2065 1493 2154; baseline 0.003 -24"><span class='ocrx_word' id='word_1_130' title='bbox 217 2076 318 2132; x_wconf 90' lang='lat' dir='ltr'>tatum</span> <span class='ocrx_word' id='word_1_131' title='bbox 347 2077 392 2132; x_wconf 93' lang='lat' dir='ltr'>est</span> <span class='ocrx_word' id='word_1_132' title='bbox 419 2074 451 2132; x_wconf 92' lang='lat' dir='ltr'>in</span> <span class='ocrx_word' id='word_1_133' title='bbox 479 2094 588 2150; x_wconf 88' lang='lat' dir='ltr'>pompa</span> <span class='ocrx_word' id='word_1_134' title='bbox 611 2073 782 2150; x_wconf 77' lang='lat' dir='ltr'>vespertina</span> <span class='ocrx_word' id='word_1_135' title='bbox 805 2065 846 2154; x_wconf 85' lang='lat' dir='ltr'>(v.</span> <span class='ocrx_word' id='word_1_136' title='bbox 868 2066 914 2153; x_wconf 87' lang='lat'>10)</span> <span class='ocrx_word' id='word_1_137' title='bbox 938 2092 957 2131; x_wconf 89' lang='lat' dir='ltr'>a</span> <span class='ocrx_word' id='word_1_138' title='bbox 980 2073 1140 2132; x_wconf 84' lang='lat' dir='ltr'>comitibus</span> <span class='ocrx_word' id='word_1_139' title='bbox 1163 2074 1347 2151; x_wconf 81' lang='lat' dir='ltr'>Thrasydaei</span> <span class='ocrx_word' id='word_1_140' title='bbox 1371 2075 1493 2135; x_wconf 84' lang='lat' dir='ltr'>victoris</span> 
     </span>
     <span class='ocr_line' id='line_1_19' title="bbox 217 2162 1492 2241; baseline 0.002 -20"><span class='ocrx_word' id='word_1_141' title='bbox 217 2181 357 2223; x_wconf 85' lang='lat' dir='ltr'>coronam</span> <span class='ocrx_word' id='word_1_142' title='bbox 390 2163 516 2239; x_wconf 91' lang='lat' dir='ltr'>Delphis</span> <span class='ocrx_word' id='word_1_143' title='bbox 551 2165 670 2239; x_wconf 89' lang='lat' dir='ltr'>partam</span> <span class='ocrx_word' id='word_1_144' title='bbox 703 2162 733 2220; x_wconf 91' lang='lat' dir='ltr'>in</span> <span class='ocrx_word' id='word_1_145' title='bbox 766 2162 894 2222; x_wconf 90' lang='lat' dir='ltr'>Ismenio</span> <span class='ocrx_word' id='word_1_146' title='bbox 926 2162 1034 2222; x_wconf 90' lang='lat' dir='ltr'>sacello</span> <span class='ocrx_word' id='word_1_147' title='bbox 1065 2162 1137 2222; x_wconf 89' lang='lat' dir='ltr'>deae</span> <span class='ocrx_word' id='word_1_148' title='bbox 1167 2163 1274 2223; x_wconf 90' lang='lat' dir='ltr'>Meliae</span> <span class='ocrx_word' id='word_1_149' title='bbox 1308 2164 1492 2241; x_wconf 88' lang='lat' dir='ltr'>deponentis.</span> 
     </span>
     <span class='ocr_line' id='line_1_20' title="bbox 216 2251 1493 2330; baseline 0.001 -20"><span class='ocrx_word' id='word_1_150' title='bbox 216 2252 383 2312; x_wconf 85' lang='lat' dir='ltr'>Metrorum</span> <span class='ocrx_word' id='word_1_151' title='bbox 402 2255 503 2311; x_wconf 87' lang='lat' dir='ltr'>autem</span> <span class='ocrx_word' id='word_1_152' title='bbox 522 2272 558 2311; x_wconf 87' lang='lat' dir='ltr'>ex</span> <span class='ocrx_word' id='word_1_153' title='bbox 576 2255 686 2311; x_wconf 89' lang='lat' dir='ltr'>natura</span> <span class='ocrx_word' id='word_1_154' title='bbox 705 2251 844 2330; x_wconf 83' lang='lat' dir='ltr'>colligere</span> <span class='ocrx_word' id='word_1_155' title='bbox 864 2270 950 2328; x_wconf 88' lang='lat' dir='ltr'>posse</span> <span class='ocrx_word' id='word_1_156' title='bbox 970 2251 1043 2310; x_wconf 90' lang='lat' dir='ltr'>mihi</span> <span class='ocrx_word' id='word_1_157' title='bbox 1062 2251 1172 2330; x_wconf 80' lang='lat' dir='ltr'>videor,</span> <span class='ocrx_word' id='word_1_158' title='bbox 1192 2253 1315 2313; x_wconf 89' lang='lat' dir='ltr'>chorum</span> <span class='ocrx_word' id='word_1_159' title='bbox 1338 2253 1493 2330; x_wconf 85' lang='lat' dir='ltr'>expueris</span> 
     </span>
     <span class='ocr_line' id='line_1_21' title="bbox 216 2333 1493 2422; baseline 0 -21"><span class='ocrx_word' id='word_1_160' title='bbox 216 2341 386 2401; x_wconf 90' lang='lat' dir='ltr'>constitisse</span> <span class='ocrx_word' id='word_1_161' title='bbox 416 2337 544 2419; x_wconf 81' lang='grc' dir='ltr'><strong><em>(παίδων</em></strong></span> <span class='ocrx_word' id='word_1_162' title='bbox 567 2333 669 2422; x_wconf 80' lang='grc' dir='ltr'>χορόν)</span> <span class='ocrx_word' id='word_1_163' title='bbox 699 2343 729 2400; x_wconf 92' lang='lat' dir='ltr'>et</span> <span class='ocrx_word' id='word_1_164' title='bbox 756 2340 851 2401; x_wconf 88' lang='lat' dir='ltr'>modis</span> <span class='ocrx_word' id='word_1_165' title='bbox 878 2340 1010 2401; x_wconf 82' lang='lat' dir='ltr'>Aeoliois</span> <span class='ocrx_word' id='word_1_166' title='bbox 1037 2360 1106 2400; x_wconf 91' lang='lat' dir='ltr'>cum</span> <span class='ocrx_word' id='word_1_167' title='bbox 1133 2341 1265 2418; x_wconf 91' lang='lat' dir='ltr'>tripudio</span> <span class='ocrx_word' id='word_1_168' title='bbox 1296 2342 1493 2419; x_wconf 88' lang='lat' dir='ltr'>sollemnique</span> 
     </span>
     <span class='ocr_line' id='line_1_22' title="bbox 217 2431 517 2491; baseline 0 -1"><span class='ocrx_word' id='word_1_169' title='bbox 217 2431 331 2490; x_wconf 88' lang='lat' dir='ltr'>saltatu</span> <span class='ocrx_word' id='word_1_170' title='bbox 357 2432 517 2491; x_wconf 86' lang='lat' dir='ltr'>incessisse.</span> 
     </span>
    </p>
   </div>
   <div class='ocr_carea' id='block_1_7' title="bbox 236 2582 1446 3313">
    <p class='ocr_par' dir='ltr' id='par_1_7' title="bbox 236 2582 1446 3313">
     <span class='ocr_line' id='line_1_23' title="bbox 271 2582 1446 2674; baseline 0.001 -24"><span class='ocrx_word' id='word_1_171' title='bbox 271 2586 411 2669; x_wconf 78' lang='grc' dir='ltr'><em>Κάδμου</em></span> <span class='ocrx_word' id='word_1_172' title='bbox 434 2589 544 2670; x_wconf 82' lang='grc' dir='ltr'><em>κόραι,</em></span> <span class='ocrx_word' id='word_1_173' title='bbox 569 2584 697 2670; x_wconf 80' lang='grc' dir='ltr'><strong><em>Σεμέλα</em></strong></span> <span class='ocrx_word' id='word_1_174' title='bbox 719 2582 780 2669; x_wconf 68' lang='grc' dir='ltr'>μὲν</span> <span class='ocrx_word' id='word_1_175' title='bbox 801 2583 1030 2671; x_wconf 79' lang='grc' dir='ltr'><em>Ὀλυμπιάδων</em></span> <span class='ocrx_word' id='word_1_176' title='bbox 1053 2585 1234 2670; x_wconf 77' lang='grc' dir='ltr'>ἀγυι-ἅτις,</span> <span class='ocrx_word' id='word_1_177' title='bbox 1300 2591 1379 2674; x_wconf 87' lang='grc' dir='ltr'><em>Στρ.</em></span> <span class='ocrx_word' id='word_1_178' title='bbox 1403 2586 1446 2653; x_wconf 83' lang='grc' dir='ltr'><strong><em>α’.</em></strong></span> 
     </span>
     <span class='ocr_line' id='line_1_24' title="bbox 265 2688 598 2757; baseline 0.003 -1"><span class='ocrx_word' id='word_1_179' title='bbox 265 2691 340 2756; x_wconf 88' lang='grc' dir='ltr'>Ἰνὼ</span> <span class='ocrx_word' id='word_1_180' title='bbox 364 2688 401 2756; x_wconf 74' lang='grc' dir='ltr'>δὲ</span> <span class='ocrx_word' id='word_1_181' title='bbox 425 2691 598 2757; x_wconf 79' lang='grc' dir='ltr'><em>Λευκοθέα</em></span> 
     </span>
     <span class='ocr_line' id='line_1_25' title="bbox 315 2799 904 2886; baseline 0.002 -23"><span class='ocrx_word' id='word_1_182' title='bbox 315 2808 456 2864; x_wconf 85' lang='grc' dir='ltr'>ποντιᾶν</span> <span class='ocrx_word' id='word_1_183' title='bbox 479 2799 671 2885; x_wconf 79' lang='grc' dir='ltr'><strong><em>ὁμοθάλαμε</em></strong></span> <span class='ocrx_word' id='word_1_184' title='bbox 695 2802 904 2886; x_wconf 71' lang='grc' dir='ltr'><strong><em>Νηρηίδων,</em></strong></span> 
     </span>
     <span class='ocr_line' id='line_1_26' title="bbox 272 2905 836 2994; baseline 0.002 -24"><span class='ocrx_word' id='word_1_185' title='bbox 272 2912 319 2970; x_wconf 87' lang='grc' dir='ltr'>ίτε</span> <span class='ocrx_word' id='word_1_186' title='bbox 342 2908 407 2971; x_wconf 83' lang='grc' dir='ltr'>σὺν</span> <span class='ocrx_word' id='word_1_187' title='bbox 429 2905 608 2988; x_wconf 76' lang='grc' dir='ltr'><strong><em>Ἡρακλέος</em></strong></span> <span class='ocrx_word' id='word_1_188' title='bbox 631 2907 836 2994; x_wconf 74' lang='grc' dir='ltr'><em>ἀριστογόνῳ</em></span> 
     </span>
     <span class='ocr_line' id='line_1_27' title="bbox 271 3011 613 3097; baseline 0.003 -20"><span class='ocrx_word' id='word_1_189' title='bbox 271 3011 368 3097; x_wconf 86' lang='grc' dir='ltr'><strong><em>ματρί</em></strong></span> <span class='ocrx_word' id='word_1_190' title='bbox 390 3013 457 3092; x_wconf 86' lang='grc' dir='ltr'>πάρ</span> <span class='ocrx_word' id='word_1_191' title='bbox 481 3017 613 3078; x_wconf 83' lang='grc' dir='ltr'><strong><em>Μελίαν</em></strong></span> 
     </span>
     <span class='ocr_line' id='line_1_28' title="bbox 316 3117 861 3206; baseline -0.004 -20"><span class='ocrx_word' id='word_1_192' title='bbox 316 3117 466 3206; x_wconf 62' lang='grc' dir='ltr'>γρυσίῳν</span> <span class='ocrx_word' id='word_1_193' title='bbox 490 3121 522 3199; x_wconf 79' lang='grc' dir='ltr'>ἐς</span> <span class='ocrx_word' id='word_1_194' title='bbox 546 3122 671 3186; x_wconf 80' lang='grc' dir='ltr'>ἄδυτον</span> <span class='ocrx_word' id='word_1_195' title='bbox 693 3121 861 3206; x_wconf 75' lang='grc' dir='ltr'><em>τριπόδων</em></span> 
     </span>
     <span class='ocr_line' id='line_1_29' title="bbox 236 3226 1026 3313; baseline -0.001 -22"><span class='ocrx_word' id='word_1_196' title='bbox 236 3244 252 3291; x_wconf 78' lang='lat'><strong>5</strong></span> <span class='ocrx_word' id='word_1_197' title='bbox 271 3232 462 3313; x_wconf 81' lang='grc' dir='ltr'><strong><em>θησαυρόν,</em></strong></span> <span class='ocrx_word' id='word_1_198' title='bbox 485 3227 526 3293; x_wconf 83' lang='grc' dir='ltr'>ὃν</span> <span class='ocrx_word' id='word_1_199' title='bbox 548 3226 697 3312; x_wconf 81' lang='grc' dir='ltr'>περίαλλ’</span> <span class='ocrx_word' id='word_1_200' title='bbox 723 3227 867 3312; x_wconf 80' lang='grc' dir='ltr'><strong><em>ἑτί-μασε</em></strong></span> <span class='ocrx_word' id='word_1_201' title='bbox 891 3226 1026 3310; x_wconf 83' lang='grc' dir='ltr'><strong><em>Λοξίας,</em></strong></span> 
     </span>
    </p>
   </div>
   <div class='ocr_carea' id='block_1_8' title="bbox 218 3381 1496 3735">
    <p class='ocr_par' dir='ltr' id='par_1_8' title="bbox 218 3381 1496 3735">
     <span class='ocr_line' id='line_1_30' title="bbox 292 3381 1495 3458; baseline 0.003 -20"><span class='ocrx_word' id='word_1_202' title='bbox 292 3405 372 3439; x_wconf 74' lang='lat' dir='ltr'>vinu</span> <span class='ocrx_word' id='word_1_203' title='bbox 390 3405 494 3440; x_wconf 78' lang='lat' dir='ltr'>ancrro.</span> <span class='ocrx_word' id='word_1_204' title='bbox 523 3386 607 3439; x_wconf 89' lang='lat' dir='ltr'>lusor.</span> <span class='ocrx_word' id='word_1_205' title='bbox 622 3401 675 3439; x_wconf 91' lang='lat' dir='ltr'>om.</span> <span class='ocrx_word' id='word_1_206' title='bbox 692 3386 753 3439; x_wconf 90' lang='lat' dir='ltr'>BD</span> <span class='ocrx_word' id='word_1_207' title='bbox 766 3417 801 3424; x_wconf 94' lang='lat'>-</span> <span class='ocrx_word' id='word_1_208' title='bbox 816 3383 920 3439; x_wconf 87' lang='lat' dir='ltr'>Schol:</span> <span class='ocrx_word' id='word_1_209' title='bbox 939 3381 1093 3455; x_wconf 70' lang='grc' dir='ltr'><strong><em>γέγραπται</em></strong></span> <span class='ocrx_word' id='word_1_210' title='bbox 1111 3383 1129 3453; x_wconf 73' lang='grc' dir='ltr'><strong><em>ἡ</em></strong></span> <span class='ocrx_word' id='word_1_211' title='bbox 1148 3382 1206 3453; x_wconf 69' lang='lat' dir='ltr'>dub</span> <span class='ocrx_word' id='word_1_212' title='bbox 1227 3383 1394 3458; x_wconf 82' lang='grc' dir='ltr'><strong><em>Θρασυδαίῳ</em></strong></span> <span class='ocrx_word' id='word_1_213' title='bbox 1413 3388 1495 3442; x_wconf 80' lang='grc' dir='ltr'><strong><em>παιδί</em></strong></span> 
     </span>
     <span class='ocr_line' id='line_1_31' title="bbox 221 3439 1493 3580; baseline 0.002 -70"><span class='ocrx_word' id='word_1_214' title='bbox 221 3455 336 3580; x_wconf 61' lang='grc' dir='ltr'><strong><em>Θηῳαίῳ</em></strong></span> <span class='ocrx_word' id='word_1_215' title='bbox 355 3461 465 3511; x_wconf 85' lang='grc' dir='ltr'><strong><em>σταδιεῖ</em></strong></span> <span class='ocrx_word' id='word_1_216' title='bbox 482 3457 629 3524; x_wconf 75' lang='grc' dir='ltr'><em>νικήσαντι</em></span> <span class='ocrx_word' id='word_1_217' title='bbox 647 3456 693 3525; x_wconf 78' lang='grc' dir='ltr'>κη’</span> <span class='ocrx_word' id='word_1_218' title='bbox 714 3456 860 3524; x_wconf 78' lang='grc' dir='ltr'><strong><em>Πυθιάδα,</em></strong></span> <span class='ocrx_word' id='word_1_219' title='bbox 879 3458 926 3509; x_wconf 81' lang='grc' dir='ltr'><strong><em>καί</em></strong></span> <span class='ocrx_word' id='word_1_220' title='bbox 951 3455 995 3526; x_wconf 83' lang='grc' dir='ltr'>λγ’</span> <span class='ocrx_word' id='word_1_221' title='bbox 1016 3453 1132 3509; x_wconf 86' lang='grc' dir='ltr'><strong><em>δίαυλον</em></strong></span> <span class='ocrx_word' id='word_1_222' title='bbox 1147 3439 1177 3526; x_wconf 74' lang='grc' dir='ltr'>[ἢ</span> <span class='ocrx_word' id='word_1_223' title='bbox 1192 3454 1319 3527; x_wconf 79' lang='grc' dir='ltr'>στάδιον]</span> <span class='ocrx_word' id='word_1_224' title='bbox 1335 3456 1442 3526; x_wconf 77' lang='grc' dir='ltr'><strong><em>ἄνδρας</em></strong></span> <span class='ocrx_word' id='word_1_225' title='bbox 1461 3491 1493 3499; x_wconf 94' lang='grc'><strong>-</strong></span> 
     </span>
     <span class='ocr_line' id='line_1_32' title="bbox 220 3527 1492 3598; baseline 0.001 -15"><span class='ocrx_word' id='word_1_226' title='bbox 220 3536 244 3583; x_wconf 93' lang='lat'>1.</span> <span class='ocrx_word' id='word_1_227' title='bbox 276 3533 328 3584; x_wconf 78' lang='lat' dir='ltr'>ort.</span> <span class='ocrx_word' id='word_1_228' title='bbox 347 3531 461 3598; x_wconf 81' lang='grc' dir='ltr'><em>ἀγυιᾶτι</em></span> <span class='ocrx_word' id='word_1_229' title='bbox 480 3561 513 3569; x_wconf 88' lang='grc'>-</span> <span class='ocrx_word' id='word_1_230' title='bbox 533 3535 557 3583; x_wconf 83' lang='lat'>2.</span> <span class='ocrx_word' id='word_1_231' title='bbox 577 3527 608 3582; x_wconf 75' lang='lat' dir='ltr'>di</span> <span class='ocrx_word' id='word_1_232' title='bbox 629 3529 705 3583; x_wconf 84' lang='lat' dir='ltr'>BD:</span> <span class='ocrx_word' id='word_1_233' title='bbox 723 3548 753 3582; x_wconf 82' lang='grc' dir='ltr'>τε</span> <span class='ocrx_word' id='word_1_234' title='bbox 772 3528 884 3582; x_wconf 87' lang='lat' dir='ltr'>Boeckh</span> <span class='ocrx_word' id='word_1_235' title='bbox 904 3560 937 3568; x_wconf 93' lang='lat'><em>-</em></span> <span class='ocrx_word' id='word_1_236' title='bbox 957 3530 1111 3597; x_wconf 83' lang='grc' dir='ltr'>Νηρηίδων</span> <span class='ocrx_word' id='word_1_237' title='bbox 1130 3529 1212 3598; x_wconf 52' lang='lat' dir='ltr'>Byrsa</span> <span class='ocrx_word' id='word_1_238' title='bbox 1232 3528 1369 3597; x_wconf 80' lang='grc' dir='ltr'>νηρεΐδων</span> <span class='ocrx_word' id='word_1_239' title='bbox 1384 3530 1446 3584; x_wconf 89' lang='lat' dir='ltr'>BD</span> <span class='ocrx_word' id='word_1_240' title='bbox 1462 3563 1492 3570; x_wconf 99' lang='lat'>—</span> 
     </span>
     <span class='ocr_line' id='line_1_33' title="bbox 218 3598 1496 3674; baseline 0.002 -21"><span class='ocrx_word' id='word_1_241' title='bbox 218 3606 243 3654; x_wconf 84' lang='lat'>3.</span> <span class='ocrx_word' id='word_1_242' title='bbox 263 3599 433 3674; x_wconf 71' lang='grc' dir='ltr'><em>ἀριστογόνῳ</em></span> <span class='ocrx_word' id='word_1_243' title='bbox 454 3605 499 3669; x_wconf 83' lang='grc' dir='ltr'>(-ω</span> <span class='ocrx_word' id='word_1_244' title='bbox 520 3601 560 3657; x_wconf 83' lang='grc'>1))</span> <span class='ocrx_word' id='word_1_245' title='bbox 582 3600 653 3666; x_wconf 91' lang='lat' dir='ltr'>BD,</span> <span class='ocrx_word' id='word_1_246' title='bbox 674 3599 868 3669; x_wconf 83' lang='grc' dir='ltr'>άριστογόνου,</span> <span class='ocrx_word' id='word_1_247' title='bbox 888 3599 961 3668; x_wconf 87' lang='lat' dir='ltr'>quod</span> <span class='ocrx_word' id='word_1_248' title='bbox 983 3599 1090 3653; x_wconf 89' lang='lat' dir='ltr'>scholia</span> <span class='ocrx_word' id='word_1_249' title='bbox 1111 3598 1338 3669; x_wconf 86' lang='lat' dir='ltr'>interpretantur,</span> <span class='ocrx_word' id='word_1_250' title='bbox 1359 3600 1496 3671; x_wconf 87' lang='lat' dir='ltr'>praetulit</span> 
     </span>
     <span class='ocr_line' id='line_1_34' title="bbox 218 3670 828 3735; baseline 0.003 -11"><span class='ocrx_word' id='word_1_251' title='bbox 218 3671 374 3726; x_wconf 88' lang='lat' dir='ltr'>Mommsen</span> <span class='ocrx_word' id='word_1_252' title='bbox 394 3704 427 3712; x_wconf 91' lang='lat'><em>-</em></span> <span class='ocrx_word' id='word_1_253' title='bbox 447 3679 471 3727; x_wconf 79' lang='lat'>4.</span> <span class='ocrx_word' id='word_1_254' title='bbox 492 3672 519 3734; x_wconf 79' lang='grc' dir='ltr'>ἐς</span> <span class='ocrx_word' id='word_1_255' title='bbox 537 3670 634 3727; x_wconf 77' lang='lat' dir='ltr'>Trici:</span> <span class='ocrx_word' id='word_1_256' title='bbox 654 3672 693 3735; x_wconf 78' lang='grc' dir='ltr'>είς</span> <span class='ocrx_word' id='word_1_257' title='bbox 712 3673 776 3727; x_wconf 88' lang='lat' dir='ltr'>BD</span> <span class='ocrx_word' id='word_1_258' title='bbox 795 3703 828 3711; x_wconf 90' lang='lat'>—</span> 
     </span>
    </p>
   </div>
   <div class='ocr_carea' id='block_1_9' title="bbox 182 3812 1495 4959">
    <p class='ocr_par' dir='ltr' id='par_1_9' title="bbox 182 3812 1495 4959">
     <span class='ocr_line' id='line_1_35' title="bbox 289 3812 1493 3885; baseline 0.001 -19"><span class='ocrx_word' id='word_1_259' title='bbox 289 3831 477 3867; x_wconf 75' lang='lat' dir='ltr'>conunurran.</span> <span class='ocrx_word' id='word_1_260' title='bbox 515 3833 540 3869; x_wconf 85' lang='lat' dir='ltr'>v.</span> <span class='ocrx_word' id='word_1_261' title='bbox 557 3821 633 3869; x_wconf 82' lang='grc'><strong>1-8.</strong></span> <span class='ocrx_word' id='word_1_262' title='bbox 655 3813 757 3884; x_wconf 83' lang='lat' dir='ltr'>Apollo</span> <span class='ocrx_word' id='word_1_263' title='bbox 776 3812 806 3866; x_wconf 91' lang='lat' dir='ltr'>in</span> <span class='ocrx_word' id='word_1_264' title='bbox 825 3830 904 3867; x_wconf 89' lang='lat' dir='ltr'>suum</span> <span class='ocrx_word' id='word_1_265' title='bbox 924 3813 1020 3867; x_wconf 87' lang='lat' dir='ltr'>fanum</span> <span class='ocrx_word' id='word_1_266' title='bbox 1039 3814 1198 3881; x_wconf 82' lang='lat' dir='ltr'>Ismeniam,</span> <span class='ocrx_word' id='word_1_267' title='bbox 1218 3815 1294 3883; x_wconf 91' lang='lat' dir='ltr'>quod</span> <span class='ocrx_word' id='word_1_268' title='bbox 1312 3817 1378 3868; x_wconf 88' lang='lat' dir='ltr'>ante</span> <span class='ocrx_word' id='word_1_269' title='bbox 1397 3817 1493 3885; x_wconf 88' lang='lat' dir='ltr'>portas</span> 
     </span>
     <span class='ocr_line' id='line_1_36' title="bbox 219 3883 1493 3956; baseline 0.002 -18"><span class='ocrx_word' id='word_1_270' title='bbox 219 3883 347 3939; x_wconf 79' lang='lat' dir='ltr'>Electrae</span> <span class='ocrx_word' id='word_1_271' title='bbox 367 3886 575 3954; x_wconf 83' lang='lat' dir='ltr'>fuit(Paus.1x</span> <span class='ocrx_word' id='word_1_272' title='bbox 595 3904 628 3954; x_wconf 90' lang='grc' dir='ltr'>ιο,</span> <span class='ocrx_word' id='word_1_273' title='bbox 648 3888 679 3953; x_wconf 82' lang='lat' dir='ltr'>a),</span> <span class='ocrx_word' id='word_1_274' title='bbox 699 3884 828 3939; x_wconf 89' lang='lat' dir='ltr'>heroinas</span> <span class='ocrx_word' id='word_1_275' title='bbox 847 3884 996 3938; x_wconf 83' lang='lat' dir='ltr'>Thebanae</span> <span class='ocrx_word' id='word_1_276' title='bbox 1016 3890 1159 3954; x_wconf 82' lang='lat' dir='ltr'>convocat,</span> <span class='ocrx_word' id='word_1_277' title='bbox 1180 3889 1211 3938; x_wconf 86' lang='lat' dir='ltr'>ut</span> <span class='ocrx_word' id='word_1_278' title='bbox 1229 3902 1323 3940; x_wconf 90' lang='lat' dir='ltr'>secum</span> <span class='ocrx_word' id='word_1_279' title='bbox 1342 3886 1493 3956; x_wconf 86' lang='lat' dir='ltr'>participes</span> 
     </span>
     <span class='ocr_line' id='line_1_37' title="bbox 218 3956 1494 4026; baseline 0.002 -17"><span class='ocrx_word' id='word_1_280' title='bbox 218 3957 289 4009; x_wconf 87' lang='lat' dir='ltr'>fiant</span> <span class='ocrx_word' id='word_1_281' title='bbox 306 3956 438 4026; x_wconf 87' lang='lat' dir='ltr'>publicae</span> <span class='ocrx_word' id='word_1_282' title='bbox 456 3957 584 4011; x_wconf 85' lang='lat' dir='ltr'>laetitiae</span> <span class='ocrx_word' id='word_1_283' title='bbox 603 3960 631 4011; x_wconf 90' lang='lat' dir='ltr'>et</span> <span class='ocrx_word' id='word_1_284' title='bbox 649 3973 769 4026; x_wconf 87' lang='lat' dir='ltr'>pompae</span> <span class='ocrx_word' id='word_1_285' title='bbox 788 3973 806 4009; x_wconf 91' lang='lat' dir='ltr'>a</span> <span class='ocrx_word' id='word_1_286' title='bbox 824 3956 1016 4025; x_wconf 84' lang='lat' dir='ltr'>Thrasydaeo,</span> <span class='ocrx_word' id='word_1_287' title='bbox 1041 3956 1159 4025; x_wconf 87' lang='lat' dir='ltr'>Pythioo</span> <span class='ocrx_word' id='word_1_288' title='bbox 1178 3957 1296 4024; x_wconf 85' lang='lat' dir='ltr'>victore,</span> <span class='ocrx_word' id='word_1_289' title='bbox 1320 3957 1373 4010; x_wconf 91' lang='lat' dir='ltr'>deo</span> <span class='ocrx_word' id='word_1_290' title='bbox 1392 3957 1494 4026; x_wconf 90' lang='lat' dir='ltr'>Pythio</span> 
     </span>
     <span class='ocr_line' id='line_1_38' title="bbox 219 4027 1495 4099; baseline 0.002 -18"><span class='ocrx_word' id='word_1_291' title='bbox 219 4027 372 4083; x_wconf 86' lang='lat' dir='ltr'>ducendae.</span> <span class='ocrx_word' id='word_1_292' title='bbox 411 4028 491 4093; x_wconf 80' lang='lat' dir='ltr'>Quod</span> <span class='ocrx_word' id='word_1_293' title='bbox 517 4032 611 4082; x_wconf 86' lang='lat' dir='ltr'>autem</span> <span class='ocrx_word' id='word_1_294' title='bbox 630 4045 680 4082; x_wconf 89' lang='lat' dir='ltr'>eae</span> <span class='ocrx_word' id='word_1_295' title='bbox 700 4028 856 4096; x_wconf 82' lang='lat' dir='ltr'>Pythonem</span> <span class='ocrx_word' id='word_1_296' title='bbox 874 4031 960 4096; x_wconf 87' lang='lat' dir='ltr'>atque</span> <span class='ocrx_word' id='word_1_297' title='bbox 979 4027 1143 4082; x_wconf 88' lang='lat' dir='ltr'>umbilicum</span> <span class='ocrx_word' id='word_1_298' title='bbox 1161 4033 1251 4082; x_wconf 87' lang='lat' dir='ltr'>terrae</span> <span class='ocrx_word' id='word_1_299' title='bbox 1269 4028 1360 4098; x_wconf 90' lang='lat' dir='ltr'>primo</span> <span class='ocrx_word' id='word_1_300' title='bbox 1379 4045 1495 4099; x_wconf 88' lang='lat' dir='ltr'>vespero</span> 
     </span>
     <span class='ocr_line' id='line_1_39' title="bbox 221 4098 1495 4170; baseline 0.002 -18"><span class='ocrx_word' id='word_1_301' title='bbox 221 4098 363 4153; x_wconf 87' lang='lat' dir='ltr'>celebrare</span> <span class='ocrx_word' id='word_1_302' title='bbox 377 4099 529 4155; x_wconf 90' lang='lat' dir='ltr'>instituunt</span> <span class='ocrx_word' id='word_1_303' title='bbox 541 4103 576 4170; x_wconf 86' lang='lat' dir='ltr'>(v.</span> <span class='ocrx_word' id='word_1_304' title='bbox 587 4102 631 4168; x_wconf 88' lang='lat'>10),</span> <span class='ocrx_word' id='word_1_305' title='bbox 647 4098 770 4169; x_wconf 88' lang='lat' dir='ltr'>virgines</span> <span class='ocrx_word' id='word_1_306' title='bbox 784 4098 939 4167; x_wconf 85' lang='lat' dir='ltr'>imitantur,</span> <span class='ocrx_word' id='word_1_307' title='bbox 954 4116 1026 4168; x_wconf 88' lang='lat' dir='ltr'>quae</span> <span class='ocrx_word' id='word_1_308' title='bbox 1039 4099 1081 4153; x_wconf 89' lang='lat' dir='ltr'>Da</span> <span class='ocrx_word' id='word_1_309' title='bbox 1103 4100 1156 4153; x_wconf 94' lang='lat' dir='ltr'>hne</span> <span class='ocrx_word' id='word_1_310' title='bbox 1177 4100 1264 4154; x_wconf 87' lang='lat' dir='ltr'>horiis</span> <span class='ocrx_word' id='word_1_311' title='bbox 1279 4117 1371 4155; x_wconf 87' lang='lat' dir='ltr'>ramos</span> <span class='ocrx_word' id='word_1_312' title='bbox 1386 4100 1495 4155; x_wconf 90' lang='lat' dir='ltr'>laureos</span> 
     </span>
     <span class='ocr_line' id='line_1_40' title="bbox 219 4119 1494 4255; baseline -0.001 -30"><span class='ocrx_word' id='word_1_313' title='bbox 219 4174 365 4240; x_wconf 84' lang='lat' dir='ltr'>gestantes</span> <span class='ocrx_word' id='word_1_314' title='bbox 384 4174 414 4226; x_wconf 88' lang='lat' dir='ltr'>ct</span> <span class='ocrx_word' id='word_1_315' title='bbox 431 4172 549 4240; x_wconf 88' lang='lat' dir='ltr'>hymnos</span> <span class='ocrx_word' id='word_1_316' title='bbox 568 4170 746 4225; x_wconf 86' lang='lat' dir='ltr'>concinentes</span> <span class='ocrx_word' id='word_1_317' title='bbox 765 4170 893 4240; x_wconf 87' lang='lat' dir='ltr'>praesule</span> <span class='ocrx_word' id='word_1_318' title='bbox 912 4171 1011 4225; x_wconf 85' lang='lat' dir='ltr'>iuvene</span> <span class='ocrx_word' id='word_1_319' title='bbox 1030 4119 1230 4241; x_wconf 77' lang='lat' dir='ltr'>daphncphoro</span> <span class='ocrx_word' id='word_1_320' title='bbox 1245 4172 1282 4225; x_wconf 91' lang='lat' dir='ltr'>ad</span> <span class='ocrx_word' id='word_1_321' title='bbox 1297 4172 1396 4226; x_wconf 90' lang='lat' dir='ltr'>aedem</span> <span class='ocrx_word' id='word_1_322' title='bbox 1412 4172 1494 4255; x_wconf 81' lang='lat' dir='ltr'>Apol·</span> 
     </span>
     <span class='ocr_line' id='line_1_41' title="bbox 221 4241 1493 4313; baseline 0.002 -18"><span class='ocrx_word' id='word_1_323' title='bbox 221 4242 286 4296; x_wconf 91' lang='lat' dir='ltr'>linis</span> <span class='ocrx_word' id='word_1_324' title='bbox 306 4242 419 4297; x_wconf 88' lang='lat' dir='ltr'>lsmenii</span> <span class='ocrx_word' id='word_1_325' title='bbox 438 4260 567 4313; x_wconf 88' lang='lat' dir='ltr'>pompam</span> <span class='ocrx_word' id='word_1_326' title='bbox 587 4243 739 4309; x_wconf 72' lang='lat' dir='ltr'>ducebant,</span> <span class='ocrx_word' id='word_1_327' title='bbox 759 4259 784 4294; x_wconf 87' lang='lat' dir='ltr'>v.</span> <span class='ocrx_word' id='word_1_328' title='bbox 804 4241 893 4296; x_wconf 89' lang='lat' dir='ltr'>Procl.</span> <span class='ocrx_word' id='word_1_329' title='bbox 913 4244 1013 4297; x_wconf 86' lang='lat' dir='ltr'>chrest.</span> <span class='ocrx_word' id='word_1_330' title='bbox 1033 4260 1055 4297; x_wconf 90' lang='lat' dir='ltr'>c.</span> <span class='ocrx_word' id='word_1_331' title='bbox 1076 4259 1101 4296; x_wconf 83' lang='lat' dir='ltr'>aa</span> <span class='ocrx_word' id='word_1_332' title='bbox 1120 4246 1149 4296; x_wconf 91' lang='lat' dir='ltr'>et</span> <span class='ocrx_word' id='word_1_333' title='bbox 1168 4243 1339 4297; x_wconf 84' lang='lat' dir='ltr'>Boeolrhium</span> <span class='ocrx_word' id='word_1_334' title='bbox 1358 4245 1394 4298; x_wconf 89' lang='lat' dir='ltr'>ad</span> <span class='ocrx_word' id='word_1_335' title='bbox 1414 4244 1493 4298; x_wconf 87' lang='lat' dir='ltr'>Pmd.</span> 
     </span>
     <span class='ocr_line' id='line_1_42' title="bbox 219 4313 1493 4385; baseline 0.001 -17"><span class='ocrx_word' id='word_1_336' title='bbox 219 4314 337 4384; x_wconf 80' lang='lat' dir='ltr'>parthi</span> <span class='ocrx_word' id='word_1_337' title='bbox 359 4347 391 4354; x_wconf 95' lang='lat'><em>-</em></span> <span class='ocrx_word' id='word_1_338' title='bbox 414 4324 436 4368; x_wconf 88' lang='grc'>1.</span> <span class='ocrx_word' id='word_1_339' title='bbox 453 4313 646 4384; x_wconf 79' lang='grc' dir='ltr'>Ὀλυμπιάδων</span> <span class='ocrx_word' id='word_1_340' title='bbox 665 4315 793 4383; x_wconf 79' lang='grc' dir='ltr'>ἀγυιᾶτις</span> <span class='ocrx_word' id='word_1_341' title='bbox 811 4315 841 4367; x_wconf 82' lang='lat' dir='ltr'>at</span> <span class='ocrx_word' id='word_1_342' title='bbox 859 4313 1022 4385; x_wconf 81' lang='grc' dir='ltr'><strong><em>ὁμοθάλαμε</em></strong></span> <span class='ocrx_word' id='word_1_343' title='bbox 1038 4315 1190 4384; x_wconf 77' lang='grc' dir='ltr'>Νηρηΐδων</span> <span class='ocrx_word' id='word_1_344' title='bbox 1208 4331 1272 4368; x_wconf 89' lang='lat' dir='ltr'>cum</span> <span class='ocrx_word' id='word_1_345' title='bbox 1291 4315 1371 4369; x_wconf 83' lang='lat' dir='ltr'>iuxta</span> <span class='ocrx_word' id='word_1_346' title='bbox 1388 4333 1493 4385; x_wconf 88' lang='lat' dir='ltr'>ponan-</span> 
     </span>
     <span class='ocr_line' id='line_1_43' title="bbox 219 4384 1494 4456; baseline 0.001 -17"><span class='ocrx_word' id='word_1_347' title='bbox 219 4390 277 4454; x_wconf 86' lang='lat' dir='ltr'>tur,</span> <span class='ocrx_word' id='word_1_348' title='bbox 296 4386 344 4439; x_wconf 80' lang='lat' dir='ltr'>vix</span> <span class='ocrx_word' id='word_1_349' title='bbox 363 4385 480 4438; x_wconf 85' lang='lat' dir='ltr'>dubium</span> <span class='ocrx_word' id='word_1_350' title='bbox 499 4388 554 4452; x_wconf 89' lang='lat' dir='ltr'>est,</span> <span class='ocrx_word' id='word_1_351' title='bbox 574 4385 642 4453; x_wconf 91' lang='lat' dir='ltr'>quin</span> <span class='ocrx_word' id='word_1_352' title='bbox 660 4388 741 4439; x_wconf 82' lang='lat' dir='ltr'>vetus</span> <span class='ocrx_word' id='word_1_353' title='bbox 760 4384 897 4454; x_wconf 82' lang='lat' dir='ltr'>interpres</span> <span class='ocrx_word' id='word_1_354' title='bbox 915 4385 1009 4454; x_wconf 90' lang='lat' dir='ltr'>priora</span> <span class='ocrx_word' id='word_1_355' title='bbox 1028 4385 1114 4440; x_wconf 85' lang='lat' dir='ltr'>verba</span> <span class='ocrx_word' id='word_1_356' title='bbox 1132 4387 1206 4439; x_wconf 87' lang='lat' dir='ltr'>recte</span> <span class='ocrx_word' id='word_1_357' title='bbox 1225 4385 1425 4456; x_wconf 85' lang='lat' dir='ltr'>interpretatus</span> <span class='ocrx_word' id='word_1_358' title='bbox 1444 4387 1494 4440; x_wconf 86' lang='lat' dir='ltr'>sit:</span> 
     </span>
     <span class='ocr_line' id='line_1_44' title="bbox 219 4454 1495 4528; baseline 0.002 -18"><span class='ocrx_word' id='word_1_359' title='bbox 219 4466 275 4511; x_wconf 86' lang='grc' dir='ltr'>τῶν</span> <span class='ocrx_word' id='word_1_360' title='bbox 287 4454 443 4527; x_wconf 86' lang='grc' dir='ltr'><strong><em>Ὀλυμπίων</em></strong></span> <span class='ocrx_word' id='word_1_361' title='bbox 457 4461 533 4510; x_wconf 82' lang='grc' dir='ltr'>θεῶν</span> <span class='ocrx_word' id='word_1_362' title='bbox 549 4457 672 4510; x_wconf 76' lang='lat' dir='ltr'>advorsa·</span> <span class='ocrx_word' id='word_1_363' title='bbox 692 4456 760 4510; x_wconf 90' lang='lat' dir='ltr'>licet</span> <span class='ocrx_word' id='word_1_364' title='bbox 773 4459 803 4510; x_wconf 90' lang='lat' dir='ltr'>et</span> <span class='ocrx_word' id='word_1_365' title='bbox 817 4473 867 4509; x_wconf 89' lang='lat' dir='ltr'>usu</span> <span class='ocrx_word' id='word_1_366' title='bbox 883 4456 994 4509; x_wconf 85' lang='lat' dir='ltr'>dicendi</span> <span class='ocrx_word' id='word_1_367' title='bbox 1008 4457 1054 4525; x_wconf 87' lang='lat' dir='ltr'>(cf.</span> <span class='ocrx_word' id='word_1_368' title='bbox 1064 4456 1198 4527; x_wconf 81' lang='grc' dir='ltr'>άγυιάτης</span> <span class='ocrx_word' id='word_1_369' title='bbox 1212 4457 1495 4528; x_wconf 81' lang='lat' dir='ltr'>Aesch.Agum.roa1)</span> 
     </span>
     <span class='ocr_line' id='line_1_45' title="bbox 220 4527 1494 4599; baseline 0 -18"><span class='ocrx_word' id='word_1_370' title='bbox 220 4532 249 4581; x_wconf 88' lang='lat' dir='ltr'>et</span> <span class='ocrx_word' id='word_1_371' title='bbox 267 4527 440 4599; x_wconf 76' lang='lat' dir='ltr'>etymologia</span> <span class='ocrx_word' id='word_1_372' title='bbox 458 4527 548 4597; x_wconf 88' lang='lat' dir='ltr'>magis</span> <span class='ocrx_word' id='word_1_373' title='bbox 567 4528 645 4582; x_wconf 87' lang='lat' dir='ltr'>notio</span> <span class='ocrx_word' id='word_1_374' title='bbox 664 4528 776 4582; x_wconf 81' lang='lat' dir='ltr'>‘tutoris</span> <span class='ocrx_word' id='word_1_375' title='bbox 795 4527 964 4596; x_wconf 86' lang='lat' dir='ltr'>platearum‘</span> <span class='ocrx_word' id='word_1_376' title='bbox 981 4544 1066 4596; x_wconf 86' lang='lat' dir='ltr'>quam</span> <span class='ocrx_word' id='word_1_377' title='bbox 1082 4528 1162 4582; x_wconf 80' lang='lat' dir='ltr'>‘socii</span> <span class='ocrx_word' id='word_1_378' title='bbox 1177 4533 1206 4583; x_wconf 91' lang='lat' dir='ltr'>et</span> <span class='ocrx_word' id='word_1_379' title='bbox 1219 4528 1316 4582; x_wconf 86' lang='lat' dir='ltr'>vicini’</span> <span class='ocrx_word' id='word_1_380' title='bbox 1334 4528 1494 4598; x_wconf 90' lang='lat' dir='ltr'>comprobe-</span> 
     </span>
     <span class='ocr_line' id='line_1_46' title="bbox 220 4596 1493 4669; baseline 0 -17"><span class='ocrx_word' id='word_1_381' title='bbox 220 4601 272 4654; x_wconf 90' lang='lat' dir='ltr'>tur.</span> <span class='ocrx_word' id='word_1_382' title='bbox 310 4599 351 4652; x_wconf 92' lang='lat' dir='ltr'>De</span> <span class='ocrx_word' id='word_1_383' title='bbox 375 4599 484 4653; x_wconf 85' lang='lat' dir='ltr'>Semela</span> <span class='ocrx_word' id='word_1_384' title='bbox 507 4603 596 4653; x_wconf 86' lang='lat' dir='ltr'>matre</span> <span class='ocrx_word' id='word_1_385' title='bbox 619 4599 724 4653; x_wconf 88' lang='lat' dir='ltr'>Bacchi</span> <span class='ocrx_word' id='word_1_386' title='bbox 746 4599 820 4652; x_wconf 90' lang='lat' dir='ltr'>inter</span> <span class='ocrx_word' id='word_1_387' title='bbox 843 4596 992 4652; x_wconf 87' lang='lat' dir='ltr'>caelicolas</span> <span class='ocrx_word' id='word_1_388' title='bbox 1015 4602 1128 4669; x_wconf 88' lang='lat' dir='ltr'>recepta</span> <span class='ocrx_word' id='word_1_389' title='bbox 1146 4618 1172 4655; x_wconf 80' lang='lat' dir='ltr'>v.</span> <span class='ocrx_word' id='word_1_390' title='bbox 1194 4600 1225 4654; x_wconf 91' lang='grc' dir='ltr'>Ο.</span> <span class='ocrx_word' id='word_1_391' title='bbox 1245 4619 1266 4652; x_wconf 92' lang='lat'>11</span> <span class='ocrx_word' id='word_1_392' title='bbox 1285 4620 1310 4653; x_wconf 73' lang='lat' dir='ltr'>aa</span> <span class='ocrx_word' id='word_1_393' title='bbox 1330 4633 1362 4640; x_wconf 93' lang='lat'>-</span> <span class='ocrx_word' id='word_1_394' title='bbox 1387 4606 1411 4653; x_wconf 80' lang='lat'>2.</span> <span class='ocrx_word' id='word_1_395' title='bbox 1433 4598 1493 4652; x_wconf 83' lang='grc' dir='ltr'>Ἰνώ</span> 
     </span>
     <span class='ocr_line' id='line_1_47' title="bbox 218 4669 1493 4740; baseline 0 -16"><span class='ocrx_word' id='word_1_396' title='bbox 218 4669 381 4740; x_wconf 77' lang='grc' dir='ltr'><strong><em>Λευκοθέα,</em></strong></span> <span class='ocrx_word' id='word_1_397' title='bbox 404 4671 503 4726; x_wconf 87' lang='lat' dir='ltr'>Cadmi</span> <span class='ocrx_word' id='word_1_398' title='bbox 522 4673 551 4724; x_wconf 83' lang='lat' dir='ltr'>et</span> <span class='ocrx_word' id='word_1_399' title='bbox 568 4671 738 4724; x_wconf 77' lang='lat' dir='ltr'>Hemoniae</span> <span class='ocrx_word' id='word_1_400' title='bbox 760 4669 833 4737; x_wconf 87' lang='lat' dir='ltr'>filia,</span> <span class='ocrx_word' id='word_1_401' title='bbox 857 4686 929 4737; x_wconf 88' lang='lat' dir='ltr'>quac</span> <span class='ocrx_word' id='word_1_402' title='bbox 952 4669 1059 4739; x_wconf 83' lang='lat' dir='ltr'>duplici</span> <span class='ocrx_word' id='word_1_403' title='bbox 1081 4671 1192 4725; x_wconf 90' lang='lat' dir='ltr'>nomine</span> <span class='ocrx_word' id='word_1_404' title='bbox 1212 4672 1298 4725; x_wconf 89' lang='lat' dir='ltr'>etiam</span> <span class='ocrx_word' id='word_1_405' title='bbox 1318 4672 1354 4724; x_wconf 90' lang='lat' dir='ltr'>ab</span> <span class='ocrx_word' id='word_1_406' title='bbox 1374 4671 1493 4724; x_wconf 86' lang='lat' dir='ltr'>Homero</span> 
     </span>
     <span class='ocr_line' id='line_1_48' title="bbox 220 4741 1493 4813; baseline -0.002 -16"><span class='ocrx_word' id='word_1_407' title='bbox 220 4759 290 4797; x_wconf 73' lang='lat' dir='ltr'>casa</span> <span class='ocrx_word' id='word_1_408' title='bbox 309 4742 481 4813; x_wconf 89' lang='lat' dir='ltr'>appellatur,</span> <span class='ocrx_word' id='word_1_409' title='bbox 505 4742 578 4796; x_wconf 89' lang='lat' dir='ltr'>inter</span> <span class='ocrx_word' id='word_1_410' title='bbox 596 4741 663 4795; x_wconf 87' lang='lat' dir='ltr'>deas</span> <span class='ocrx_word' id='word_1_411' title='bbox 682 4741 804 4794; x_wconf 86' lang='lat' dir='ltr'>marinas</span> <span class='ocrx_word' id='word_1_412' title='bbox 823 4752 937 4809; x_wconf 85' lang='lat' dir='ltr'>recepta</span> <span class='ocrx_word' id='word_1_413' title='bbox 962 4744 991 4795; x_wconf 85' lang='lat' dir='ltr'>et</span> <span class='ocrx_word' id='word_1_414' title='bbox 1015 4741 1099 4795; x_wconf 86' lang='lat' dir='ltr'>Nerei</span> <span class='ocrx_word' id='word_1_415' title='bbox 1123 4741 1237 4795; x_wconf 89' lang='lat' dir='ltr'>filiabus</span> <span class='ocrx_word' id='word_1_416' title='bbox 1257 4741 1418 4795; x_wconf 85' lang='lat' dir='ltr'>consociata</span> <span class='ocrx_word' id='word_1_417' title='bbox 1437 4745 1493 4808; x_wconf 86' lang='lat' dir='ltr'>cst;</span> 
     </span>
     <span class='ocr_line' id='line_1_49' title="bbox 182 4802 1494 4883; baseline 0.001 -17"><span class='ocrx_word' id='word_1_418' title='bbox 182 4802 190 4827; x_wconf 81' lang='lat'>⁸</span> <span class='ocrx_word' id='word_1_419' title='bbox 220 4812 254 4868; x_wconf 82' lang='lat' dir='ltr'>cf.</span> <span class='ocrx_word' id='word_1_420' title='bbox 266 4815 328 4867; x_wconf 83' lang='lat'>0.11</span> <span class='ocrx_word' id='word_1_421' title='bbox 343 4831 368 4869; x_wconf 83' lang='lat' dir='ltr'>ar</span> <span class='ocrx_word' id='word_1_422' title='bbox 384 4832 418 4868; x_wconf 86' lang='lat' dir='ltr'>sa.</span> <span class='ocrx_word' id='word_1_423' title='bbox 435 4845 467 4853; x_wconf 97' lang='lat'>-</span> <span class='ocrx_word' id='word_1_424' title='bbox 484 4820 507 4867; x_wconf 87' lang='lat'>3.</span> <span class='ocrx_word' id='word_1_425' title='bbox 524 4812 674 4881; x_wconf 76' lang='grc' dir='ltr'><strong><em>Ἡρακλέος</em></strong></span> <span class='ocrx_word' id='word_1_426' title='bbox 687 4810 781 4882; x_wconf 88' lang='grc' dir='ltr'><strong><em>ματρί·</em></strong></span> <span class='ocrx_word' id='word_1_427' title='bbox 802 4814 953 4866; x_wconf 83' lang='lat' dir='ltr'>Alcmenae</span> <span class='ocrx_word' id='word_1_428' title='bbox 968 4812 1013 4866; x_wconf 90' lang='lat' dir='ltr'>cui</span> <span class='ocrx_word' id='word_1_429' title='bbox 1028 4811 1184 4867; x_wconf 86' lang='lat' dir='ltr'>clarissima</span> <span class='ocrx_word' id='word_1_430' title='bbox 1197 4815 1289 4883; x_wconf 87' lang='lat' dir='ltr'>proles</span> <span class='ocrx_word' id='word_1_431' title='bbox 1304 4814 1359 4867; x_wconf 85' lang='lat' dir='ltr'>fuit</span> <span class='ocrx_word' id='word_1_432' title='bbox 1373 4816 1494 4882; x_wconf 83' lang='grc' dir='ltr'>(ἀριστο-</span> 
     </span>
     <span class='ocr_line' id='line_1_50' title="bbox 220 4883 1494 4959; baseline 0.001 -21"><span class='ocrx_word' id='word_1_433' title='bbox 220 4883 305 4959; x_wconf 82' lang='grc' dir='ltr'><em>γόνῳ)</em></span> <span class='ocrx_word' id='word_1_434' title='bbox 320 4918 354 4926; x_wconf 91' lang='grc'>-</span> <span class='ocrx_word' id='word_1_435' title='bbox 369 4893 394 4940; x_wconf 81' lang='lat'>4.</span> <span class='ocrx_word' id='word_1_436' title='bbox 409 4885 524 4938; x_wconf 86' lang='lat' dir='ltr'>Meliam</span> <span class='ocrx_word' id='word_1_437' title='bbox 539 4889 571 4938; x_wconf 93' lang='lat' dir='ltr'>ut</span> <span class='ocrx_word' id='word_1_438' title='bbox 585 4884 754 4940; x_wconf 81' lang='lat' dir='ltr'>conveniant</span> <span class='ocrx_word' id='word_1_439' title='bbox 767 4883 891 4952; x_wconf 88' lang='lat' dir='ltr'>reliquae</span> <span class='ocrx_word' id='word_1_440' title='bbox 906 4883 1037 4938; x_wconf 89' lang='lat' dir='ltr'>heroinae</span> <span class='ocrx_word' id='word_1_441' title='bbox 1052 4888 1248 4953; x_wconf 85' lang='lat' dir='ltr'>convocantur,</span> <span class='ocrx_word' id='word_1_442' title='bbox 1267 4886 1343 4953; x_wconf 91' lang='lat' dir='ltr'>quod</span> <span class='ocrx_word' id='word_1_443' title='bbox 1361 4903 1396 4940; x_wconf 89' lang='lat' dir='ltr'>ea</span> <span class='ocrx_word' id='word_1_444' title='bbox 1409 4884 1494 4956; x_wconf 84' lang='lat' dir='ltr'>Apol·</span> 
     </span>
    </p>
   </div>
   <div class='ocr_carea' id='block_1_10' title="bbox 273 4979 1283 5027">
    <p class='ocr_par' dir='ltr' id='par_1_10' title="bbox 273 4979 1283 5027">
     <span class='ocr_line' id='line_1_51' title="bbox 273 4979 1283 5027; baseline 0.001 -3"><span class='ocrx_word' id='word_1_445' title='bbox 273 4985 398 5026; x_wconf 65' lang='lat' dir='ltr'>Furiosus</span> <span class='ocrx_word' id='word_1_446' title='bbox 413 4985 447 5024; x_wconf 87' lang='lat' dir='ltr'>ed.</span> <span class='ocrx_word' id='word_1_447' title='bbox 461 4984 565 5025; x_wconf 80' lang='lat' dir='ltr'>Christ.</span> <span class='ocrx_word' id='word_1_448' title='bbox 1251 4979 1283 5027; x_wconf 77' lang='lat' dir='ltr'>lo</span> 
     </span>
    </p>
   </div>
   <div class='ocr_carea' id='block_1_11' title="bbox 0 0 1731 5550">
    <p class='ocr_par' dir='ltr' id='par_1_11' title="bbox 0 0 1731 5550">
     <span class='ocr_line' id='line_1_52' title="bbox 0 0 1731 5550; baseline 0 0"><span class='ocrx_word' id='word_1_449' title='bbox 0 0 1731 5550; x_wconf 95' lang='lat' dir='ltr'> </span> 
     </span>
    </p>
   </div>
  </div>
 </body>
</html>
