3442 5550
639 434 865 502 t‘RAGMffl'A.
1326 431 1392 508 435

659 619 724 677 270
765 617 852 677 193.

209 725 353 801 Harpoer.
377 744 404 783 v.
419 719 556 803 Ἅβαρις·
586 609 786 803 Νικόστραέος
810 610 1133 806 (δ.1.Ἱππόστρατος)
1158 716 1212 800 μέν
1234 719 1289 802 γάρ
1321 718 1394 781 κατά

120 811 174 891 τὴν
198 813 297 894 τρίτην
319 811 412 872 αὐτὸν
434 805 587 895 (Ἄβαριν)
608 806 790 891 Ὀλυμπιάδα
812 808 887 892 λέγει
905 808 1133 892 παραγενέσθαι,
1153 807 1169 871 δ
1189 807 1220 870 δέ
1240 809 1395 891 Πίνδαρος

121 903 193 963 κατὰ
217 906 347 984 Κροῖσον
371 899 423 962 τὸν
446 902 560 962 Λυδῶν
583 899 718 981 βασιλέα,
740 899 824 963 ἄλλοι
846 897 878 961 δὲ
902 899 975 961 κατὰ
998 899 1053 978 τὴν
1075 895 1127 960 κα’
1147 895 1337 980 Ὀλυμπιάδα.

663 1049 725 1106 271
751 1039 855 1124 [τοι]Ι

110 1188 114 1195 -
211 1152 354 1232 Origenes
378 1153 442 1214 adv.
463 1153 538 1214 Cels,
558 1172 593 1211 111
616 1174 643 1230 p.
665 1164 715 1212 126
735 1153 798 1230 Sp:
822 1149 881 1212 Καί
904 1150 1021 1230 πρῶτόν
1039 1173 1070 1231 γε
1093 1148 1127 1211 τά
1151 1148 1217 1230 περί
1239 1149 1291 1212 τὸν
1315 1152 1395 1230 Προ-

122 1242 283 1320 κοννήσιου
303 1236 466 1324 Ἀριστέαν,
497 1240 563 1323 περί
586 1235 624 1303 οὗ
646 1241 736 1302 ταῦτά
759 1258 853 1319 φησιν
876 1233 953 1322 (scil.
976 1233 1112 1323 Κέλσος).
1157 1233 1226 1300 Εἶτ’
1249 1233 1396 1321 Ἀριστέαν

125 1329 179 1412 μὲν
208 1330 261 1393 τὸν
284 1331 513 1413 Προκοννήσιον
537 1329 742 1410 άφανισθέντα
765 1352 795 1391 τε
818 1330 895 1392 οὕτω
919 1329 1079 1410 δαιμονίως
1101 1329 1131 1403 ἐξ
1155 1326 1325 1410 ἀνθρώπων
1347 1327 1397 1390 καί

117 1413 217 1494 ἀὖθις
240 1419 370 1502 ἐναργῶς
393 1419 539 1500 φανέντα,
561 1420 611 1482 καί
633 1424 752 1492 πολλοῖς
776 1420 897 1501 ὕστερον
921 1419 1037 1502 χρόνοις
1059 1422 1205 1500 πολλαχοῦ
1225 1428 1279 1498 τῆς
1297 1418 1396 1480 οἰκου-

127 1509 218 1591 μένης
237 1509 460 1589 ἐπιδημήσαντα
477 1509 527 1571 καλ
545 1509 704 1591 θαυμαστὰ
722 1509 943 1591 άναγγείλαντα,
957 1508 1006 1570 καί
1019 1518 1071 1570 τοῦ
1082 1504 1263 1581 ’Λπόλλωνος
1277 1507 1397 1586 ἐπισκή-

121 1616 236 1677 ψαντος
258 1601 498 1673 Μεταποντίνοις
520 1598 553 1660 ἐν
576 1605 657 1660 θεῶν
682 1600 769 1684 μοίρᾳ
791 1597 890 1679 νέμειν
910 1592 1023 1682 (μένειν
1040 1592 1147 1681 vulgo)
1165 1597 1217 1659 τὸν
1238 1593 1397 1679 Ἀριστέαν,

123 1699 229 1751 τοῦτον
253 1688 351 1762 οὐδείς
374 1687 415 1750 ἔτι
437 1690 548 1770 νομίζει
566 1689 650 1750 θεόν.
682 1688 758 1750 έοικε
781 1683 810 1749 δ’
831 1686 984 1768 εἰληφέναι
1005 1687 1061 1767 τὴν
1084 1686 1215 1769 ἱστορίαν
1238 1686 1296 1749 άπὸ
1320 1690 1396 1748 Πιν-

124 1779 217 1860 δάρου
240 1777 290 1839 καί
308 1775 479 1860 Ἡροδότου.
526 1780 609 1840 Conf.
633 1780 750 1840 Aeneas
774 1779 842 1840 Gaz.
867 1779 898 1838 in
921 1779 991 1839 dial.
1011 1778 1157 1855 Theophr.
1176 1798 1204 1855 p.
1225 1789 1267 1838 77.

664 1925 727 1982 κω
752 1916 855 2002 [τοι]

210 2028 271 2089 vit.
296 2029 380 2088 Pind.
405 2049 415 2087 1
440 2022 481 2111 (v.
505 2030 583 2089 Prol.
609 2046 639 2087 cl
663 2021 708 2111 1):
731 2028 904 2108 Σιμωνίδης
927 2027 981 2107 τὴν
1004 2026 1037 2088 ἐν
1059 2031 1208 2107 Σαλαμῖνι
1231 2028 1397 2108 ναυμαχίαν

123 2115 260 2199 γέγραφε,
283 2117 333 2179 καί
356 2119 509 2197 Πίνδαρος
533 2115 676 2197 μέμνηται
698 2126 750 2196 τῆς
774 2117 898 2198 Κάδμου
922 2109 967 2201 (λ)
991 2118 1147 2198 βασιλείας.

664 2264 727 2322 273
768 2264 855 2322 202.

211 2363 322 2450 [Schol.
338 2369 437 2446 Apoll.
452 2368 545 2428 Rhod.
560 2387 572 2426 1
590 2379 641 2427 411
662 2255 779 2449 (Stept.
799 2255 868 2444 1332.
888 2389 915 2428 v.
935 2361 1068 2450 Αίσώυ)ι
1090 2365 1223 2440 Αίσωνλς
1240 2365 1325 2440 πόλις
1344 2376 1396 2447 τῆς

124 2459 305 2538 Μαγνησίας
328 2456 386 2517 άπὸ
411 2450 564 2539 (Αἴσωνος
588 2457 654 2516 add.
679 2455 793 2533 Steph.)
816 2465 868 2518 τοῦ
891 2456 1001 2538 πατρὸς
1021 2450 1162 2536 Ἰάσονος,
1184 2453 1224 2529 ὡς
1246 2456 1298 2518 καί
1321 2458 1396 2517 Πίν-

123 2547 212 2628 δαρός
234 2565 308 2626 φησι
331 2546 380 2607 καί
406 2546 585 2627 Φερεκύδης.
631 2546 766 2606 Pertinet
788 2546 827 2606 ad
849 2548 881 2606 P.
904 2565 937 2607 1v
961 2545 1035 2624 118].

664 2691 727 2750 274
752 2683 855 2770 [288]Ι

211 2798 335 2869 Quintil.
354 2817 375 2856 x
395 2811 419 2878 1,
440 2809 503 2857 109:
526 2798 595 2858 Non
614 2797 693 2858 enim
711 2797 839 2875 pluviae,
862 2800 898 2856 ut
916 2798 961 2855 eit
978 2797 1135 2875 Pindarus,
1159 2816 1253 2874 aquas
1272 2799 1396 2876 colligit,

123 2888 174 2948 sed
196 2889 264 2948 vivo
288 2889 408 2967 gurgite
432 2887 564 2947 exundat
585 2877 727 2969 (Cicero).

664 3031 726 3089 οτι
752 3021 855 3108 [κη.

210 3139 291 3198 Plut.
306 3138 342 3198 de
356 3137 443 3214 Pyth.
460 3155 535 3197 orae.
552 3147 598 3195 18:
618 3135 770 3216 Πίνδαρος
789 3131 821 3195 δὲ
838 3131 889 3195 καί
906 3131 971 3216 περί
991 3133 1100 3215 τρόπου
1116 3135 1258 3221 μελῳδίας
1272 3133 1396 3215 ἀμελου-

123 3226 212 3308 μίνου
231 3220 303 3288 καθ’
324 3225 415 3288 αὑτὸν
433 3223 555 3308 ἀπορεῖν
579 3221 718 3306 ὁμολογεῖ
730 3222 780 3284 καί
797 3223 954 3304 θαυμάζει,
972 3222 1029 3284 ὅτι·
1052 3227 1135 3285 loeus
1153 3225 1217 3303 ipse
1236 3225 1395 3286 intercidit.

664 3371 726 3428 ατο
752 3361 855 3448 [2⁶4]-

210 3479 290 3539 Plut.
305 3478 341 3537 de
360 3493 426 3538 sera
443 3496 523 3536 num.
537 3477 617 3536 vind.
637 3487 671 3535 22
695 3496 724 3552 p.
739 3486 790 3534 567
813 3476 851 3534 F:
874 3473 1153 3556 προκεχειρισμένων
1177 3473 1209 3536 δὲ
1231 3474 1281 3536 καί
1304 3476 1395 3562 ταάτη

123 3561 280 3650 (Νέρωνος
299 3560 397 3651 ψυχῇ)
417 3574 474 3626 τῶν
493 3566 684 3647 δημιουργῶν
698 3565 885 3644 Πινδαρικῆς
898 3562 1016 3644 ἐχίδνης
1030 3557 1120 3644 εἶδος,
1136 3563 1169 3625 ἐν
1189 3552 1212 3649 ᾧ
1229 3570 1395 3644 κυηθεῖσαν

123 3656 172 3717 καί
197 3658 401 3737 διαφαγοῦσαν
425 3655 479 3734 τὴν
502 3654 610 3736 μητέρα
632 3654 805 3736 βιώσεσθαι,
829 3662 894 3733 φῶς
916 3652 1044 3732 ἐφασκεν
1067 3652 1209 3733 ἐξαίφνης
1232 3654 1397 3734 διαλάμψαι

123 3744 195 3827 μέγα
217 3751 277 3807 m'
663 3836 726 3894 277
752 3828 855 3913 [ειη.

211 3940 354 4004 theodor.
368 3941 494 4001 Metoeh.
510 3961 538 4018 p.
553 3951 618 4000 282:
638 3941 713 4001 Τίνα
731 3937 763 4000 δέ
781 3948 840 4001 τῶν
858 3938 892 4001 ἐν
910 3945 1035 4021 μακραῖς
1053 3941 1261 4020 συμβιούντων
1279 3939 1394 4015 οὐσίαις

124 4028 159 4095 οδ
182 4030 386 4114 κατατρέχουσι
408 4029 459 4091 καλ
482 4030 678 4109 σπαράττουσι
696 4028 734 4107 δή
753 4050 830 4102 τινες
853 4033 969 4110 Κῆρες
991 4027 1297 4113 ὀλβοθρέμμονες,
1320 4030 1395 4110 φησί

124 4124 289 4204 Πίνδαρος,
312 4119 586 4201 μεριμναμάτων
609 4117 811 4198 άλεγεινῶν.

663 4283 728 4341 278
752 4273 856 4360 [em.

210 4392 354 4451 Theodor.
373 4390 499 4450 Metoeh.
519 4410 546 4466 p.
566 4400 633 4448 493:
655 4385 704 4447 καὶ
727 4384 828 4467 φέρειν
852 4384 985 4466 ἀνάγκην
1008 4385 1121 4467 ἔχοντες
1143 4386 1216 4449 κατά
1240 4387 1396 4467 Πίνδαρον

122 4478 287 4562 ἀλλότρια
310 4479 556 4562 μεριμνάματα
578 4476 629 4538 καί
651 4474 721 4556 κέαρ
745 4473 897 4557 ἀλλοτρίας
920 4476 1038 4553 φύσεως
1061 4526 1067 4538 .
1092 4525 1098 4538 .
1124 4524 1130 4536 .

665 4622 726 4680 279
752 4614 855 4699 [ειη.

209 4732 414 4791 Liban.1432
438 4730 486 4788 R.:
510 4725 583 4808 πρὸς
605 4725 661 4808 γάρ
685 4731 724 4809 τῷ
748 4725 787 4786 τά
811 4727 958 4807 δεύτερα
980 4736 1047 4788 τῶν
1074 4721 1254 4805 προτέρων
1281 4745 1395 4802 πεφυ-

121 4819 221 4882 κέναι
248 4825 406 4900 κρατεῖν,
434 4816 474 4890 ὡς
501 4816 559 4895 ἔφη
583 4815 753 4895 Πίνδαρος,
777 4815 808 4876 τὸ
831 4814 882 4876 τὸν
905 4816 1075 4896 τετιμηκότα
1098 4823 1150 4875 τοῦ
1173 4812 1396 4893 περιυβρικάτος

122 4904 198 4972 εἶναι
221 4910 324 4992 βελτίω
348 4909 480 4989 μεγάλην
503 4906 588 4988 ἰσχὺν
611 4905 653 4979 εἰς
676 4905 707 4966 τὸ
731 4904 830 4984 λήθην
853 4903 1002 4967 ἐπιθεῖναι
1024 4911 1086 4978 τοῖς
1113 4899 1305 4985 φαυλοτέρως
1331 4901 1396 4984 ἔχει.

1129 5003 1184 5060 28*
