3442 5550
809 408 1088 463 PROLEGOMENA.

812 642 865 708 De
889 642 1081 728 epiniciis.

397 783 636 851 Certaminibus
660 784 761 849 finitis
786 790 927 850 rectores
951 786 1100 851 ludorum
1119 786 1186 851 sive
1206 788 1424 872 agonothetae
1442 785 1587 871 praemia

265 908 270 979 t
308 894 525 959 decernebant
549 897 581 957 et
604 892 766 958 victorum
788 894 922 959 nomina
944 894 1189 978 renuntiabant3
1213 916 1278 977 qua
1295 894 1328 958 in
1348 892 1588 958 renuntiatione

264 1008 268 1059 ἒ
307 1022 424 1086 praeco
452 999 549 1065 simul
576 998 708 1063 nomina
734 999 837 1084 patris
866 1000 998 1067 victoris
1021 1006 1054 1066 et
1078 1000 1203 1085 patriae
1225 1001 1463 1085 proclamabat,
1491 1022 1586 1084 quem

307 1130 430 1172 morem
454 1105 602 1171 imitatus
626 1104 803 1190 Sophocles
827 1106 876 1171 El.
899 1109 1014 1173 823ss.
1038 1108 1077 1172 de
1101 1107 1216 1173 Oreste
1240 1107 1320 1173 dicit

521 1265 665 1350 ὠλβίζετ’
685 1265 831 1351 Ἀργεῖος
853 1264 914 1352 μὲν
937 1267 1217 1354 ἀνακαλούμενος,

522 1376 626 1458 ὄνομα
649 1372 680 1438 d'
704 1371 853 1458 Ὀρέστης
875 1384 935 1440 τοῦ
959 1376 996 1441 τὸ
1019 1377 1151 1441 κλεινὸν
1171 1374 1327 1452 Ἑλλάδος

519 1479 760 1567 Ἀγαμέμνονος
782 1481 957 1567 στράτευμ’
978 1483 1171 1570 ἀγείραντός
1194 1506 1280 1548 ποτε.

398 1659 509 1725 Patria
532 1683 613 1745 quae
636 1660 886 1746 renuntiaretur,
909 1660 1044 1726 arbitrio
1068 1661 1201 1727 victoris
1224 1662 1488 1750 permittebatur3
1509 1685 1588 1727 non-

255 1766 259 1827 '.
308 1791 485 1852 numquam
512 1768 598 1833 enim
620 1768 744 1833 factum
767 1774 831 1854 est,
858 1774 896 1834 ut
918 1769 1022 1835 victor
1044 1792 1110 1834 non
1135 1793 1219 1855 earn,
1246 1770 1281 1834 in
1304 1793 1367 1854 qua
1391 1775 1487 1835 nutus
1510 1775 1589 1855 erat,

253 1858 260 1955 ,¹
309 1877 421 1941 urbem
450 1876 505 1940 sed
534 1874 645 1960 aliam,
672 1875 707 1938 iu
730 1898 826 1959 quam
851 1876 1048 1962 migraverat
1070 1881 1128 1941 aut
1151 1876 1241 1941 cuius
1267 1876 1429 1941 beneficiis
1454 1882 1588 1941 ornatus

309 1989 388 2069 erat,
411 1981 588 2047 renuntiari
612 1982 717 2047 vellet.
760 1982 813 2048 Sic
837 1983 947 2069 Hiero,
969 2006 1025 2048 rex
1049 1981 1291 2069 Syracusarum,
1313 1984 1348 2047 iu
1366 1982 1504 2069 Pythice
1526 1984 1589 2049 vie-

311 2091 397 2156 toria
420 2089 538 2173 curuli,
562 2111 659 2173 quam
681 2089 840 2154 Pindarus
864 2090 1006 2155 carmine
1029 2090 1063 2153 P.
1084 2109 1094 2154 1
1118 2091 1291 2177 insigniter
1313 2089 1501 2177 illustravit,
1522 2114 1588 2157 non

311 2196 559 2283 Syracusanum,
582 2197 639 2261 sed
657 2196 839 2262 Aetnaeum
861 2197 1076 2263 inhonorem
1100 2198 1190 2263 urbis
1214 2221 1316 2284 nuper
1340 2221 1359 2262 a
1384 2220 1417 2263 se
1441 2197 1589 2263 conditae

310 2303 488 2369 renuntiari
512 2326 546 2369 se
569 2304 674 2369 iussit.
711 2304 882 2369 Praeterea
905 2304 1014 2370 nescio
1038 2327 1079 2369 au
1102 2305 1137 2369 in
1160 2304 1391 2371 certaminibus
1415 2327 1590 2390 puerorum

310 2412 408 2478 etiam
432 2412 550 2497 aliptae
575 2412 642 2477 sive
665 2411 816 2499 magistri
840 2434 958 2476 nomen
980 2413 1200 2478 renuntiatum
1226 2413 1283 2498 sit;
1306 2413 1427 2477 talibus
1451 2412 1589 2476 enimin

310 2518 507 2585 carminibus
529 2519 616 2584 laudi
640 2519 731 2605 pueri
756 2519 888 2584 victoris
913 2519 1040 2584 laudem
1062 2521 1212 2606 magistri
1232 2525 1360 2585 tantum
1379 2542 1446 2584 non
1465 2541 1591 2604 semper

311 2624 470 2691 Pindarus
497 2631 595 2711 poeta
623 2626 778 2691 adiunxit.
826 2626 1079 2692 [denuntiatione
1103 2628 1190 2693 facta
1214 2651 1296 2692 unus
1320 2650 1358 2692 ex
1383 2626 1591 2714 agonothetis

310 2732 443 2798 victoris
476 2739 624 2819 tempora
656 2756 775 2798 corona
807 2733 908 2799 cinxit
936 2731 986 2819 (Ο.
1011 2752 1048 2797 111
1076 2735 1139 2822 12).
1190 2735 1426 2799 Renuntiatum
1453 2755 1528 2799 vcro
1557 2739 1591 2798 et

311 2844 501 2906 coronatum
528 2841 684 2906 victorem
714 2840 810 2906 amici
837 2846 871 2905 et
899 2841 1024 2905 sodales
1053 2842 1194 2926 undique
1223 2841 1535 2928 congratulabantur
1558 2845 1592 2905 et

310 2947 450 3035 insignis
475 2947 501 3012 si
525 2948 663 3014 victoria
685 2948 762 3033 fuit,
785 2948 920 3013 fioribus
944 2948 1095 3032 foliisque
1120 2949 1337 3016 cumulabant.
1345 2947 1369 3035 ¹)

400 3055 543 3121 Nomina
566 3056 740 3139 victorum,
768 3060 806 3120 ut
829 3078 868 3120 ne
892 3056 1049 3121 memoria
1072 3078 1183 3121 eorum
1207 3056 1465 3142 oblitteraretur,
1487 3056 1591 3141 cippis

310 3163 445 3249 lapideis
468 3163 520 3227 vel
544 3163 665 3229 chartis
689 3162 887 3228 membranis
909 3162 1178 3229 inscribebantur.
1219 3162 1377 3228 Pindarus
1400 3163 1470 3248 ipse
1492 3161 1527 3227 Ο,
1543 3180 1591 3226 vu

312 3272 354 3336 86
377 3270 522 3355 lapideae
546 3270 715 3335 columnae
739 3270 936 3335 mentionem
961 3270 1047 3355 fecit,
1073 3292 1155 3355 quae
1178 3269 1419 3356 Megarensium
1441 3271 1592 3335 ludorum

311 3376 465 3442 victorias
489 3377 760 3462 agonothetarum
785 3377 948 3463 suffragiis
972 3378 1113 3442 sancitas
1137 3377 1332 3444 continebat.
1374 3376 1493 3442 Totum
1516 3399 1593 3442 vero

311 3506 441 3550 carmen
473 3482 646 3568 epinicium
675 3482 710 3547 Ο.
734 3501 784 3547 vu
811 3484 846 3548 in
872 3485 1029 3550 honorem
1057 3484 1219 3571 Diagorae
1247 3484 1380 3550 victoris
1408 3484 1443 3548 in
1469 3483 1593 3568 templo

312 3590 445 3656 Lindiae
468 3590 634 3655 Minervae
661 3591 767 3656 aureis
790 3591 910 3655 litteris
934 3592 1102 3657 columnae
1126 3592 1323 3677 insculptum
1347 3614 1417 3656 esse
1441 3614 1479 3657 ex
1502 3590 1594 3656 scho-

312 3698 364 3763 liis
398 3721 427 3782 p.
452 3700 515 3763 159
545 3698 770 3783 comperimus.
823 3697 992 3764 Praeterea
1020 3700 1153 3765 basibus
1182 3704 1363 3764 statuarum
1393 3698 1594 3782 aliorumque
1663 3690 1670 3703 '

311 3811 596 3871 monumentorum
621 3808 659 3870 ad
679 3805 869 3871 memoriam
889 3805 1043 3872 victoriae
1062 3808 1305 3893 propagandam
1324 3812 1512 3871 exactorum
1530 3804 1595 3890 epi-

312 3918 494 4001 grammata
522 3912 655 3978 inscribi
683 3913 846 3997 solebant,
877 3913 994 3998 quibus
1023 3914 1212 4000 plerumque
1240 3937 1306 3978 non
1334 3936 1399 3978 una
1429 3913 1597 3998 quaedam,

312 4022 367 4085 sed
396 4042 507 4085 omnes
536 4043 618 4105 quae
646 4021 687 4085 ab
716 4021 772 4085 illo
800 4024 985 4104 reportatae
1013 4025 1106 4086 erant
1132 4022 1288 4087 victoriae
1312 4022 1593 4086 enumerabantur.

312 4127 404 4207 Talia
428 4127 665 4214 epigrammata
687 4128 791 4193 multa
814 4131 955 4192 aetatem
980 4128 1133 4214 tulerunt,
1156 4130 1245 4194 velut
1268 4128 1353 4213 quod
1377 4127 1592 4192 inhonorem

314 4235 465 4300 Hieronis
493 4235 616 4300 factum
645 4235 684 4300 ad
709 4234 775 4299 O.1
799 4256 865 4320 arg.
889 4234 1131 4319 exscripsimus,
1160 4242 1192 4301 et
1220 4235 1464 4325 celeberrimum
1490 4234 1592 4299 Simo

312 4342 397 4407 nidis
422 4342 645 4425 AP.x11119,
668 4342 754 4426 quod
778 4364 851 4406 cum
874 4341 1006 4406 Pindari
1031 4342 1242 4428 epiniciorum
1266 4343 1293 4407 ei
1319 4341 1419 4427 parti,
1443 4364 1507 4426 qua
1530 4340 1593 4406 vic-

312 4449 413 4514 torias
437 4473 549 4514 omnes
574 4449 705 4514 victoris
725 4471 890 4515 recensere
910 4450 1002 4533 solet,
1026 4449 1228 4514 simillimum
1248 4450 1302 4534 sit,
1323 4449 1385 4513 hoc
1404 4448 1477 4514 loco
1497 4469 1594 4534 appo·

312 4579 387 4622 nere
411 4556 512 4622 iuvat:

313 4711 526 4720 -..-..—-—-

404 4808 429 4865 lt
452 4803 523 4858 Vide
547 4803 577 4858 P.
596 4823 624 4856 rx
644 4810 702 4858 124.
731 4822 759 4856 1v
774 4809 833 4858 ⁶240.
867 4802 1030 4858 Callimach.
1045 4804 1141 4858 Hecal.
1163 4810 1257 4859 12-4.
1276 4802 1363 4857 ·Plut-.
1384 4805 1492 4871 quaest.
1512 4817 1590 4854 conr.

313 4895 362 4929 vru
377 4884 401 4931 4.
434 4875 516 4937 Pane,
532 4894 560 4929 vr
575 4880 600 4944 7,
614 4883 638 4930 3.
671 4875 849 4930 Eratosthon.
864 4874 895 4929 iu
909 4875 994 4931 schol.
1010 4876 1075 4930 Eur.
1090 4875 1156 4931 Hec.
1172 4880 1231 4931 574.
