3442 5550
512 453 560 504 111.
585 453 634 503 DE
653 453 761 504 LUDIS
780 455 826 505 ET
845 455 1019 508 EPINIGIIS.
1320 453 1407 509 LXIX

127 618 257 703 Augea,
289 616 454 701 Epeorum
482 637 573 701 rege,
604 614 800 699 instituisse,
827 617 1028 701 eundemque
1058 616 1138 682 oleis
1167 618 1339 683 arboribus
1368 641 1406 683 ex

127 723 415 809 Hyperborcorum
439 722 582 787 terrain
607 721 812 807 Olympicum
836 746 966 809 agrurn,
992 725 1071 789 solis
1095 725 1283 790 ardentibus
1306 726 1406 791 radiis

127 835 222 895 antea
246 828 440 915 expositum,
462 829 711 913 transplantatis
732 830 914 915 oleaginum
939 854 1091 895 coronam
1115 832 1292 897 victoribus
1312 834 1407 898 desti-

126 960 230 1020 nasse,
253 937 395 1002 carmine
419 936 454 1000 0.
471 954 509 1000 111
532 936 652 1021 partim
676 936 803 1001 rettulit
826 937 947 1022 partim
970 939 1073 1002 finxit.
1111 939 1195 1015 Quin
1220 939 1318 1003 etiam
1339 941 1406 1025 qui·

126 1068 201 1110 narn
216 1045 251 1108 in
265 1043 350 1108 ludis
368 1043 434 1108 illis
450 1044 490 1109 ab
507 1043 645 1107 Hercule
665 1043 827 1107 institutis
846 1044 942 1128 primi
961 1046 1106 1129 praemia
1120 1045 1323 1131 singulorum
1339 1071 1406 1112 cer-

125 1152 285 1217 taminum
304 1151 549 1235 reportaverint,
569 1151 699 1236 copiose
718 1151 859 1214 carmine
874 1152 909 1214 0.
924 1169 947 1213 x
967 1152 1107 1236 exponit.
1142 1151 1269 1218 Similia
1288 1160 1406 1239 autern,

127 1259 154 1324 11
178 1281 261 1343 quae
283 1257 335 1322 Ps.
355 1257 419 1321 Dio
442 1257 477 1321 in
501 1258 647 1322 oratione
669 1257 879 1324 Corinthiaco
900 1281 930 1342 p.
952 1259 1012 1323 101
1033 1258 1063 1322 R
1083 1260 1191 1343 refert,
1214 1261 1252 1324 ad
1272 1259 1405 1326 Pindari

124 1365 299 1450 epinicium
327 1365 458 1448 aliquod
486 1364 680 1430 Isthmicum
713 1387 798 1429 nuno
826 1365 1027 1449 deperditum
1055 1367 1219 1431 retrahere
1247 1369 1334 1454 licet,
1366 1370 1405 1434 de

124 1473 278 1558 mythicis
311 1471 397 1536 ludis
424 1471 591 1536 Isthmicis
619 1495 638 1535 a
665 1472 819 1557 Neptuno
844 1477 876 1535 et
901 1471 975 1536 Sole
1008 1472 1169 1537 institutis
1201 1481 1404 1541 commentus

124 1586 182 1646 est.
220 1579 347 1665 Pythiis
368 1601 442 1644 vero
465 1579 550 1643 ludis
575 1580 661 1663 quod
681 1579 836 1662 Orestem,
861 1579 1115 1665 Agamemnonis
1134 1579 1247 1662 filiurn,
1270 1582 1305 1645 in
1325 1605 1404 1668 agro

123 1686 256 1773 Pyladis
291 1686 386 1751 amici
416 1685 495 1750 olim
523 1686 562 1749 de
591 1708 710 1750 corona
738 1691 878 1750 certasse
907 1685 941 1750 P.
966 1703 1001 1750 xl
1027 1689 1215 1770 renarrat,
1250 1686 1405 1773 Sophocli

125 1796 258 1861 eandem
281 1792 427 1858 fabulam
453 1792 752 1858 11111100168111.
785 1793 955 1857 exornanti
988 1793 1133 1877 praeivit.
1188 1793 1265 1878 Ipso
1296 1800 1404 1860 autem

124 1902 252 1967 nominc
266 1900 461 1985 Pythiorum
480 1922 553 1964 curn
574 1899 794 1985 significatum
813 1922 883 1964 esse
902 1901 1059 1985 videatur,
1081 1901 1142 1965 hos
1162 1923 1290 1985 quoque
1309 1902 1404 1967 ludos

124 2010 163 2074 ad
187 2010 346 2095 originem
368 2008 549 2072 fabularem
573 2013 606 2072 et
633 2029 777 2092 pugnam
800 2006 962 2092 Apollinis
992 2030 1064 2072 curn
1088 2007 1237 2092 Pythone
1266 2009 1404 2074 dracone

124 2118 341 2202 depugnatum
364 2114 484 2179 relatos
508 2137 589 2199 esse,
612 2119 721 2178 11111011
744 2114 827 2178 hano
850 2114 996 2179 fabulam
1019 2114 1178 2179 Pindarus
1202 2116 1235 2179 111
1255 2116 1403 2201 epinieiis

124 2247 188 2290 non
209 2228 398 2310 persecutus
419 2226 481 2305 est,
506 2223 559 2286 sed
580 2222 703 2286 soloin
723 2244 844 2306 paeane
864 2221 973 2305 aliquo
994 2218 1046 2308 (fr.
1062 2218 1119 2307 bo)
1139 2222 1261 2308 attigit.
1291 2223 1403 2289 Etiam

124 2354 219 2417 quam
236 2335 334 2415 poeta
348 2330 525 2413 Romanus
549 2328 684 2412 Statius,
706 2328 880 2393 Thebaidis
899 2329 983 2392 libro
1004 2327 1119 2412 quinto
1139 2329 1269 2414 copiose
1292 2336 1404 2396 narrat

123 2439 266 2504 fabulam
290 2438 327 2501 de
351 2436 436 2501 ludis
458 2436 494 2500 in
517 2457 596 2521 agro
617 2435 780 2500 Nemeaeo
800 2459 820 2499 a
838 2440 962 2520 septem
981 2435 1117 2500 ducibus
1136 2435 1276 2522 Argivis·
1289 2443 1403 2502 contra

123 2545 248 2610 Thebas
285 2542 567 2629 proficiscentibus
604 2543 639 2607 in
674 2543 831 2607 honorem
866 2543 1024 2626 Opheltae
1057 2543 1124 2607 sive
1157 2543 1350 2609 Archemori
1384 2568 1403 2609 1

122 2656 270 2737 serpente
306 2650 469 2715 interfecti
505 2647 714 2736 institutis¹),
750 2673 821 2714 eam
858 2650 923 2714 iarn
959 2649 1133 2714 Thebanus
1170 2655 1270 2735 poeta
1306 2674 1401 2716 nosse

122 2759 262 2843 videtur,
288 2757 366 2822 licet
389 2779 459 2821 eam
483 2779 549 2821 non
572 2757 648 2822 data
672 2780 770 2842 opera
792 2757 990 2822 tractaverit.
1036 2755 1122 2821 Nam
1147 2758 1232 2841 quod
1256 2758 1296 2823 N.
1316 2760 1401 2824 1128

121 2864 284 2929 Theseum
312 2864 472 2949 Argivum
504 2864 620 2928 vicisse
649 2863 729 2928 dicit
757 2863 793 2927 ἐν
818 2861 1014 2950 Ἀδραστείῳ
1043 2866 1149 2951 νόμῳ,
1179 2864 1241 2929 1100
1271 2866 1311 2929 ad
1340 2865 1402 2930 Ne

122 2993 249 3037 meaeos
272 2970 367 3036 ludos
390 2970 593 3034 referendum
617 2976 650 3034 et
674 2993 712 3034 ex
737 2971 923 3034 narratione
951 2970 1009 3034 illa
1033 2971 1070 3034 de
1100 2970 1184 3034 ludis
1208 2971 1401 3037 funebribus

123 3079 162 3144 ab
196 3079 354 3162 Adrasto,
386 3100 450 3141 uno
480 3099 518 3141 ex
547 3082 672 3161 septem
700 3076 849 3161 ducibus,
880 3077 1044 3141 institutis
1073 3077 1298 3161 explicandum
1331 3102 1401 3144 esse

120 3185 279 3271 Didymus
313 3184 544 3272 grammaticus
576 3185 658 3249 bene
690 3183 859 3247 intellexit.
906 3182 1110 3268 Quamquam
1136 3183 1281 3248 fabulam
1309 3186 1400 3250 illam

119 3298 195 3378 post
218 3291 393 3357 Pindarum
416 3291 535 3378 tragici
562 3296 691 3377 poet-ae,
718 3289 899 3374 Aeschylus
923 3290 956 3354 in
984 3290 1117 3355 Nemeis
1145 3297 1178 3355 et
1207 3283 1401 3378 Hypsipyle,

120 3399 291 3485 Euripides
313 3399 348 3463 in
371 3399 566 3485 Hypsipyle,
591 3397 769 3462 excoluisse
794 3397 957 3482 videntur,
980 3420 1045 3482 quo
1068 3403 1165 3482 pacto
1189 3399 1289 3463 etiam
1317 3421 1399 3484 quae

119 3508 156 3571 de
175 3506 342 3571 Isthmicis
365 3506 451 3570 ludis
474 3507 508 3569 in
531 3506 687 3569 honorem
707 3504 893 3568 Melicertac
918 3505 996 3569 olim
1019 3505 1116 3570 factis
1140 3509 1238 3588 atque
1263 3506 1300 3569 de
1320 3505 1400 3570 The-

119 3636 173 3679 seo
194 3613 350 3679 lsthmios
370 3613 479 3697 ludos,
502 3636 521 3676 a
540 3611 681 3696 Sisypho
701 3611 775 3675 illos
795 3611 936 3695 primum
956 3612 1137 3696 institutos,
1159 3618 1235 3697 post
1255 3610 1398 3677 Sinidem

118 3721 279 3785 latronem
307 3719 469 3784 (1011010111
491 3719 694 3783 instaurante
723 3717 847 3782 scholia
870 3717 1001 3782 Pindari
1026 3742 1055 3802 p.
1076 3718 1230 3805 ollsqfl‘)
1254 3725 1399 3806 narrant,

118 3829 170 3893 vix
195 3827 329 3892 dubium
353 3831 403 3892 est
432 3826 510 3910 quin
534 3828 573 3890 ab
597 3826 719 3890 Atticis
745 3825 851 3909 poetis
875 3830 908 3890 01
931 3826 1143 3912 logographis
1166 3826 1299 3891 inventa
1323 3827 1398 3892 sint.

118 3936 264 4020 Denique
292 3956 331 3998 ex
359 3933 540 3998 minoribus
568 3955 696 4018 quoque
723 3932 809 3997 ludis
836 3934 1010 3998 nonnullos
1034 3933 1072 3997 ad
1096 3933 1228 3999 heroica
1251 3939 1398 4020 tempora

116 4043 276 4108 Pindarus
294 4040 444 4125 retraxit3
468 4041 515 4105 sic
534 4038 716 4125 Sicyonios,
741 4061 823 4124 quos
843 4063 862 4104 a
882 4038 1047 4105 Clisthene
1066 4045 1205 4125 tyranno
1224 4040 1396 4106 institutos

118 4173 190 4215 esse
214 4148 371 4214 historica
393 4148 455 4213 fide
480 4153 618 4232 constat,
642 4147 682 4211 ab
701 4148 844 4212 Adrasto
866 4147 965 4212 heroe
989 4148 1137 4212 conditos
1161 4170 1231 4213 esse
1254 4147 1294 4212 N.
1318 4152 1396 4214 1119

115 4262 150 4322 01
173 4256 314 4321 11114
336 4254 513 4339 fabulatur,
534 4254 694 4340 Phylacae
717 4254 811 4319 ludos
835 4254 870 4318 in
889 4255 1078 4319 memoriam
1098 4253 1268 4319 Protesilai
1288 4256 1396 4320 herois

113 4363 286 4431 institutos
319 4361 733 4448 0110115811311111011,
768 4359 921 4427 Lemnius
957 4363 1052 4427 ludos
1086 4384 1159 4427 curn
1192 4362 1395 4448 expeditione

113 4469 395 4555 Argonautarum,
426 4449 568 4534 veterem
595 4471 629 4533 ni
657 4469 754 4534 fallor
781 4469 902 4534 famam
931 4475 1075 4554 secutus,
1107 4469 1277 4553 coniungit
1306 4468 1338 4533 P.
1359 4488 1394 4533 lv

114 4579 181 4642 254
209 4581 242 4640 01
269 4575 305 4641 Ο.
325 4579 430 4642 1122.
484 4575 625 4641 Neronis
653 4598 730 4641 vero
763 4577 980 4662 temporibus,
1012 4583 1049 4641 ut
1082 4600 1180 4662 quam
1208 4578 1304 4663 longe
1332 4576 1394 4642 hoc

113 4704 274 4713 ..—--.-—--..

206 4773 232 4838 1)
251 4787 275 4823 r.
292 4768 378 4861 schol.
393 4771 431 4823 ad
445 4770 523 4825 Nem.
538 4770 656 4840 hypoth.
671 4790 697 4841 p.
714 4778 816 4838 41410.
837 4773 866 4825 01
884 4772 921 4825 ad
940 4771 974 4826 N.
989 4790 1038 4824 vm
1057 4777 1100 4827 89,
1119 4791 1137 4824 x
1156 4775 1197 4824 49.
1219 4768 1347 4840 Apollod.
1364 4789 1395 4822 111

114 4849 141 4910 6⁹
157 4847 181 4897 4⁸
200 4841 477 4977 111111111111101,
493 4918 535 4967 25.
557 4911 705 4968 Ρ1111111111,
721 4913 876 4968 11111105.
