3442 5550
598 418 644 468 Iv.
672 418 722 467 DE
739 418 824 467 VITA
842 417 999 468 PINDARI.
1370 416 1443 470 CVII

165 577 360 665 πυθομένῳ,
389 580 444 643 διὰ
472 583 507 643 τί
531 579 612 662 μέλη
641 579 780 663 γράφων
804 577 898 665 ᾄδειν
922 579 982 644 οὐκ
1006 578 1189 661 ἐπίσταται,
1217 579 1279 644 καὶ
1309 583 1380 667 γὰρ
1408 583 1447 646 οί

166 684 361 768 ναυπηγοὶ
376 689 438 769 ε”φη
453 687 623 769 πηδάλια
642 696 850 763 ποιοῦντες
868 690 1066 770 κυβερνᾶν
1085 686 1156 752 οὐκ
1176 688 1316 752 οίδασι.
1347 697 1445 752 τοῦτο

167 792 207 858 δέ
235 816 305 870 πως
335 791 487 876 παρέοικε
519 794 602 879 πρὸς
629 795 665 858 τὸ
695 792 903 878 ἐρωτηθῆναι
929 793 990 878 μέν
1018 818 1091 857 τινα
1119 797 1298 877 σοφιστήν,
1331 796 1386 858 διά
1414 799 1449 859 τί

167 901 367 984 δημηγορεῖν
399 902 520 976 ἄλλους
552 901 634 987 πρὸς
666 902 766 983 ὄχλου
799 901 967 965 διδάσκων
996 901 1095 976 αὐτὸς
1123 901 1163 966 οὐ
1191 903 1331 966 δύναται
1358 901 1445 967 οὕτω

166 1020 288 1087 ποιεῖν;
311 1007 438 1073 ἐκεῖνον
461 1003 498 1071 δὲ
521 1007 685 1091 εὐστόχως
704 1010 817 1092 εἰπεῖν,
842 1009 886 1085 ὡς
908 1006 972 1073 καλ
990 1008 1010 1091 6
1030 1008 1150 1092 ἀκόνη
1174 1008 1367 1087 ὀξύνουσα
1391 1011 1481 1086 είςῡ

167 1117 287 1200 τομήν
310 1115 355 1179 τά
378 1113 552 1198 σιδήρια,
577 1115 677 1199 ὅμως
700 1116 796 1199 αὐτή
820 1113 975 1199 τέμνειν
999 1117 1043 1180 οὐ
1063 1117 1238 1182 δύναται.
1281 1118 1331 1182 ὅτι
1350 1113 1386 1181 δέ
1405 1117 1445 1181 οὐ

168 1220 273 1299 δεξιὸς
294 1215 337 1304 ῆν
360 1221 459 1297 αὐτὸς
482 1219 577 1308 ᾅδειν
600 1222 618 1286 6
644 1223 824 1306 Πίνδαρος,
847 1220 919 1287 ἀλλ’
939 1222 1105 1305 ὑποβολέα
1128 1215 1201 1289 οἷον
1225 1218 1312 1308 εἶχεν
1334 1223 1447 1310 ἕτερον

167 1338 227 1393 τοῦ
254 1330 407 1394 τοιούτου
435 1311 550 1415 Ιἔργου,
578 1329 719 1411 δηλώσει
748 1328 784 1393 ἐν
811 1322 861 1405 οἷς
888 1331 1048 1414 μνήσεταί
1073 1355 1163 1407 τινος
1187 1334 1326 1396 Αἰνείου
1352 1355 1445 1416 χορο-

168 1436 298 1519 στάτου,
322 1435 362 1501 ὃν
384 1433 439 1500 καὶ
463 1436 556 1501 δοκεῖ
576 1441 688 1519 φιλεῖν
711 1427 765 1500 οἷα
789 1435 1029 1521 ἐπικοσμοῦντα
1048 1439 1152 1525 οίκείμ
1171 1436 1267 1524 τέχνη
1286 1439 1344 1514 τάς
1364 1444 1446 1504 Πιν-

168 1544 305 1630 δαρικάς
328 1541 417 1631 χάδάς
440 1543 485 1619 ὡς
507 1554 693 1626 κορυφαῖον
716 1552 819 1629 χοροῦ
843 1545 987 1629 ἀριστον.
1466 1563 1498 1613 10

256 1652 287 1714 εί
315 1646 351 1715 δὲ
379 1651 461 1714 κατά
488 1652 566 1726 τοὺς
592 1652 754 1728 παλαιοὺς
781 1653 953 1735 Πίνδαρος
980 1654 1043 1736 ἔφη
1071 1654 1150 1729 τοὺς
1176 1658 1447 1739 φιλοσοφοῦντας

169 1757 281 1842 ἀτελῆ
305 1761 448 1842 σοφίας
472 1757 632 1843 δρέπειν
655 1761 820 1844 καρπόν,
844 1758 927 1823 ἀλλά
950 1762 1048 1824 τοῦτό
1071 1783 1109 1842 γε
1132 1762 1179 1837 είς
1201 1763 1309 1843 ψόγου
1332 1760 1374 1825 ἀν
1392 1760 1446 1845 ίμ-

167 1869 293 1951 πίπτοι,
325 1866 439 1942 ὁποῖος
470 1863 524 1930 καλ
556 1875 601 1952 τῷ
629 1876 762 1954 κωμικῷ
790 1864 1058 1952 προστέτριπται,
1090 1868 1127 1944 ὅς
1152 1890 1218 1933 που
1245 1870 1324 1944 τοὺς
1351 1872 1446 1952 φιλο-

168 1975 294 2056 σόφους
317 1972 373 2036 διά
397 1974 434 2038 τὸ
458 1972 672 2057 ἀπράγμονας
694 1969 779 2039 εἶναι
803 1974 943 2039 σκώπτει
967 1974 1012 2050 ὡς
1035 1974 1167 2059 ἀργούς.

254 2081 419 2164 ποιήματα
443 2076 480 2144 δὲ
503 2082 609 2145 πολλὰ
632 2082 757 2167 γράυαι
781 2082 953 2167 Πίνδαρος
976 2080 1113 2166 λέγεται,
1138 2077 1186 2147 ὧν
1208 2079 1263 2146 καλ
1287 2080 1446 2167 φέρονται
1466 2099 1499 2148 15

166 2188 226 2253 οὐκ
258 2188 369 2271 ὀλίγα,
402 2187 442 2252 οὐ
475 2190 540 2272 μήυ
572 2188 612 2252 τά
640 2189 747 2253 πάντα
774 2186 1094 2273 ὑπεμνηματισμένα.
1145 2187 1208 2254 είσλ
1236 2186 1273 2254 δὲ
1301 2198 1448 2273 παιᾶνες,

167 2297 386 2382 διθύραμβοι,
414 2295 591 2378 προσόδια,
619 2295 800 2382 παρθένια,
827 2298 868 2361 τά
895 2293 950 2360 καὶ
978 2295 1062 2361 αύτά
1087 2295 1360 2381 μυημουευθέυτα
1383 2297 1447 2383 πρὸ

165 2402 326 2489 βραχέων,
349 2402 576 2487 ὑπορχήματα,
599 2402 753 2488 ἐγκώμια,
776 2411 899 2490 θρῆνοι
918 2401 973 2468 καλ
992 2402 1157 2487 ἐπινίκιοι,
1180 2405 1262 2469 κατά
1281 2406 1342 2488 τήν
1361 2406 1448 2469 [στο-

165 2514 242 2595 ρίαν
269 2509 347 2575 ὡσεὶ
375 2514 644 2595 τετρακισχίλιοι,
672 2510 731 2588 οὓς
757 2510 813 2576 καὶ
841 2511 1009 2588 ε’πινίκους
1037 2511 1306 2595 τετρασυλλάβως
1333 2515 1448 2596 φασίν,

165 2621 200 2682 οἳ
221 2616 276 2683 καὶ
299 2618 512 2703 περιάγονται
537 2618 678 2701 μάλιστα
702 2619 758 2683 διά
782 2619 818 2684 τὸ
842 2618 1128 2704 ἀνθρωπικότεροι
1151 2613 1237 2684 εἶναι
1260 2617 1316 2683 καὶ
1338 2619 1447 2701 ὀλιγό-
1466 2635 1501 2686 νυ

165 2731 270 2810 μυθοι
298 2724 351 2790 καλ
380 2721 464 2810 μηδὲ
492 2725 581 2791 πάνυ
609 2728 697 2809 ἔχειν
724 2725 861 2809 ἀσαφῶς
888 2725 970 2789 κατά
999 2749 1034 2808 γε
1062 2727 1102 2790 τά
1129 2728 1221 2791 ἀλλα.
1272 2728 1303 2791 εί
1329 2722 1366 2790 δὲ
1393 2723 1449 2790 καὶ
1510 2729 1515 2736 '

164 2834 264 2918 ὕμνοι
292 2831 444 2916 λέγονται
471 2834 507 2897 οί
531 2833 641 2915 αὐτοί,
669 2833 749 2896 ἀλλο
778 2831 859 2896 αὐτὸ
885 2834 1120 2916 παραχρήσεως
1143 2827 1232 2909 εἶδος
1255 2831 1338 2916 ἐστί,
1367 2830 1445 2897 καθ’

165 2940 207 3023 ἣν
229 2937 283 3004 καὶ
307 2941 344 3004 τὸ
367 2938 546 3022 ὑμνεῖσθαι
571 2938 838 3022 ἀντιφραστικῶς
860 2960 925 3003 που
950 2937 1002 3003 ε’πλ
1026 2942 1134 3021 ψόγου
1158 2937 1266 3022 ε’τέθη,
1289 2939 1334 3015 ὡς
1353 2941 1451 3023 δηλοῖ

165 3045 219 3112 καὶ
243 3050 293 3112 τό·
313 3044 484 3131 ’Τμνεῖθ’
504 3044 566 3111 ὑπ’
588 3044 717 3110 ἀστῶν
741 3048 947 3130 φροιμίοις
969 3049 1247 3130 πολυρρόθοις.

254 3155 359 3237 δῆλον
385 3149 422 3218 δὲ
450 3153 495 3230 ὡς
521 3155 559 3218 αί
586 3152 741 3217 έπινίκιοι
769 3149 854 3240 ςόδαὶ
877 3161 936 3217 τοῦ
961 3153 1136 3238 Πινδάρου
1160 3151 1215 3217 καὶ
1239 3154 1325 3237 είδη,
1353 3177 1448 3219 τουτ-
1467 3172 1501 3221 τό

166 3260 256 3326 έστιυ
290 3258 388 3343 ἰδέαι,
421 3260 519 3344 χάριν
551 3263 749 3345 σεμνότητος
776 3260 1006 3344 ὀνομάζονται,
1040 3260 1120 3347 ὅπερ
1147 3258 1375 3347 ὑποκορισθὲυ
1403 3264 1450 3339 είς

166 3368 315 3434 είδύλλια
347 3366 513 3452 ἐπιγραφὴ
542 3366 657 3451 γέγονε
685 3380 755 3445 τοῖς
784 3370 965 3454 Θεοκρίτου
992 3370 1160 3452 ποιήμασι.
1211 3370 1385 3453 μελοποιὸς
1413 3366 1449 3434 δὲ

166 3476 214 3541 ὢν
242 3473 275 3550 ἐς
301 3475 338 3539 τὸ
366 3477 516 3540 καθόλου
544 3474 562 3540 ὁ
588 3476 759 3560 Πίνδαρος
786 3487 1033 3562 παρωνυμεῖται
1061 3477 1144 3561 πρὸς
1166 3474 1265 3562 μέρος
1287 3486 1449 3560 μουσικοῦ

166 3582 312 3668 όργάνου
339 3583 473 3669 λυρικὸς
496 3582 714 3667 καλούμενος,
742 3583 832 3648 καθά
854 3607 904 3659 τις
927 3581 1037 3669 ἕτερος
1060 3584 1251 3670 κιθαρῳδὸς
1274 3581 1328 3648 καλ
1352 3585 1451 3661 ἀλλος

168 3688 230 3755 ἀπὸ
258 3689 408 3773 ψύλτρου
439 3691 618 3778 ψαλτφδός.
666 3690 727 3754 οὐκ
755 3687 833 3768 ἑξ’
816 3690 960 3773 ανάγκης
988 3688 1028 3754 δέ
1049 3714 1083 3773 γε
1107 3691 1191 3774 πρὸς
1214 3691 1320 3775 λύραν
1343 3694 1449 3773 μόνην
1467 3708 1502 3759 30

168 3794 335 3908 έμελώδει,
364 3795 435 3861 ἀλλ’
462 3797 543 3863 αὐτὸ
571 3793 632 3882 μὲν
659 3796 793 3880 ἐπελέγη
821 3800 904 3882 πρός
930 3821 962 3861 τι
991 3796 1158 3897 ἐξαίρετον
1184 3798 1231 3873 είς
1258 3801 1376 3879 κλῆσιν
1403 3807 1449 3885 τῷ

167 3901 293 3989 ποιητῆ.
341 3905 535 3988 σεμνύνεται
564 3906 627 3989 γάρ
655 3908 791 3980 πολλοῖς
818 3901 872 3968 καὶ
899 3905 1116 3988 πολλαχῶς*
1099 3929 1119 3988 η
1148 3892 1241 3988 λύρα
1287 3903 1305 3969 ὁ
1335 3899 1370 3968 δὲ
1395 3864 1450 3968 κάλ

168 4009 290 4096 ἑτέροις
313 4011 505 4097 ὀργάνοις
493 4009 585 4076 ἀδωυ
609 4010 736 4096 ἐχρᾶτο,
762 4011 852 4075 καθά
871 4012 970 4094 δηλοῖ
985 4010 1040 4076 καὶ
1060 4012 1096 4077 τὸ
1116 4010 1450 4095 ἀναξιφόρμιγγες

167 4119 284 4204 ὕμνοι
308 4116 364 4183 καὶ
387 4115 467 4202 ἑξῆς.
509 4120 540 4182 εί
557 4115 589 4181 δ’
607 4123 687 4195 ῖσως
705 4117 827 4183 ταύτόν
846 4142 877 4182 τι
897 4118 1040 4203 φόρμιγξ
1059 4117 1114 4184 καί
1134 4120 1229 4204 λύρα,
1253 4116 1327 4182 οὐδ’
1345 4118 1450 4193 οὕτως

166 4226 256 4314 αὐτῷ
285 4228 390 4310 μόνον
412 4226 449 4290 τὸ
473 4233 530 4310 τῆς
553 4225 656 4310 λύρας
679 4235 787 4310 χρῆμα
810 4227 893 4312 πρὸς
916 4227 1005 4290 ἴδιόν
1027 4250 1059 4290 τι
1082 4225 1357 4309 ἀποκεκλήρωται.
1403 4225 1449 4302 ὡς
1468 4243 1501 4292 3⁶

167 4329 204 4397 δὲ
232 4334 317 4419 λύρα
345 4338 470 4418 είρηται
498 4332 518 4417 6
546 4332 635 4419 παρά
663 4334 700 4399 τὸ
729 4334 822 4399 λύειν
850 4332 946 4418 ἀρᾶς,
975 4323 1025 4409 οἷς
1047 4333 1131 4418 πρὸς
1154 4332 1280 4417 ἡδονήν
1303 4330 1449 4414 γλυκέως

168 4440 371 4527 ἀρμόττεται,
391 4439 411 4523 6
429 4441 517 4525 παρά
536 4443 573 4505 τὸ
592 4448 745 4524 μυθικῶς
763 4444 810 4518 είς
828 4442 950 4526 λύτρον
969 4441 1250 4523 καταλλακτήριον
1269 4439 1449 4526 εὑρεθῆναι

258 4675 281 4721 3.
306 4668 517 4738 σοφιστήνί.υ.
537 4668 702 4733 Isocratem
726 4670 761 4722 ef.
781 4669 853 4724 Plut.
875 4669 923 4723 vit..
939 4688 956 4722 x
975 4687 1013 4724 or.
1045 4674 1199 4722 ι838“-
1223 4676 1290 4737 8sq
1316 4668 1447 4722 O..v188

166 4762 208 4804 τις
222 4741 335 4796 οοάμ-
358 4746 398 4793 13.
414 4740 556 4829 Aristoph.
572 4740 645 4794 Nub.
661 4746 775 4794 334.-
795 4748 836 4796 18.
853 4738 977 4808 ἱστορίαν
992 4688 1067 4796 οοά.;
1060 4738 1276 4829 στιχομετρίαν
1290 4756 1358 4794 corr.
1375 4739 1447 4807 Birt,

168 4813 203 4869 cs.
227 4830 312 4882 supra
335 4811 444 4882 1›.XV;
469 4811 538 4881 μετὰ
561 4821 617 4867 τῶν
640 4811 768 4880 ἱστοριῶν
791 4811 862 4866 coni.
885 4811 1055 4867 Vitelli-
1086 4820 1128 4867 2⁴2.
1154 4810 1214 4866 ἀλλ’
1236 4812 1305 4866 αὐτὸ
1329 4811 1390 4866 cod.
1416 4841 1448 4853 —

168 4891 210 4939 24.
230 4884 328 4938 Aesch.
344 4885 419 4954 Sept.
436 4892 513 4938 6.-
532 4890 575 4937 33.
596 4884 702 4938 O.111
