3442 5550
301 409 348 463 cii
653 431 655 434 ·
801 412 1078 465 PROLEGOMENA.

297 569 334 637 di
357 574 531 656 Μυρτίδος
558 576 727 655 γυναικός·
756 574 901 655 γεγονώς
928 575 1009 638 κατά
1031 575 1093 657 τήν
1116 572 1161 650 ξε’
1180 572 1383 656 ὀλυμπιάδα,
1410 573 1492 637 κατὰ
1514 574 1575 655 τήν

298 678 422 763 Ξέρξου
453 684 627 765 στρατείαν
659 681 707 745 ὢν
739 678 821 744 ἐτῶν
853 678 898 765 μ’.
944 679 999 744 καὶ
1027 680 1170 764 ἀδελφὸς
1197 677 1257 762 μὲν
1284 675 1327 762 ήν
1353 680 1442 767 αὐτῷ
1471 681 1575 763 όνομα

295 785 460 870 Ἐρωτίων
477 786 532 851 καὶ
551 789 625 863 υίὸς
639 791 842 869 Δαΐφαντος,
861 786 1043 872 θυγατέρες
1064 783 1100 850 δὲ
1119 788 1266 870 Εὔμητις
1283 785 1339 851 καὶ
1359 787 1576 872 Πρωτομάχη.

297 892 351 958 καὶ
383 893 505 977 συνέβη
536 894 624 980 αὐτῷ
654 903 714 958 τοῦ
741 896 819 976 βίον
847 896 979 978 τελευτή
1008 892 1079 959 κατ’
1106 894 1214 977 εὐχάς·
1247 895 1418 976 αἰτήσαντι
1446 895 1509 979 γάρ
1538 893 1575 957 τὸ

263 1001 473 1065 οκάλλιστον
500 999 589 1088 αὑτῷ
620 1001 758 1083 δοδήναι
786 1011 854 1065 τῶν
880 1000 984 1088 ἐντῷ
1008 1004 1086 1088 βίῳ,
1114 1001 1242 1085 άθρόον
1265 1001 1368 1067 αὐτὸν
1391 1001 1576 1066 ἀποθανεῖν

298 1106 334 1172 έν
361 1107 492 1194 θεάτρῳ
521 1106 777 1192 άνακεκλιμένον
800 1110 847 1184 είς
870 1109 910 1172 τά
933 1117 993 1173 τοῦ
1017 1107 1183 1193 ἐρωμένου
1209 1107 1370 1187 Θεοξένου
1393 1108 1496 1173 αὐτοῦ
1520 1110 1575 1190 γό-

296 1238 395 1298 νατα,
423 1214 505 1281 ἐτῶν
527 1213 587 1280 νε’.
633 1218 754 1298 ἔγραψε
778 1211 815 1279 δέ
838 1213 874 1279 έν
897 1217 1039 1298 βιβλίοις
1062 1213 1104 1293 ιζ’
1123 1216 1253 1300 Δωρίδι
1277 1214 1436 1302 διαλέκτῳ
1459 1224 1575 1279 ταῦτα·

295 1321 554 1407 Ὀλυμπιονίκας,
578 1324 803 1404 Πυθιονίκας,
826 1323 1000 1406 προσόδια,
1023 1321 1198 1407 παρθένια,
1222 1321 1474 1406 ένθρονισμούς,
1497 1324 1576 1405 βακ-

297 1430 387 1513 χικά,
424 1429 675 1514 δαφνηφορικά,
711 1439 867 1511 παιᾶνας,
900 1429 1129 1514 ὑπορχήματα,
1161 1429 1303 1513 ὕμνους,
1335 1429 1576 1512 διθυράμβους,

248 1555 279 1599 10
299 1539 425 1620 σκόλια,
447 1535 600 1621 ἐγκώμια,
618 1537 779 1620 θρήνους,
798 1536 947 1621 δράματα
967 1537 1104 1621 τραγικά
1124 1535 1207 1620 Ml,
1226 1535 1452 1620 ἐπιγράμματα
1472 1534 1576 1618 έπικά,

295 1641 350 1707 καὶ
373 1644 603 1727 καταλογάδην
625 1642 835 1730 παραινέσεις
858 1656 927 1720 τοῖς
942 1642 1078 1726 Ἕλλησι
1102 1641 1156 1709 καὶ
1179 1645 1262 1708 άλλα
1285 1648 1429 1708 πλεῖστα.

385 1752 436 1816 ὅτι
463 1751 522 1827 τάς
547 1752 658 1834 Θήβας
685 1752 746 1834 τήν
773 1754 872 1817 πόλιν
893 1749 1109 1835 Ἀλέξανδρόν
1136 1768 1241 1835 φασιν
1264 1752 1310 1825 είς
1333 1751 1457 1834 ἔδαφος
1479 1773 1576 1815 κατα-

296 1858 419 1934 σκάψαι
446 1855 501 1922 καὶ
528 1859 614 1940 πλήν
643 1856 758 1941 ἱερέων
784 1855 896 1922 τεκαὶ
920 1859 1049 1941 ἱερειῶν
1072 1860 1150 1934 τοὺς
1173 1858 1295 1932 ἄλλους
1318 1855 1574 1940 ἀνδραποδίσαι·

296 1963 350 2030 καὶ
378 1967 439 2048 τὴν
463 1963 638 2048 Πινδάρου
667 1961 702 2029 δὲ
730 1973 790 2028 τοῦ
818 1973 957 2047 ποιητοῦ
986 1967 1095 2029 οἰκίαν
1122 1962 1176 2028 καὶ
1205 1966 1283 2039 τοὺς
1307 1962 1493 2045 ἀπογόνους
1516 1971 1576 2027 τοῦ

245 2089 277 2136 15
298 2072 472 2157 Πινδάρου
506 2070 661 2152 λέγουσιν
689 2072 739 2136 ὅτι
767 2071 908 2146 ἀπαθεῖς
936 2070 1097 2156 ἐφύλαξεν
1125 2071 1217 2135 αι’δοῖ
1241 2079 1281 2155 τή
1309 2068 1501 2153 Πινδάρου,
1532 2069 1578 2144 ὥς

298 2196 402 2263 φησιν
423 2176 595 2262 Ἀρριανὸς
617 2179 635 2244 ὁ
660 2180 825 2265 ἱστορικὸς
847 2178 884 2243 έν
907 2188 945 2263 τῇ
970 2178 1127 2262 ἀναβάσει
1149 2176 1366 2262 Ἀλεξάνδρου
1390 2175 1417 2260 [1
1435 2175 1481 2260 11].

388 2287 558 2370 Πίνδαρος
581 2290 789 2367 Σκοπελίνου
811 2289 966 2370 Θηβαῖος,
989 2284 1043 2351 καὶ
1067 2287 1167 2361 αὐτὸς
1189 2287 1333 2368 λυρικός,
1357 2282 1493 2361 άυεφιὸς
1516 2291 1577 2347 τοῦ

296 2392 468 2479 προτέρου.

922 2658 943 2712 F

793 2784 884 2851 Fasti
906 2784 1078 2852 Pindarici.

299 2932 364 2996 522
384 2955 410 2995 a.
426 2928 510 3016 Chr,
534 2929 582 2994 Ol.
598 2931 685 3015 64,3
709 2928 885 2994 Pindarum
909 2934 1023 2995 natum
1045 2953 1115 2994 esse
1134 2929 1318 2994 Boeolrhius
1337 2947 1362 2991 11
1382 2931 1411 3007 2,
1434 2931 1474 2994 13
1493 2949 1578 2993 oom-

386 3038 537 3122 probavit
568 3060 608 3102 ex
640 3059 692 3119 eo,
725 3037 811 3122 quod
838 3035 979 3102 Persicis
1011 3042 1108 3121 poeta
1140 3035 1425 3121 quadragesimum
1457 3057 1576 3099 annum

386 3145 503 3209 aetatis
532 3145 637 3231 egisse
661 3167 680 3208 a
704 3141 804 3208 Suida
827 3143 982 3229 traditur;
1010 3144 1108 3209 tertio
1133 3148 1241 3207 autem
1266 3165 1350 3206 anno
1374 3140 1578 3226 Olympiadis

387 3275 421 3315 se
444 3257 557 3317 natum
579 3255 678 3336 poeta
701 3251 770 3335 ipse
794 3251 874 3315 dicit
896 3252 934 3315 fr.
958 3253 1029 3317 193.

298 3361 362 3425 518
382 3383 408 3424 a
425 3357 510 3442 Chr,
533 3359 684 3444 01.65,3
707 3359 789 3422 κατὰ
811 3357 1011 3443 Ὀλυμπιάδα
1035 3355 1081 3435 ξε’
1100 3363 1214 3422 natum
1233 3356 1409 3422 Pindarum
1427 3356 1578 3440 perhibet

388 3463 517 3548 Suidas,
546 3465 631 3550 quod
659 3487 732 3530 cum
761 3465 816 3529 alii
841 3472 910 3530 tum
934 3464 1221 3549 Wilamowitzius,
1248 3463 1350 3528 Arist.
1370 3488 1400 3528 u.
1423 3462 1534 3528 Athen
1552 3481 1577 3527 11

387 3573 466 3656 302,
494 3572 717 3657 comprobant.
763 3572 836 3659 Ego
861 3595 1001 3637 errorem
1026 3570 1144 3637 Suidae
1168 3595 1206 3636 ex
1229 3571 1313 3636 falsa
1336 3570 1578 3655 computatione

387 3679 599 3763 grammatici,
623 3678 677 3762 qui
696 3678 854 3764 Pythiade
880 3681 919 3744 17
944 3684 1075 3764 poetam
1099 3685 1212 3743 natum
1236 3702 1305 3743 esse
1329 3679 1364 3742 in
1383 3678 1516 3743 scholiis
1536 3677 1577 3742 ad

386 3786 424 3850 fr.
447 3787 509 3851 193
532 3786 724 3850 adnotatum
746 3786 920 3871 invenerit,
943 3787 1125 3870 profectum
1148 3809 1218 3851 esse
1242 3786 1399 3870 suspicor.

298 3894 363 3958 502
382 3890 511 3979 (498)¹)
531 3916 558 3956 a.
574 3891 658 3977 Chr,
681 3893 775 3978 Pyth.
791 3896 833 3959 22
857 3894 1012 3978 Hippoeli
1035 3894 1191 3958 Thessalo
1215 3892 1323 3957 diaulo
1348 3892 1464 3956 victori
1489 3892 1580 3957 misit

387 3999 421 4063 P.
441 4017 473 4063 n.

298 4109 363 4172 494
383 4104 478 4194 (lac)
498 4129 524 4169 a.
540 4105 625 4191 (ihr,
646 4105 742 4190 Pyth.
757 4108 800 4173 24
822 4106 1028 4191 Thrasybulo
1046 4106 1265 4193 Agrigentino
1284 4106 1456 4171 victoriam
1475 4105 1580 4171 Xeno

388 4214 486 4279 oratis
510 4213 646 4298 Delphis
669 4219 798 4298 partam
822 4215 1006 4301 gratulatur
1030 4213 1064 4277 P.
1084 4232 1129 4277 vr.

388 4415 412 4460 3.
433 4404 593 4476 Διόφαντος
611 4407 691 4461 codd.
714 4440 745 4448 -
766 4414 789 4462 7.
810 4409 853 4462 γε’
870 4409 960 4475 codd,
979 4407 1011 4459 τ’
1028 4406 1066 4460 δλ.
1086 4406 1134 4460 κε’
1151 4406 1222 4461 ocni.
1237 4406 1442 4473 Wilamowita‚
1460 4406 1577 4461 Aristot.

300 4496 325 4532 u.
341 4480 441 4533 Athen.
456 4498 476 4531 11
491 4483 556 4546 3023
575 4499 592 4532 ν
611 4496 644 4531 ox
663 4479 854 4548 duplicatione
874 4483 974 4545 ortum,
994 4481 1017 4532 E
1037 4495 1070 4531 ex
1087 4481 1112 4530 Γ
1129 4478 1313 4548 depravatum
1333 4495 1394 4533 ease
1410 4478 1529 4534 videtur.
1546 4509 1577 4518 -

299 4555 412 4694 gerpcpt
434 4552 613 4612 Πυθιονίκας
636 4551 700 4604 add.
720 4551 839 4605 Kuestar
859 4548 1034 4621 Νεμεονίκας
1056 4551 1103 4603 καὶ
1125 4548 1321 4620 Ἰσθμιονίκας.
1344 4583 1375 4590 -
1398 4556 1437 4603 10.
1459 4551 1495 4616 ιζ’
1512 4549 1577 4605 secl.

390 4807 415 4870 1)
444 4800 510 4855 anni
540 4800 648 4854 uncinis
672 4801 773 4855 inclusi
798 4805 863 4855 sunt
886 4800 1104 4870 computationis
1129 4799 1306 4870 Bergkianae
1330 4800 1513 4869 Pythiadum‚
1542 4798 1576 4852 da

301 4872 403 4938 quibua
423 4874 486 4927 vide
505 4892 531 4943 p.
546 4872 692 4927 LXXXVI.
