3442 5550
770 431 899 480 PYTHIA
918 432 952 482 ΙΙ.

278 590 375 675 μέλος
398 588 480 676 ὑπὲρ
503 597 620 667 πολιᾶς
643 592 721 668 ἁλὸς
735 634 748 640 -
765 590 934 676 πέμπεται·

280 700 316 763 τὸ
340 702 559 784 Καστόρει-ον
583 697 617 763 δ’
644 698 680 763 ἐν
703 701 895 764 Αἰολίδεσσι
920 702 1070 787 χορ-δαῖς
1092 705 1204 766 θέλων

229 823 262 869 ῖο
281 807 433 892 ἄθρησον
455 807 553 893 χάριν
577 804 630 871 ἔτι·
655 808 822 871 τακτύπου

280 917 464 998 φόρμιγγος
487 913 673 999 ἀντόμενος.

280 1019 378 1102 γένοι’
407 1013 476 1097 οἷος
500 1019 569 1085 ε’σσὶ
593 1022 721 1106 μαθών.
767 1024 866 1099 καλός
889 1045 939 1086 τοι

321 1132 435 1193 πίθων
457 1129 545 1214 παρὰ
568 1132 698 1211 παισίν,
720 1127 784 1193 αἰεὶ

278 1346 384 1419 καλός.
431 1342 448 1408 ὁ
473 1339 509 1406 δὲ
528 1340 758 1427 Ῥαδάμανθυς
781 1339 818 1408 εὖ
841 1342 1021 1430 πέπραγεν,
1045 1344 1095 1407 ὅτι
1119 1355 1253 1430 φρενῶν
1299 1349 1379 1429 Στρ.
1403 1344 1445 1409 δ’.

278 1453 370 1533 ε’λαχε
393 1451 521 1535 καρπὸν
544 1449 631 1535 ἀμώ-

320 1582 438 1642 μητον,
462 1556 535 1622 οὐδ’
561 1556 715 1622 ἀπάταισι
738 1559 852 1642 θυμὸν
1448 1579 1498 1625 135

321 1664 471 1749 τέρπεται
495 1664 651 1739 ἔνδοθεν,

225 1789 256 1835 75
277 1764 330 1835 οἷα
354 1772 511 1856 ψιθύρων
533 1773 698 1856 παλάμαις
720 1770 806 1836 ἕπετ’
832 1770 912 1837 ccl-sl
935 1775 1073 1856 βροτῶν.

277 1881 403 1962 ἄμαχον
425 1880 527 1943 κακὸν
551 1878 750 1964 ἀμφοτέροις
772 1880 947 1963 διαβολιᾶν
968 1878 1164 1963 ὑποφάτιες,
1447 1899 1497 1945 llo

294 2116 335 2162 ba.
350 2107 488 2177 πέμπεται
502 2109 533 2162 τό
549 2106 727 2176 Καστόρειον,
748 2110 799 2162 σὺν
813 2107 841 2162 δ’
859 2109 930 2162 Alos,
950 2108 1080 2178 Hartung
1095 2140 1128 2149 -
1144 2114 1186 2162 69,
1201 2107 1294 2163 θέλων
1308 2109 1402 2164 codd:
1428 2108 1497 2163 ἐνὼν

221 2178 346 2244 Rom-hh,
366 2180 441 2247 quod
455 2180 634 2305 paraphrasis
654 2179 768 2234 exhibet
789 2212 821 2219 -
843 2186 883 2233 71.
899 2181 1058 2249 ἀνιώμενος
1071 2180 1101 2233 D
1116 2212 1148 2219 -
1166 2186 1206 2234 7-2.
1222 2179 1309 2249 γένοι’
1327 2176 1385 2243 οἷος
1399 2180 1496 2235 Tricl:

222 2248 297 2320 μένοι
317 2249 345 2304 δ’
367 2247 424 2313 οἶος
443 2253 483 2318 B,
503 2273 518 2320 γ
536 2272 596 2306 νοιο
616 2249 643 2305 δ’
665 2248 723 2313 οἷος
739 2251 801 2319 CD,
820 2260 903 2320 γενοῦ
923 2250 951 2304 δ’
971 2248 1028 2314 οἷος
1047 2250 1207 2320 hlingarelli
1226 2283 1259 2291 -
1281 2257 1322 2306 74.
1341 2251 1497 2321 ἀμωμήτοιν

222 2322 292 2376 coni.
312 2322 414 2375 Jacobs
434 2355 466 2362 -
487 2329 527 2376 75.
555 2326 643 2395 βροτώ
663 2322 733 2376 coni.
753 2322 892 2376 Heindorf
914 2355 949 2362 —
976 2329 1016 2377 76.
1044 2324 1192 2447 διαβολιᾶν
1218 2323 1311 2378 codd:
1338 2325 1497 2395 διαιβολιᾶν

222 2393 313 2462 Bergk
338 2426 371 2433 -
397 2393 550 2461 ὑποφάτιες
573 2380 683 2449 aco:
710 2393 884 2463 οωφιιιιιις
908 2393 1021 2447 aoecan
1040 2411 1090 2464 pro
1112 2393 1239 2463 ιωιιιιι,
1268 2394 1443 2463 erotema
1463 2411 1496 2449 ex

222 2463 336 2520 scholiis
355 2465 426 2519 coni.
441 2466 531 2520 Bothe
551 2499 583 2505 —

220 2608 260 2662 cis
279 2607 346 2662 nasi
365 2607 493 2675 missum,
519 2608 550 2661 τὸ
578 2607 747 2676 Καστόρειον
773 2627 810 2664 sc.
830 2608 910 2679 μέλος
928 2625 1041 2663 carmen
1059 2608 1345 2678 hyporchematicum
1364 2608 1401 2662 ad
1420 2609 1495 2678 quod

220 2681 320 2735 chorus
343 2679 524 2750 tripudiaret,
549 2698 566 2734 a
590 2679 704 2735 Castore
727 2682 837 2736 Lacone
856 2680 1067 2735 denominatum
1086 2680 1131 2747 (cf.
1150 2681 1171 2735 1.
1190 2700 1200 2732 1
1221 2685 1267 2750 ιο),
1292 2680 1322 2735 ἐν
1342 2681 1495 2736 Αἰολίδεσσι

221 2754 336 2821 χορδαῖς
345 2768 456 2806 carmen
467 2750 589 2805 Aeolicis
599 2753 690 2807 modis
704 2752 1061 2823 cantandum(cf.0.11os).
1084 2752 1155 2806 Hinc
1165 2751 1285 2823 profecti
1300 2752 1355 2805 duo
1371 2752 1495 2807 carmina

220 2823 372 2877 Pindarum
394 2823 504 2877 misisse
527 2826 634 2878 veteres
657 2824 835 2894 grammatici
858 2827 887 2878 ct
909 2824 1084 2879 Hermannus
1103 2841 1196 2894 opusc.
1212 2843 1249 2877 vn
1270 2839 1307 2877 raa
1326 2826 1493 2893 statuenmt,

219 2894 272 2947 hoc
290 2911 402 2948 carmen
421 2894 573 2965 epinicium
592 2896 717 2950 mercede
737 2897 917 2965 conductum,
941 2896 1061 2949 alterum
1079 2894 1355 2965 hyporchematicum
1374 2911 1392 2948 a
1409 2899 1495 2965 poeta

271 2965 308 3020 tis
328 2965 431 3036 (χάριν)
450 2966 593 3032 additum,
616 2968 694 3021 cuius
717 2968 830 3021 initium
853 2967 940 3021 fuisse
964 2967 1061 3021 dicunt
1087 2967 1167 3029 σόνες
1185 2966 1200 3019 ό
1219 2986 1262 3019 τοι
1281 2964 1363 3035 λέγω,
1383 2966 1494 3030 ζαθέων

245 3046 302 3105 ρῶν
321 3038 447 3161 ὁμώνυμε
466 3036 554 3106 πάτερ
574 3039 616 3107 (fr.
638 3043 693 3111 mo).
731 3040 769 3092 At
788 3038 839 3092 hoc
859 3043 984 3092 nostrum
1003 3054 1116 3092 carmen
1134 3041 1192 3090 tam
1212 3036 1363 3091 artificiose
1382 3041 1412 3091 et
1430 3037 1493 3091 dili-

219 3113 317 3178 genter
343 3111 437 3162 actum
456 3115 507 3175 est,
527 3112 557 3163 nt
577 3109 790 3180 adlegandum,
810 3127 865 3162 non
885 3109 922 3162 ad
940 3109 1112 3163 cantandum
1130 3112 1160 3162 et
1178 3107 1339 3161 saltandum
1357 3107 1387 3161 id
1407 3109 1493 3163 desti-

219 3184 317 3234 natum
331 3181 418 3235 fnisse
431 3181 513 3250 plane
529 3180 714 3252 improbabile
725 3182 768 3235 sit.
788 3180 896 3235 Deinde
906 3179 1013 3233 numeri
1023 3183 1052 3234 ct
1066 3179 1156 3234 oratio
1170 3179 1253 3232 huius
1268 3179 1399 3233 carminis
1408 3179 1493 3249 plane

220 3251 326 3307 Aeolici
346 3257 411 3305 suot.
429 3252 474 3321 (cf.
490 3252 600 3307 ἀυάταν
617 3272 641 3306 τ.
658 3269 683 3306 -ιο
697 3257 726 3306 et
745 3250 774 3306 ἐν
794 3269 816 3307 c.
832 3269 889 3306 acc.
905 3270 948 3306 vr.
966 3269 987 3306 ιι
1004 3254 1033 3305 et
1046 3257 1091 3318 ιι),
1110 3255 1142 3305 ut
1156 3250 1301 3305 Aeolicum
1315 3250 1367 3306 hoc
1381 3268 1493 3306 carmen

219 3323 341 3378 Aeolicis
351 3323 453 3377 fidibus
465 3324 510 3377 vix
521 3324 623 3394 opponi
637 3323 768 3393 potuerit.
788 3323 914 3392 Denique
928 3323 1118 3393 hyporchema
1131 3322 1211 3389 illud,
1225 3322 1301 3391 quod
1315 3323 1492 3392 grammatici

219 3394 338 3449 afferunt
353 3395 395 3464 (fr.
413 3400 470 3463 ιοτ),
489 3413 553 3447 cum
566 3395 714 3449 Hieronem
735 3395 811 3449 urbis
826 3398 934 3449 Aetnae
949 3395 1120 3449 conditorem
1140 3392 1273 3464 appellet,
1288 3410 1306 3447 a
1320 3388 1521 3465 temporibus*
1575 3420 1578 3427 ·

219 3465 302 3518 huius
321 3465 454 3519 carminis
479 3466 602 3520 alienum
621 3471 671 3521 est.
710 3465 771 3532 Qua
788 3467 824 3521 dc
844 3484 930 3520 causa
948 3484 1011 3521 cum
1029 3465 1172 3519 Boechhio
1191 3465 1282 3535 magis
1301 3465 1330 3518 in
1349 3482 1411 3520 eam
1431 3483 1491 3521 sen-

218 3535 338 3590 tentiam
363 3536 482 3605 inclino,
508 3541 540 3590 ut
565 3555 619 3591 non
646 3538 701 3592 duo
727 3539 864 3607 carmina,
892 3538 940 3591 sed
967 3537 1092 3591 eiusdem
1117 3536 1200 3591 huius
1219 3536 1351 3591 carminis
1370 3537 1456 3591 verba
1474 3555 1492 3592 a

220 3608 340 3662 Pindaro
359 3609 437 3663 facta
455 3619 484 3663 et
502 3609 682 3664 saltationem
703 3610 816 3665 Hieroni
837 3609 939 3663 fidibus
959 3608 1097 3662 accinenti
1117 3607 1320 3663 instituendam
1339 3608 1491 3677 significari

218 3678 326 3734 ducam.
347 3679 452 3744 Quodsi
463 3681 504 3734 ita
514 3684 564 3747 cst,
576 3681 658 3751 χάριν
668 3685 787 3751 apparet
796 3698 851 3734 non
862 3679 1067 3750 appositionem
1077 3696 1137 3733 csse
1147 3679 1267 3734 nominis
1278 3680 1309 3733 τδ
1320 3678 1492 3748 Καστόρειον

219 3768 308 3820 neque
333 3768 445 3806 carmcn
498 3752 552 3807 atis
571 3753 686 3806 missum
711 3753 878 3821 significare,
902 3751 949 3805 sed
973 3769 1037 3804 cum
1060 3752 1213 3821 ἀντόμενος
1231 3751 1267 3804 ad
1287 3768 1413 3805 normam
1431 3769 1490 3804 vcr-

222 3823 319 3876 bornm
338 3823 423 3876 cundi
442 3827 486 3891 (c.
503 3829 617 3891 (λιιι)
637 3825 862 3895 coniungendam
881 3840 941 3877 esse
965 3823 1038 3876 hanc
1056 3822 1085 3876 in
1105 3821 1285 3877 sententiam:
1310 3821 1490 3877 saltationem

219 3892 380 3948 Castoream
399 3894 520 3949 Aeolicis
543 3896 646 3950 fidibus
670 3896 775 3950 factam
799 3899 908 3966 specta,
928 3900 1039 3965 gratam
1058 3893 1279 3964 heptachordum
1297 3894 1491 3964 phormingcm

219 3966 400 4035 prehendens.
420 3999 454 4006 -
475 3973 515 4020 λι),
535 3967 622 4035 ys'vor'
645 3965 702 4031 οἶος
721 3968 776 4022 ἐσσὶ
797 3969 911 4037 μαθών·
931 3972 1044 4036 praesta
1060 3970 1088 4021 te
1107 3966 1202 4032 talem,
1222 3965 1333 4033 qualem
1353 3982 1371 4019 a
1389 3970 1491 4020 natura

218 4042 245 4090 te
264 4037 369 4091 fuctum
389 4055 449 4092 esse
469 4039 643 4107 cognoverim
668 4040 787 4109 primum
810 4039 900 4110 igitur
922 4039 1046 4092 omnium
1069 4056 1148 4105 cura,
1168 4037 1243 4106 quod
1266 4036 1404 4107 Delphica
1429 4054 1489 4092 sen·

219 4109 310 4163 tentia
329 4114 419 4178 γνῶθι
439 4108 556 4163 σεαυτόν
575 4111 720 4181 praecipit,
740 4118 771 4164 ut
790 4114 817 4164 tc
832 4111 924 4181 ipsum
939 4126 1100 4179 cognoscas,
1118 4127 1152 4163 ne
1172 4108 1310 4177 quidquid
1330 4107 1490 4163 adulatores

216 4180 251 4234 de
277 4184 305 4234 te
330 4181 442 4249 tuisque
469 4182 651 4235 facultatibus
677 4182 855 4251 praedicant,
880 4181 1011 4234 credulus
1037 4180 1137 4234 audias
1163 4213 1193 4220 -
1218 4178 1302 4243 καλός
1320 4200 1363 4234 τοι
1381 4181 1488 4234 πεδίον·

216 4251 331 4321 respicit
345 4251 467 4305 Galenus
483 4253 517 4306 de
531 4271 581 4306 usu
602 4256 672 4322 part.
689 4274 697 4306 1
712 4270 750 4308 aa:
770 4251 854 4315 καλός
871 4272 913 4306 τοι
933 4251 1055 4320 πίθηκος
1073 4251 1151 4319 παρὰ
1169 4253 1267 4306 παιολν
1286 4249 1351 4320 atel,
1366 4249 1435 4321 φησί
1449 4272 1491 4315 τις

216 4331 271 4377 τῶν
293 4327 433 4386 παλαιῶν,
458 4324 675 4394 ἀναμιμνήσκων
699 4325 771 4391 ἡμᾶς
794 4323 829 4386 ῶς
849 4323 922 4377 ἐστιν
942 4324 1058 4392 ἄθυρμα
1077 4328 1186 4392 γελοῖον
1203 4322 1361 4388 παιζόντων
1378 4326 1490 4378 παίδων

217 4403 297 4448 τοῦτο
324 4395 356 4449 τὸ
384 4398 460 4466 ζῷον.
508 4396 548 4449 De
575 4400 736 4465 contemptu
770 4395 867 4449 sinriac
896 4396 967 4448 cons.
991 4394 1132 4465 Aristoph.
1156 4395 1226 4448 Rau.
1253 4412 1304 4449 rosa
1336 4393 1489 4466 βωμολόγοι

216 4463 408 4535 δημοπλθηιιοι
422 4499 456 4505 --
471 4465 554 4529 καλός
569 4512 574 4521 .
587 4511 608 4522 ..
626 4467 720 4531 καλός·
742 4467 845 4521 iterata
859 4467 911 4519 hac
926 4466 1129 4521 acclamatione
1145 4465 1239 4520 lusum
1252 4483 1401 4535 puerorum
1415 4466 1489 4520 ludit

216 4536 303 4591 stulte
330 4541 441 4607 turpem
466 4539 586 4592 bestiam
613 4539 827 4593 blandientium.
866 4538 1000 4593 Similiter
1026 4537 1258 4592 acclamationem
1285 4535 1380 4604 καλός,
1406 4537 1489 4599 καλός

215 4608 321 4663 iterant
338 4608 501 4663 Theocritus
521 4630 568 4663 vm
588 4628 621 4671 ιιι,
649 4611 718 4665 Bion
738 4631 747 4663 1
767 4629 800 4678 τι,
829 4609 1018 4663 Callimachus
1038 4609 1125 4679 epigr.
1140 4627 1166 4664 so
1185 4642 1219 4649 -
1240 4615 1280 4662 73.
1309 4607 1487 4661 Rhadaman-

216 4685 288 4747 tnm,
312 4679 361 4748 qni
384 4681 458 4749 quod
484 4699 580 4735 severo
599 4682 704 4736 iudicio
723 4683 818 4737 omnia
837 4682 977 4752 expendat
994 4698 1102 4734 summo
1121 4681 1224 4735 honore
1243 4681 1353 4747 floreat,
1374 4679 1487 4733 Hieroni

215 4751 252 4804 ad
271 4751 468 4805 aemulandum
487 4754 619 4823 proponit
638 4787 670 4794 —
691 4760 731 4808 76.
757 4751 937 4822 ιῖχιιφοτέροιςΙ
962 4751 1061 4807 schol:
1086 4754 1133 4806 καλ
1155 4758 1193 4806 τῶ
1213 4750 1421 4823 διαβαλλομένῳ
1440 4752 1487 4804 καλ

216 4827 253 4895 τῷ
271 4823 342 4889 πρὸς
361 4821 394 4876 ὃν
411 4825 609 4896 διαβάλλουσιν
628 4858 660 4864 -
681 4828 836 4898 διαβολιᾶν,
855 4824 992 4893 producta
1011 4823 1102 4878 vocali
1121 4810 1199 4877 finali
1218 4821 1433 4892 praepositionis
1451 4823 1487 4875 ad

216 4910 381 4948 concursum
395 4893 520 4949 brevium
536 4896 708 4964 syllabarum
722 4898 878 4965 vitandum,
894 4900 926 4950 ut
939 4896 1062 4966 Theogn.
1073 4911 1111 4950 aar
1127 4893 1254 4966 διαβολίῃ
1270 4926 1302 4933 --
1318 4893 1486 4963 ὑποφάτιες·
