3442 5550
745 1299 913 1354 ΙΣΘΜΙΟΝ.
933 1298 976 1354 Β’.

347 1463 797 1547 ΞΕΝΟΚΡΑΤΕΙ
843 1463 1373 1546 ΑΚΡΑΓΑΝΤΙΝῼ,

787 1659 928 1712 ΑΡΜΑΤΙ.

737 3319 979 3401 Argumentum.

306 3448 390 3507 Inter
417 3449 545 3524 epinicia
572 3449 627 3507 hoc
655 3468 773 3508 carmen
797 3467 816 3507 a
838 3448 1043 3527 grammaticis
1071 3448 1199 3508 relatum
1223 3453 1282 3526 est,
1310 3467 1494 3526 quamquem

217 3541 254 3596 ut
272 3538 447 3597 memoriam
465 3538 640 3597 Xenocratis
658 3538 722 3597 vita
741 3539 801 3596 iam
820 3537 953 3596 defuncti
973 3537 1164 3597 resuscitaret
1183 3539 1297 3598 lectum
1316 3543 1369 3598 est.
1407 3538 1493 3609 Quod

217 3630 321 3686 autem
344 3628 423 3685 inter
446 3627 549 3685 laudes
570 3627 745 3685 Xenocratis
767 3627 910 3686 victorias
933 3627 963 3684 in
987 3627 1067 3684 ludis
1090 3627 1181 3686 sacris
1205 3632 1373 3703 reportatas
1396 3627 1492 3703 primo

217 3716 283 3776 loeo
306 3722 397 3792 poeta
415 3717 524 3793 posuit,
544 3716 573 3773 id
593 3720 742 3792 quantum
760 3715 806 3773 his
826 3716 1039 3775 certaminibus
1058 3716 1180 3775 ludicris
1199 3716 1305 3776 Graeci
1324 3717 1493 3794 tribuerint,

216 3806 387 3865 luculenter
404 3805 597 3865 demonstrat.
635 3805 718 3864 Inter
736 3804 878 3864 lsthmica
896 3825 967 3864 vero
991 3805 1120 3881 epinicia
1142 3808 1330 3883 grammatici
1353 3807 1409 3866 hoc
1429 3826 1492 3865 car-

216 3915 285 3954 men
309 3896 546 3971 collocaverunt,
575 3895 655 3972 quod
679 3895 757 3953 inter
779 3894 920 3952 victorias
943 3895 1119 3954 Xenocratis
1142 3896 1238 3970 primo
1261 3897 1327 3955 loco
1351 3896 1493 3954 lsthmica

218 3978 580 4066 illustrataest(v‚13);
604 3987 759 4060 practerea
782 3983 927 4059 suspicari
955 3983 1040 4044 nobis
1063 3983 1134 4043 licet
1156 3985 1297 4044 redeunte
1322 4004 1408 4060 anno,
1432 4003 1492 4060 quo

218 4073 362 4133 Isthmica
384 4074 510 4134 victoria
534 4079 622 4150 parta
645 4078 718 4150 erat,
742 4073 797 4132 hoc
820 4091 939 4132 carmen
961 4077 996 4131 ut
1014 4077 1172 4132 caneretur
1189 4073 1372 4132 destinatum
1391 4074 1492 4132 fuisse.

217 4162 354 4239 Denique
378 4164 501 4222 missum
525 4183 543 4221 a
566 4163 696 4222 Pindaro
719 4163 774 4222 hoc
798 4181 916 4222 carmen
940 4168 985 4221 est
1004 4162 1201 4240 Thrasybulo,
1224 4163 1399 4222 Xenocratis
1421 4162 1492 4239 filio,

218 4252 267 4311 cui
294 4257 385 4329 poeta
412 4253 474 4311 iam
501 4258 590 4311 antea
618 4272 734 4312 carmen
760 4252 791 4311 P.
811 4270 842 4310 sn
866 4252 1025 4327 scripserat
1053 4256 1084 4311 et
1112 4253 1164 4327 qni
1192 4252 1287 4327 patris
1309 4251 1492 4328 memoriam,

218 4361 280 4417 qua
302 4346 368 4401 erat
389 4343 502 4418 pietate
526 4335 568 4421 (s.
587 4343 619 4399 P.
639 4361 669 4400 vr
691 4354 722 4400 rs
738 4335 799 4418 ss),
822 4360 1009 4417 summopere
1033 4341 1157 4400 colebat.
1195 4340 1260 4411 Quo
1284 4345 1417 4416 tempore
1436 4340 1491 4399 hoc

218 4450 336 4490 carmen
361 4432 474 4490 lactum
498 4432 545 4506 sit,
569 4431 679 4489 diserto
704 4430 876 4491 testimonio
899 4449 1043 4515 caremus,
1066 4430 1123 4488 nisi
1147 4431 1227 4506 quod
1250 4450 1284 4490 cx
1304 4448 1391 4488 versu
1410 4429 1491 4506 vige·

218 4521 293 4580 simo
321 4521 411 4579 tertio
439 4524 507 4595 post
531 4518 719 4596 Olympicam
745 4519 903 4579 victoriam
926 4519 1069 4578 Theronis
1101 4520 1172 4578 anni
1196 4522 1260 4578 476
1285 4512 1347 4581 (01.
1372 4521 1423 4595 76,
1449 4514 1491 4599 1),

217 4628 253 4668 ex
275 4609 370 4685 epodo
393 4609 502 4666 ultima
525 4614 593 4683 post
615 4608 745 4667 reditum
768 4614 874 4684 poetae
898 4628 933 4666 ex
956 4608 1061 4666 itinere
1084 4608 1273 4684 Syracusano
1297 4607 1328 4666 id
1346 4608 1491 4684 scriptum

217 4716 280 4757 esse
303 4698 452 4757 discimus.
499 4697 710 4756 verisimiliter
732 4698 827 4775 igitur
849 4697 905 4756 viri
930 4697 1008 4756 docti
1033 4699 1150 4757 natales
1175 4697 1315 4758 carminis
1337 4698 1417 4756 circa
1439 4716 1490 4754 an-

216 4807 289 4847 num
312 4791 378 4846 470
401 4792 526 4863 ponunt.
