3442 5550
718 425 875 477 OLYMPlh
894 427 944 477 llI.
1401 426 1443 489 27

163 576 166 581 ’
260 588 417 673 Θήρωνος
438 584 694 670 Ὀλυμπιονίκαν
716 588 824 672 ὕμνον
847 587 1030 673 ὀρθώσαις,
1054 587 1335 672 ἀκαμαντοπόδων
1430 607 1445 653 5

257 694 366 759 ἵππων
394 696 511 759 ἄωτον.
557 698 672 759 Μοῖσα
700 693 734 758 δ’
760 696 846 760 οὕτω
874 720 930 781 μοι
958 702 1137 781 παρεσταίη
1161 701 1356 780 νεοσίγαλον

806 802 938 887 εὑρόντι
961 807 1086 889 τρόπον

185 924 201 972 5
256 910 379 995 Δωρίῳ
403 910 521 992 φωνδιν
544 906 719 996 ἐναρμόξαι
742 910 865 997 πεδίλῳ

1206 1072 1289 1139 Ἁντ.
1313 1072 1356 1138 α’.

258 1175 482 1262 ἀγλαόκωμον.
530 1175 598 1242 έπελ
622 1180 765 1261 χαίταισι
788 1175 849 1262 μὲν
873 1178 1064 1262 ζευχθέντες
1086 1182 1139 1245 ἔπι
1163 1180 1321 1264 στέφανοι
1414 1198 1445 1245 ro

258 1283 443 1367 πράσσοντί
463 1307 502 1369 με
526 1294 624 1348 τοῦτο
647 1286 835 1368 θεόδμητον
858 1284 967 1371 χρέος,

258 1390 426 1474 φόρμιγγί
449 1414 483 1455 τε
507 1394 747 1477 ποικιλόγαρυν
769 1390 824 1456 καλ
848 1392 932 1475 βοὰν
951 1393 1063 1457 αὐλῶν
1083 1391 1187 1458 έπέων
1206 1416 1240 1457 τε
1258 1391 1356 1458 θέσιν

258 1498 489 1583 Αἰνησιδάμου
521 1496 616 1562 παιδὶ
648 1496 803 1582 συμμῖξαι
835 1502 1042 1584 πρεπόντως,
1075 1501 1096 1563 a
1128 1523 1161 1564 τε
1195 1503 1285 1564 Πίσα
1316 1524 1355 1585 με
1412 1518 1444 1565 15

806 1618 979 1688 γεγωνεῖν,
1003 1616 1060 1683 τᾶς
1083 1608 1146 1670 ίίπο

169 1728 202 1775 lo
257 1713 416 1799 θεόμοροι
440 1712 585 1777 νίσσοντ’
613 1711 663 1777 ἐπ’
690 1711 891 1798 ἀνθρώπους
914 1713 1040 1797 ἀοιδαί,

1221 1872 1286 1939 Ἐπ.
1310 1872 1355 1939 α’.

255 1973 280 2067 ᾧ
304 2004 370 2044 τινι
394 1983 541 2063 κριιίνων
565 1979 705 2064 ἐφετμὰς
723 1978 904 2066 Ἡρακλέος
926 1980 1102 2067 προτέρας,
1410 2001 1444 2047 νυ

256 2085 393 2171 ἀτρεκὴς
411 2084 644 2164 Ἑλλανοδίκας
667 2088 844 2173 γλεφάρων
868 2089 1017 2164 Αἰτωλὸς
1040 2088 1124 2173 ἀνὴρ
1148 2088 1279 2165 ὑψόθεν

240 2322 263 2369 t.
284 2325 378 2386 μοισαι
399 2315 470 2371 0-
491 2323 515 2370 4.
535 2335 580 2383 μοι
601 2313 755 2384 παρεσταίι]
775 2315 845 2370 coni.
861 2315 967 2370 Naber:
987 2337 1033 2371 ποι
1050 2332 1115 2384 (που
1132 2315 1184 2371 ΟΠ
1203 2334 1266 2370 eum
1283 2317 1306 2372 0
1321 2337 1364 2371 vv.
1379 2335 1443 2371 ι-ιι

169 2386 212 2441 bis
231 2387 345 2455 habeat,
365 2408 407 2442 τοι
422 2388 461 2445 Dl
480 2386 604 2455 παρέστα
624 2384 768 2456 (παρέσται
784 2388 825 2455 D)
845 2406 889 2457 μοι
905 2388 1037 2453 MOI),
1057 2406 1099 2441 τοι
1116 2385 1237 2455 παρέστα
1251 2385 1386 2458 (παρέστα
1400 2406 1444 2459 op.

169 2477 185 2509 ν
199 2464 249 2513 :an
267 2479 314 2529 μοι
330 2459 441 2513 Boeokh
462 2492 493 2498 -
516 2464 538 2513 7.
559 2457 720 2527 θεόδματον
734 2460 801 2514 BG:
821 2457 982 2529 θεόδματον
996 2461 1058 2513 AD
1077 2491 1112 2499 —
1131 2464 1155 2514 o.
1176 2460 1271 2514 nardi:
1291 2459 1350 2527 πὰρ
1364 2461 1445 2514 παιδὶ

169 2530 207 2583 Β1
232 2561 264 2570 -
289 2529 462 2598 πρεπόντωςε
488 2530 622 2597 Θήρωνος
640 2532 667 2585 Β
696 2562 729 2569 -
758 2537 782 2584 9.
806 2544 838 2599 με
858 2540 991 2601 γεγωνεῖν
1010 2531 1090 2585 codd.
1110 2532 1139 2584 et
1163 2530 1262 2598 schol,
1282 2529 1295 2583 ἓ
1314 2540 1445 2600 γεγωνεῖν

168 2600 237 2656 coni.
253 2601 391 2672 Hartung,
411 2620 443 2671 με
463 2610 580 2671 γεγωνει·
592 2601 663 2656 coni.
679 2601 765 2655 Pauw
786 2636 814 2640 -
838 2608 878 2656 10.
898 2601 1034 2671 θεόμοροι
1055 2603 1092 2656 1':
1112 2598 1258 2671 θεόμοιροι
1277 2603 1397 2657 ΛΒΟΙ)
1411 2635 1443 2642 -

169 2748 298 2812 χρῆσθαι.
337 2744 497 2798 Theoxenis
521 2748 615 2798 autem
640 2744 697 2798 ista
715 2760 795 2798 sacra
815 2744 978 2809 audiebant,
997 2744 1073 2814 quod
1092 2744 1121 2799 in
1140 2743 1175 2797 iis
1194 2760 1291 2798 mensa
1310 2746 1339 2797 ct
1356 2745 1445 2801 lectus

168 2815 365 2869 sternebantur
383 2815 584 2883 (lectisternia),
604 2820 634 2868 ut
655 2816 703 2883 dii,
718 2832 788 2884 quos
803 2815 947 2870 hominum
962 2820 1072 2871 coetum
1087 2818 1116 2869 et
1129 2815 1353 2885 hospitalitatem
1368 2817 1445 2871 hand

168 2903 297 2955 spernere
312 2886 472 2955 eredebant,
487 2886 633 2957 epularum
648 2888 677 2940 et
691 2886 813 2941 convitii
828 2893 970 2941 consortes
985 2890 1091 2942 tierent.
1122 2886 1201 2940 Hanc
1217 2889 1445 2943 consuetudinem

168 2964 194 3011 et
217 2958 357 3011 Pindarus
382 2958 412 3012 Ο.
433 2977 464 3010 ιιι
482 2975 515 3013 rs.
536 2959 570 3011 N.
590 2978 607 3011 x
626 2976 652 3012 rs
670 2958 786 3028 respicit
810 2961 839 3012 et
863 2958 968 3011 similes
991 2958 1046 3013 loci
1071 2958 1171 3012 Herod.
1191 2977 1219 3010 vr
1240 2974 1276 3011 ιιι
1297 2962 1325 3012 et
1343 2959 1444 3013 Athen.

169 3048 195 3081 ιν
209 3048 235 3099 p.
252 3046 290 3084 rat
304 3056 317 3083 e
335 3046 443 3084 necnon
461 3029 658 3099 inscriptiones
678 3030 802 3098 artisque.
822 3035 1003 3083 monumenta
1023 3031 1201 3093 confirmant,
1220 3029 1359 3096 quibusde
1380 3048 1444 3084 con·

169 3100 240 3155 terre
259 3101 340 3155 iuvat
354 3100 593 3170 Furtattnglerum
610 3100 638 3153 in
653 3101 786 3155 Roscheri
800 3101 865 3155 Lex.
881 3101 997 3169 mythol.
1012 3120 1022 3152 1
1038 3117 1088 3155 ιιει
1104 3118 1134 3166 s,
1150 3103 1179 3153 ct
1193 3100 1328 3167 Crucium,
1343 3101 1444 3156 Philol.

170 3187 204 3237 aa,
219 3188 253 3227 ss.
271 3188 316 3227 raa.
349 3172 477 3225 Ceterum
496 3174 562 3226 ficta
583 3189 642 3226 esse
661 3172 800 3240 ridentur,
820 3189 892 3240 quae
912 3172 1090 3237 scholiastae,
1110 3189 1159 3223 cur
1172 3170 1340 3225 Tlreoxeniis
1359 3173 1445 3242 potis-

172 3243 272 3297 simum
290 3242 439 3297 victoriam
458 3244 548 3298 Thero
568 3243 766 3298 celebrandam
789 3243 942 3311 curaverit,
966 3243 1117 3297 memoriae
1140 3242 1275 3367 produnt;
1300 3242 1348 3296 isti
1371 3243 1445 3297 enirn

169 3331 222 3382 quo
249 3317 373 3385 tempore
400 3314 490 3369 Thero
515 3315 659 3369 Dioscuris
687 3333 767 3369 sacra
792 3316 897 3369 faceret
923 3332 1026 3384 eosque
1053 3315 1089 3367 ad
1118 3314 1140 3366 Τ
1162 3314 1279 3368 eoxenia
1303 3314 1444 3382 invitaret,

170 3385 297 3439 nuntium
317 3385 452 3440 victoriae
472 3385 592 3440 allatum
611 3404 672 3440 esse
691 3387 875 3441 hariolantur.
901 3419 933 3426 —
958 3392 981 3441 θ.
1003 3385 1103 3440 schol:
1122 3385 1154 3439 τὸ
1173 3384 1204 3439 δὲ
1224 3385 1366 3452 ὀρθώσαις
1385 3382 1445 3441 elne

169 3475 263 3525 μετενε
283 3458 339 3511 κών
367 3458 424 3510 ἀπὸ
452 3456 610 3527 τιθεμένων
633 3458 811 3526 ἀνδριάντων
832 3456 847 3525 ἢ
871 3457 1051 3528 ἀγαλμάτων·
1080 3458 1114 3512 cf.
1134 3457 1154 3510 I.
1174 3476 1183 3508 1
1202 3473 1241 3521 so,
1270 3457 1323 3510 hac
1352 3460 1446 3512 autern

171 3478 336 3598 metaphora
360 3531 393 3581 ut
417 3531 554 3596 uteretur,
578 3546 610 3583 co
633 3530 725 3600 magis
744 3529 866 3583 Pindaro
886 3530 915 3582 in
933 3532 1064 3599 promptu
1084 3531 1153 3595 erat,
1173 3526 1353 3597 quodetiam
1373 3528 1445 3583 alias

169 3598 213 3665 (Ν.
228 3619 245 3652 v
259 3599 307 3661 in.)
323 3616 436 3653 carmen
455 3600 607 3671 epinicium
627 3604 738 3655 statuae
757 3601 787 3654 in
806 3601 938 3655 honorem
958 3600 1073 3655 victoris
1092 3598 1201 3670 positae
1221 3600 1444 3681 comparavit

169 3677 193 3724 t.
220 3668 302 3724 odra·
331 3671 383 3735 sic,
410 3671 434 3724 si
457 3671 643 3742 Agrigentum
669 3676 754 3740 astque
778 3672 933 3726 Theronem
956 3671 1146 3741 praedicando
1170 3670 1339 3738 Tyndaridis
1363 3674 1447 3759 grata

169 3742 292 3796 tacturus
308 3760 378 3807 sum,
398 3745 430 3796 ut
444 3760 528 3813 saepe
547 3747 677 3813 optantes
696 3743 844 3824 particulis
864 3744 935 3797 οὕτω
955 3747 984 3797 et
1001 3746 1041 3798 sie
1060 3746 1176 3796 utuntur
1196 3774 1228 3782 -
1248 3748 1272 3797 e.
1294 3750 1445 3824 Λωριμ...

169 3811 269 3885 πεδίλῳ
291 3813 421 3868 Doricam
440 3814 615 3868 harmoniam
635 3832 803 3868 musicorum
822 3816 967 3869 modorum
987 3813 1107 3884 (μέλους)
1126 3817 1210 3884 poeta
1228 3813 1350 3875 indic-at;
1369 3815 1446 3869 rdem

168 3902 315 3953 gressusne
335 3884 531 3939 choreutarum
550 3885 644 4010 (μείων
667 3887 763 3955 schol.)
783 3906 819 3939 an
838 3887 962 3940 calceum
981 3885 1046 3956 pedi
1067 3884 1307 3939 accommodatum
1327 3901 1445 3955 eumque

169 3956 311 4010 commode
331 3955 512 4025 recipientem
533 3974 550 4010 a
571 3957 917 4026 significaritquaeritu13
940 3956 1023 4011 alteri
1042 3974 1075 4011 ex
1087 3954 1223 4010 ›licationi
1242 3956 1321 4010 taret
1345 3955 1446 4011 similis

168 4026 245 4081 locus
260 4027 291 4083 0.
306 4046 334 4079 vr
349 4044 370 4093 a,
386 4028 419 4082 cf.
436 4028 455 4081 I.
471 4048 480 4080 ι
497 4044 520 4082 rr.
540 4060 572 4069 —
593 4036 608 4081 o
628 4034 657 4083 et
676 4035 699 4082 9.
720 4029 875 4099 particulae
894 4028 945 4099 μὲν
960 4032 989 4083 et
1003 4047 1031 4082 τε
1052 3976 1106 4081 sibi
1125 4027 1297 4097 respondent
1315 4046 1366 4081 usn
1381 4028 1445 4082 Pin-

168 4098 236 4152 daro
254 4098 406 4166 familiari,
425 4099 459 4153 ct.
480 4099 510 4153 0.
526 4118 591 4156 vro.
611 4120 636 4152 vr
652 4119 672 4155 -ι,
694 4117 778 4155 vrrse.
805 4101 835 4156 P.
851 4117 918 4156 rras.
934 4115 967 4155 aa.
987 4116 1063 4154 rurs.
1088 4099 1121 4154 N.
1136 4119 1155 4151 ιι
1170 4116 1190 4153 s.
1210 4115 1274 4153 νιι.
1302 4099 1321 4152 Ι.
1337 4119 1346 4151 ι
1363 4116 1395 4154 ιι.
1413 4132 1444 4139 --

169 4175 190 4222 ἵ.
212 4167 373 4241 θεόδματον
391 4168 483 4250 χρέος·
508 4189 607 4225 munus
627 4176 727 4242 poetae
746 4188 764 4225 a
782 4172 837 4225 diis
857 4171 1001 4226 conditum
1019 4171 1166 4241 praedicat
1185 4201 1217 4209 -
1238 4174 1261 4223 8.
1283 4170 1318 4223 de
1336 4170 1398 4239 lyra
1416 4173 1446 4223 et

168 4240 245 4294 tibiis
261 4241 432 4295 coniunctrm
446 4245 603 4316 (συναυλία)
618 4244 711 4298 verbis
726 4243 857 4297 canninis
873 4242 1064 4297 accinentibus
1079 4242 1173 4295 confer
1188 4242 1207 4295 Ι.
1221 4259 1238 4291 ν
1253 4257 1277 4295 ιι
1293 4245 1320 4294 et
1337 4242 1443 4309 Proleg.

168 4331 194 4381 p.
209 4331 301 4367 xcrnr.
338 4312 454 4366 Fidibus
474 4318 569 4368 sautem
588 4315 706 4377 canoris,
726 4333 798 4383 quac
817 4315 912 4383 lyricis
932 4313 1103 4368 carminibus
1122 4312 1251 4367 omnibus
1271 4316 1300 4365 et
1317 4313 1445 4382 inprimis

168 4383 278 4452 hymnis
296 4384 391 4438 factae
411 4387 499 4453 erant,
518 4385 625 4440 alacres
644 4386 734 4442 tibiae
752 4386 987 4455 adiungebantur,
1007 4385 1109 4454 quibus
1128 4384 1277 4438 choreutae
1297 4384 1333 4437 ad
1350 4401 1444 4454 proce-

168 4454 290 4509 dendum
306 4455 520 4511 incenderentur
534 4461 563 4511 et
577 4457 606 4510 in
621 4457 765 4512 servandis
780 4457 889 4512 visibus
903 4456 974 4511 arsis
994 4460 1023 4510 et
1041 4455 1129 4510 thesis
1144 4454 1353 4509 adiuvarentur.
1380 4455 1446 4509 Pin·

168 4524 229 4579 dari
247 4525 323 4579 hune
342 4527 434 4581 locum
453 4528 581 4581 imitatus
605 4532 648 4583 est
671 4528 804 4583 Horatius
827 4547 869 4598 ep.
889 4546 910 4596 o,
929 4545 942 4581 s
964 4531 1216 4582 sescentesimum
1239 4528 1315 4580 tibs's's
1338 4544 1446 4581 οσιιιιιιι

168 4598 237 4667 lyra.
261 4629 290 4637 —
311 4604 335 4652 9.
356 4598 374 4652 ίι
394 4597 424 4652 δὲ
440 4601 515 4653 Πίσα
529 4619 562 4668 με
577 4609 722 4670 γεγωνεῖν·
742 4600 766 4653 si
781 4603 856 4654 recte
870 4599 978 4654 tradita
992 4601 1065 4665 sunt,
1081 4616 1180 4669 aspera
1194 4596 1343 4650 verborum
1357 4600 1445 4650 struc-

168 4670 233 4722 tura
251 4668 293 4722 ita
311 4673 396 4738 poeta
415 4687 481 4723 usus
501 4674 556 4735 est,
577 4674 609 4724 ut
627 4690 660 4725 er
679 4671 859 4743 praecedenti
877 4670 1031 4739 πράσσοντι
1049 4669 1095 4725 hie
1114 4668 1258 4739 suppleret
1276 4665 1393 4735 πράσσει
1411 4701 1447 4709 -

170 4744 209 4791 12.
226 4737 426 4803 Ἑλλανοδίκας
446 4784 496 4796 ...
516 4740 644 4806 Αἰτωλός.
670 4744 769 4799 schol:
794 4743 907 4797 λίτωλολ
925 4752 1030 4813 πρῶτοι
1050 4739 1177 4831 ἐγένοντο
1193 4738 1396 4792 Ἑλλανοδίκαι
1415 4739 1446 4794 ἐν

167 4807 299 4884 Ὀλυμπίᾳ
318 4813 366 4865 καλ
385 4810 427 4866 ότι
447 4812 462 4866 ό
480 4811 590 4882 κτίστης
607 4823 656 4884 τῆς
670 4813 782 4878 Ἤλιδος
798 4813 907 4879 Όξόλος
926 4814 1044 4875 Αἰτωλὸς
1062 4834 1105 4883 ην.
1143 4811 1220 4865 Cont'.
1240 4808 1341 4863 Herod.
1357 4828 1406 4890 rm
1420 4828 1446 4866 ro

170 4880 296 4936 Αἰτωλῶν
315 4881 345 4937 δὲ
361 4878 446 4946 Ἦλις.
477 4884 545 4940 Cum
564 4888 659 4939 autem
678 4887 725 4941 diu
745 4886 805 4941 Elei
825 4889 854 4939 et
871 4886 985 4941 Pisatae
1004 4885 1078 4938 inter
1096 4900 1125 4937 se
1144 4884 1293 4951 certarent,
1312 4883 1383 4933 utris
1402 4881 1447 4936 ius
