3442 5550
654 372 812 464 onlnem
831 414 905 464 Xlll.

161 587 196 634 90
233 569 288 635 καὶ
311 575 477 657 Χίμαιραν
499 581 566 658 πῦρ
589 572 748 639 πνέοισαν
771 572 826 639 καὶ
850 574 1028 659 Σολύμους
1051 577 1202 659 ἔπεφνεν.

233 678 500 765 διασωπάσομαί
520 686 574 745 ίοι
597 684 703 766 μύρον
726 680 803 763 ἐγώ·

232 787 290 850 τὸν
313 784 345 849 d’
371 786 407 852 ἐν
432 788 600 876 Οὐλύμπῳ
623 789 747 872 φάτναι

278 895 385 978 Ζηνὸς
408 892 541 978 ἀρχαῖαι
564 893 724 961 δέκονται.

234 1085 288 1174 έμέ
310 1088 343 1153 θ’
368 1090 477 1155 εὐθὺν
499 1090 648 1156 ἀκόντων
1192 1096 1272 1176 Στρ.
1296 1089 1333 1156 ε’.

234 1194 324 1259 ίέντα
347 1195 490 1282 ρύμ-βον
512 1199 601 1281 παρὰ
624 1200 749 1264 σκοπὸν
773 1199 813 1264 ού
836 1200 898 1284 χρὴ

162 1317 195 1364 95
233 1303 272 1365 τίι
294 1303 400 1368 πολλὰ
423 1301 518 1386 βέλεα
541 1305 718 1389 καρτύνειν
741 1317 861 1390 χεροῖν.
1371 1322 1422 1369 135

233 1413 379 1486 Μοίσαις
401 1411 463 1493 γάρ
488 1410 733 1496 ἀγλαοθρόνοις
755 1410 839 1477 ἑκὼν

231 1514 465 1598 Ὀλιγαιθίδαι-
480 1522 534 1583 σίν
557 1515 589 1582 τ’
615 1521 695 1602 ἔβαν
718 1518 900 1604 ἐπίκουρος.

231 1621 360 1707 Ἰσθμοῖ
380 1624 420 1688 τά
442 1622 471 1688 τ’
498 1623 533 1689 έν
556 1624 669 1712 Νεμέᾳ
691 1627 807 1714 παύρῳ
830 1625 922 1690 ίέπει
945 1627 1007 1708 θή-

278 1747 325 1794 σω
349 1728 466 1815 φανέρ’
493 1729 608 1816 ἀθρό’,
631 1731 788 1814 ίιλα-θής
811 1729 848 1796 τέ
868 1756 924 1817 μοι

234 1835 365 1921 ἔξορκος
388 1836 556 1904 ἐπέσσεται
580 1836 769 1922 ἑξηκοντάκι
793 1840 834 1922 δὴ
858 1837 1098 1924 ἀμφοτέρωθεν

147 1960 197 2007 ιοο
234 1943 403 2026 άθύγλωσ-
418 1961 476 2022 σος
498 1947 561 2030 βοὰ
583 1947 726 2031 κάρυκος
749 1947 855 2012 ἐσλοῦ.

234 2142 273 2204 τά
296 2139 328 2205 θ’
351 2140 510 2229 Ὀλυμπίᾳ
533 2142 644 2208 αὐτῶν
1189 2141 1271 2209 Ἀντ.
1295 2142 1333 2209 ε’.

234 2250 340 2312 ἔοικεν
363 2249 397 2330 ή-
413 2249 454 2331 δη
478 2248 621 2334 πάροιθε
645 2248 813 2334 λελέχθαι·
1372 2266 1422 2313 145

217 2446 259 2496 90.
278 2438 410 2511 χείμεραν
430 2441 502 2496 0-
523 2447 564 2496 91.
584 2443 702 2496 θιασωπ.
722 2443 823 2499 ROD:
843 2445 972 2498 θιασιωπ.
992 2445 1134 2498 Hemrann
1153 2446 1242 2498 metro
1260 2443 1344 2497 aliter
1358 2460 1422 2497 con-

146 2513 259 2577 stitut0;
279 2512 313 2568 cl.
329 2513 348 2566 l.
364 2532 374 2564 1
388 2529 414 2567 ea
432 2545 464 2553 -
485 2519 527 2568 95.
547 2533 624 2582 κρατ.
639 2514 669 2568 Ι)
683 2546 716 2554 -
732 2520 774 2570 96.
794 2513 904 2585 μοίσαις
918 2515 1037 2571 Mosen:
1056 2513 1180 2585 μοίσαισι
1199 2517 1226 2570 Β
1234 2515 1288 2571 OD
1304 2548 1335 2555 -
1352 2514 1424 2569 ἑκὼν

145 2584 238 2653 (laus)
258 2586 341 2655 Epa:
368 2583 450 2639 είκων
469 2585 561 2640 BGD
586 2616 620 2624 -
645 2591 687 2640 97.
714 2590 779 2675 post
807 2584 954 2656 ἐπίκουρος
982 2590 1048 2641 ante
1076 2588 1130 2642 Ber
1149 2587 1227 2640 hium
1255 2604 1311 2641 non
1339 2586 1423 2639 inter-

145 2674 203 2726 pnn
240 2656 325 2709 batur
343 2688 378 2695 -
396 2662 439 2709 98.
458 2656 557 2729 παύρῳ
575 2654 660 2712 ίέπει
682 2661 763 2726 θήσω
787 2659 858 2713 coni.
878 2658 979 2728 Bergk.
998 2659 1097 2726 παύρω
1118 2660 1135 2713 δ
1168 2657 1229 2713 ἔπει
1247 2658 1328 2727 θήσω
1347 2659 1377 2712 D
1395 2659 1425 2710 et

145 2728 241 2796 echo,
259 2725 404 2801 παύρῳιί
428 2725 555 2796 ἐπιθήσω
579 2729 637 2783 BG
656 2760 692 2769 -
715 2734 757 2784 99.
777 2727 890 2799 ἔξορκος
909 2730 1019 2800 scripsi:
1049 2729 1161 2799 ἔξορκος
1179 2729 1259 2784 codd.
1279 2732 1309 2783 et
1327 2727 1423 2792 schol,

146 2796 186 2863 εἷς
208 2797 290 2868 ὅρκος
313 2796 384 2853 coni.
404 2799 510 2868 Bergk,
534 2797 688 2866 άνθόρκιος
712 2799 819 2856 ἔσσεται
843 2800 914 2856 coni.
934 2802 1077 2872 Ilartung,
1097 2800 1202 2875 εὐόρκῳ
1221 2800 1293 2855 coni.
1312 2799 1424 2852 Bossler

145 2903 181 2912 —
198 2871 233 2940 δὴ
254 2869 325 2925 coni.
342 2870 497 2926 Hermann:
516 2869 545 2924 θ’
567 2872 656 2926 BGD
678 2903 706 2911 -

145 3011 256 3067 venisse
278 3011 479 3082 interpretans;
505 3012 608 3082 ἐρήμου
632 3030 649 3067 a
672 3012 789 3067 librario
812 3015 958 3084 archetypi
981 3030 1103 3068 memore
1126 3031 1222 3067 versus
1247 3013 1278 3067 Ο.
1297 3032 1308 3065 1
1327 3029 1338 3066 τ
1356 3011 1422 3065 huic

144 3084 207 3139 loco
232 3083 345 3138 illatum
364 3099 425 3137 esse
448 3084 560 3137 videtur
580 3117 611 3124 -
632 3089 673 3138 90.
694 3084 839 3154 Σολύμους
857 3085 996 3139 Pindarus
1013 3086 1164 3139 Homerum
1184 3087 1296 3138 secutus
1315 3083 1422 3137 incolas

146 3154 208 3226 agri
230 3172 287 3209 non
310 3154 393 3224 longe
417 3172 434 3208 ιι
458 3154 544 3224 Lycia
567 3154 700 3209 distantis
724 3155 811 3211 fnisse
837 3156 1043 3223 arbitrabatur;
1070 3158 1169 3226 postea
1195 3154 1314 3225 populos
1337 3154 1423 3208 Asiae

146 3226 262 3281 minoris
286 3226 358 3279 citra
376 3227 499 3280 Taurum
523 3243 585 3279 cum
609 3225 694 3293 alios,
718 3230 778 3280 tum
802 3228 905 3296 Milyas
928 3231 958 3282 et
976 3228 1152 3282 Termesseos
1172 3225 1293 3295 Solymis
1313 3242 1342 3279 se
1361 3242 1423 3295 pro-

145 3302 249 3369 gnatos
265 3297 388 3352 iactasse
402 3297 486 3352 docet
499 3297 667 3351 Gntschmid
680 3298 724 3352 Kl.
740 3298 816 3354 Schr.
831 3318 859 3352 1v
873 3316 913 3354 ars
923 3318 943 3354 s.
960 3330 993 3340 -
1009 3305 1050 3354 91.
1066 3298 1176 3353 tristem
1190 3315 1286 3352 casnm
1299 3296 1422 3351 Bellero·

144 3369 283 3440 phustas,
308 3368 358 3437 qni
381 3384 414 3422 ex
439 3369 546 3437 Pegaso
570 3368 672 3423 altiora
695 3372 809 3440 petente
833 3370 978 3425 deciderat
997 3380 1033 3440 (v.
1048 3370 1068 3425 I.
1083 3389 1122 3422 vn
1136 3373 1185 3439 ιι),
1210 3371 1295 3440 poeta
1320 3367 1425 3434 omisit,

147 3448 181 3494 nt
199 3439 328 3494 laetitiae
346 3438 529 3509 epiniciornm
552 3457 652 3566 pamm
675 3442 929 3509 accommodatum,
957 3442 991 3495 de
1015 3442 1123 3511 Pegaso
1147 3441 1221 3495 inter
1239 3443 1316 3494 astra
1334 3438 1425 3493 relato

144 3530 171 3566 v.
190 3513 267 3566 Atat.
289 3528 335 3567 roo.
356 3528 395 3566 rsa
413 3543 448 3551 -
468 3517 509 3566 92.
534 3513 676 3566 duovma·
701 3512 844 3582 praesenti
867 3513 957 3566 utitur
979 3514 1015 3567 de
1037 3512 1120 3566 rebus
1143 3511 1248 3566 divinis
1271 3528 1424 3579 numquam

146 3582 310 3638 interituris.

218 3660 253 3707 99
267 3671 303 3707 ss.
324 3670 341 3707 a
359 3653 497 3707 fabulosis
516 3654 599 3708 rebus
618 3655 654 3708 ad
674 3671 718 3709 res
737 3659 947 3725 praesentasse
967 3659 1082 3710 revocat
1103 3658 1202 3724 poeta,
1226 3653 1313 3708 simili
1335 3656 1423 3707 meta·

147 3725 236 3795 phora
250 3742 317 3778 usus
332 3728 417 3793 atque
431 3725 461 3780 P.
475 3744 496 3777 11
509 3741 544 3780 ιι.
564 3725 597 3780 N.
608 3744 636 3778 vr
650 3742 683 3780 τι.
695 3745 734 3779 vn
748 3743 773 3780 ιι
785 3757 817 3766 -
847 3727 910 3781 ἐλεα
925 3744 981 3781 non
997 3726 1130 3781 differunt
1144 3726 1181 3780 ab
1196 3726 1240 3794 iis,
1254 3742 1324 3794 quos
1339 3726 1424 3778 antea

147 3796 269 3860 ἄκοντας
288 3795 406 3863 dixerat,
424 3800 457 3849 ut
473 3797 537 3851 llur.
552 3796 636 3867 Hipp.
651 3814 691 3851 222
709 3797 785 3851 idem
803 3800 832 3852 tc
845 3816 891 3852 um
910 3797 1022 3866 ὅρπακα
1041 3801 1070 3851 et
1089 3795 1236 3867 ἐπίλογχοκ
1254 3796 1334 3869 βέλος
1352 3794 1426 3849 dixit

148 3900 180 3908 -
200 3874 242 3922 96.
263 3868 346 3923 ἑκών·
366 3867 461 3938 glossa
481 3867 563 3922 εἴκων
581 3869 611 3922 in
630 3871 738 3922 textum
757 3869 877 3940 irrepsit,
896 3871 1023 3939 profecta
1037 3886 1055 3922 a
1068 3868 1269 3939 grammaticis,
1285 3867 1332 3936 qui
1348 3869 1424 3921 recte

147 3939 348 3995 intellexerunt
354 3938 507 3993 Pindarum
517 3956 606 4008 aeque
616 3943 701 4008 atque
712 3941 862 3995 Homerum
872 3940 979 3995 nomini
990 3941 1060 3996 ἑκὼν
1069 3940 1214 4010 participii
1223 3939 1280 3993 vim
1292 3937 1424 3992 tribuisse

148 4042 180 4051 -
192 4016 234 4065 97.
247 4008 477 4080 Ὀλιγοιθίθαισι·
492 4014 642 4080 postquam
652 4014 736 4081 poeta
747 4029 831 4083 supra
841 4032 885 4067 vv.
897 4029 976 4068 ιιι-ιο
985 4012 1178 4082 Xenophontis
1189 4014 1218 4065 et
1228 4010 1288 4065 eius
1298 4009 1425 4063 familiae

148 4082 281 4137 victorias
300 4081 437 4147 laudavit,
456 4081 514 4135 iam
532 4082 562 4136 in
580 4083 633 4136 hac
653 4087 778 4138 extrema
796 4087 877 4153 parte
895 4084 1027 4138 carminis
1046 4083 1157 4154 longius
1177 4084 1315 4153 evagatus
1334 4080 1424 4134 omnis

148 4153 240 4223 gentis
260 4151 503 4223 Oligaethidarum
524 4154 625 4208 deeora
643 4155 856 4224 comprehendit
873 4187 907 4196 —
927 4162 969 4211 98.
985 4154 1097 4226 Ἰσθμοῖ
1114 4154 1148 4209 τά
1166 4152 1191 4207 τ’
1210 4153 1240 4207 ἐν
1261 4150 1358 4225 Νεμέᾳ
1376 4169 1425 4222 pro

148 4224 182 4278 τὰ
197 4223 310 4294 Ἰσθμοῖ
324 4222 359 4277 τά
378 4221 404 4277 τ’
427 4223 457 4277 ἐν
477 4223 581 4299 Νεμέᾳ,
601 4228 633 4278 nt
651 4225 738 4279 etiam
756 4226 945 4294 negationem,
963 4244 1025 4280 cum
1044 4226 1191 4295 utriusque
1209 4223 1327 4279 membri
1342 4226 1425 4291 essct,

149 4295 200 4350 soli
224 4295 308 4349 alteri
330 4295 455 4350 membro
479 4295 585 4350 adiecit
603 4296 634 4351 Ο.
650 4316 678 4350 xr
694 4315 725 4351 ικ,
763 4297 907 4352 Particnla
930 4296 958 4351 θ’
979 4301 1044 4352 ante
1069 4298 1129 4352 ἔπει
1152 4300 1203 4351 aut
1225 4312 1259 4349 ex
1282 4295 1425 4364 digamma

149 4384 202 4422 non
228 4366 374 4421 intellecto
400 4371 491 4420 ortum
513 4371 568 4435 est,
595 4371 646 4423 ant
663 4386 681 4422 a
699 4367 815 4423 librario
834 4368 959 4436 illatum,
985 4369 1033 4438 qui
1050 4367 1159 4437 Ἰσθμοῖ
1176 4366 1210 4421 τά
1230 4365 1255 4420 τ’
1278 4367 1308 4420 ἐν
1328 4365 1426 4447 Νεμέῳ

150 4454 211 4492 cnm
230 4438 415 4492 antecedente
434 4438 574 4493 sententia
594 4440 666 4492 salso
682 4440 873 4494 coniunxit-
889 4438 1009 4508 ἔξορκος,
1024 4440 1098 4508 quod
1112 4458 1163 4510 pro
1179 4438 1292 4506 ἔξορκος
1305 4454 1425 4507 reposui,

150 4527 244 4564 rocem
267 4509 414 4580 praeconis
441 4509 582 4580 significat
607 4510 809 4581 incorruptam,
836 4511 917 4581 quasi
943 4529 991 4566 sex
1017 4511 1201 4565 sacramentis
1230 4509 1368 4562 sancitam
1397 4510 1426 4561 et

150 4581 301 4647 limatam,-
325 4580 399 4634 ludit
417 4585 511 4635 autom
530 4586 614 4651 poeta
633 4582 793 4637 nominibus
811 4582 1003 4637 numeralibus
1030 4581 1058 4648 ἓξ
1078 4586 1106 4636 et
1126 4578 1302 4650 ἑξηκοντάκι,
1322 4578 1424 4646 quibus

150 4649 248 4708 Graeci
272 4652 309 4706 ad
332 4651 472 4705 infinitam
495 4654 606 4723 copiam
630 4654 844 4722 significandam
868 4655 1071 4708 utebantur-
1091 4660 1134 4708 99,
1154 4650 1370 4722 ἀμφοτέρωθεν·
1391 4665 1425 4703 ex

150 4720 254 4779 Isthmo
273 4725 354 4777 etex
373 4723 492 4792 Nemea3
517 4723 586 4779 haec
606 4729 699 4778 autern
720 4724 782 4794 ipsa
800 4742 888 4793 parva
906 4742 960 4779 vox
980 4731 1101 4793 (παῦρον
1120 4725 1196 4786 ἔπος)
1215 4725 1271 4789 est,
1292 4738 1349 4788 qua
1367 4737 1425 4774 om-

152 4794 199 4848 nia
216 4796 319 4849 decora
338 4794 472 4848 Isthmica
491 4797 520 4848 et
538 4796 679 4850 Nemeaea
703 4813 732 4849 se
756 4795 961 4849 illustraturum
988 4812 1047 4850 esse
1066 4801 1151 4866 posta
1170 4793 1311 4865 professus
1330 4794 1373 4846 est
1392 4824 1425 4831 -

151 4867 209 4921 102.
237 4865 310 4921 ἔοικε
335 4883 397 4919 cum
422 4866 549 4936 emphasi
575 4866 698 4937 positum
723 4866 869 4922 Disaenius
895 4867 977 4936 dicit;
1003 4866 1073 4919 mihi
1099 4866 1252 4921 admodum
1276 4864 1379 4935 frigere
1398 4865 1428 4917 et
