3442 5550
714 1599 1194 1698 FRAGMENTA

530 1851 851 1924 CARMINUM
894 1849 1378 1924 DEPERDITORUM.

944 2219 964 2272 1.

786 2344 1121 2412 ΙΣΘΜΙΟΝῙΚΑΙ.

368 3437 506 3511 Κλεινδς
531 3438 659 3500 Αίακοῦ
684 3438 796 3519 λόγος,
819 3437 932 3501 κλεινὰ
956 3432 992 3501 δδ
1015 3433 1068 3500 καὶ
1092 3435 1312 3511 ναυσικλοτδς

369 3547 504 3624 Αίγινα·
528 3544 592 3607 σὺν
614 3548 705 3607 θεῶν
729 3540 769 3606 δέ
789 3566 845 3607 νιν
867 3548 944 3629 αίσᾳ

377 3654 484 3714 Τλλου
507 3672 542 3714 τε
564 3646 619 3713 καὶ
643 3650 803 3734 Αἰγιμιοῦ

366 3757 519 3839 Δωριεὺς
542 3755 652 3822 ἐλθὼν
676 3757 814 3840 στρατὸς
837 3755 1035 3821 ἐκ-τίσσατο·

333 3879 348 3926 ο
367 3873 435 3926 τῶν
457 3858 518 3946 μὲν
540 3863 604 3928 ὑπὸ
628 3864 762 3949 στολθμᾳ
785 3861 954 3948 νέμονται,

368 3968 408 4032 οὐ
431 3966 532 4051 θέμιν
555 3965 633 4033 οὐδὲ
657 3971 755 4035 δίκαν
778 3970 895 4048 ξείνων
917 3969 1187 4052 ὑπερβαίνοντες·
1211 3959 1291 4033 οἷ-οι
1314 3967 1342 4033 δ’
1372 3967 1493 4052 ἀρετὰν

367 4076 521 4158 δελφῖνες
544 4075 579 4140 ἐν
602 4079 728 4164 πόντῳ,
751 4079 863 4160 ταμίαι
887 4099 921 4141 τε
944 4073 1044 4160 σοφοὶ

367 4187 503 4247 Μοισᾶν
527 4181 680 4264 ἀγωνίων
703 4181 732 4248 τ’
758 4181 899 4249 ἀέθλων.

312 4346 524 4354 ———-.——-

385 4447 615 4517 Fragmeniorum
634 4447 742 4501 numeri
762 4449 827 4501 suni
845 4447 978 4502 editionis
997 4446 1173 4516 Bergkianae
1192 4450 1318 4516 quartae,
1337 4447 1411 4517 Lipn.
1433 4451 1516 4513 18'183
1543 4466 1598 4505 nu·

313 4518 383 4572 meri
402 4517 511 4572 uncinis
531 4517 632 4572 inclusi
650 4518 783 4573 editionis
802 4519 999 4573 Boeckhinnne
1018 4523 1091 4571 sunt.
1124 4519 1156 4571 ln
1173 4519 1323 4588 generibus
1342 4518 1498 4573 carminum
1516 4522 1598 4577 ordi·

312 4589 413 4643 nandin
432 4589 553 4643 indicem
571 4589 687 4643 Pindari
705 4588 840 4644 librorum
858 4590 930 4645 Prol.
947 4609 980 4645 c1.
996 4589 1085 4643 secuti
1104 4607 1207 4644 numus.

384 4661 428 4714 Fr.
449 4668 462 4714 l
483 4663 526 4715 est
545 4660 657 4714 initium
680 4661 776 4716 Isthm.
797 4681 839 4730 xx,
865 4664 958 4716 exstat
983 4660 1012 4714 in
1037 4659 1136 4714 ultimo
1163 4659 1232 4714 folio
1257 4659 1401 4716 Pindarici
1426 4661 1488 4716 cod.
1507 4661 1540 4717 D
1560 4695 1598 4705 -

313 4748 337 4784 v.
359 4737 382 4786 2.
401 4736 479 4786 θεῶν
499 4731 569 4786 coni.
590 4731 715 4787 Boeckh:
735 4736 794 4787 θεῶ
813 4735 843 4788 D
862 4766 895 4774 -
915 4739 931 4786 3
951 4751 990 4803 sq.
1010 4732 1044 4785 cf.
1064 4730 1136 4785 Ptol.
1157 4750 1240 4785 cxxm
1260 4765 1293 4773 -
1313 4739 1338 4786 4.
1358 4729 1501 4787 ἐκτίσσατο
1519 4732 1596 4789 Her·

312 4819 410 4857 mann:
439 4802 572 4871 ἐκτήσατο
591 4804 621 4858 D
639 4836 673 4843 -
693 4810 717 4858 5.
741 4813 796 4858 τῶν
820 4804 872 4874 μὲν
894 4803 965 4860 coni.
985 4803 1141 4858 Hermann:
1165 4801 1200 4856 τὰ
1224 4801 1275 4874 μὲν
1298 4803 1328 4857 D
1346 4835 1380 4846 -
1401 4808 1423 4858 7.
1447 4805 1595 4874 δελφῖνες·

312 4875 347 4935 cf.
368 4872 397 4927 P.
416 4892 445 4928 ιν
465 4891 498 4931 1'1.
527 4873 560 4932 N.
580 4893 609 4930 m
627 4891 653 4930 οε
673 4908 706 4916 -
725 4881 750 4931 8.
770 4879 885 4931 Μοισᾶν
904 4873 1032 4947 ἀγωνίων
1050 4873 1076 4928 τ’
1098 4872 1221 4929 ἀέθλων·
1242 4874 1277 4929 cf.
1297 4874 1328 4930 0.
1348 4893 1377 4928 n
1397 4890 1429 4930 ιο.
