3442 5550
701 1297 844 1349 ΟΛΤΜΠ.
865 1294 910 1350 Γ’.

403 1459 669 1543 ΘΗΡΩΝΙ
704 1459 1213 1544 ΑΚΡΑΓΑΝΤΙΝΩι
1314 1558 1324 1577 ,

664 1655 726 1705 ΕΙΣ
746 1650 940 1712 ΘΕΟΞΕΝΙΑ.

679 3273 921 3356 Argumentum.

250 3403 398 3463 Pindarus
421 3423 490 3463 cum
513 3424 548 3462 ex
572 3404 677 3480 tribus,
701 3404 810 3480 quibus
830 3404 934 3462 laudes
953 3402 1073 3479 epinicii
1093 3403 1233 3463 carminis
1254 3404 1441 3481 deberentur,

165 3492 219 3552 deo
241 3493 328 3553 heroe
352 3493 425 3571 viro,
449 3493 605 3570 ultimum,
629 3493 795 3552 'lberonem
817 3493 973 3568 victorem,
997 3493 1148 3569 superiore
1173 3493 1230 3552 oda
1253 3493 1442 3570 illustrasset,

163 3581 238 3641 hanc
261 3582 346 3642 odam
372 3583 508 3660 heroum,
536 3582 674 3641 Herculis
698 3585 728 3639 et
750 3582 980 3658 Dioscurorum,
1004 3581 1145 3641 laudibus
1168 3583 1359 3642 consecravit.
1407 3583 1441 3641 In

163 3670 312 3746 prooemio
340 3671 436 3750 igitur
467 3691 485 3730 a
517 3672 608 3730 sacris
637 3671 889 3747 Tyndaridarum,
925 3671 1034 3747 quibus
1062 3671 1158 3731 Thero
1193 3671 1318 3748 eiusque
1353 3671 1442 3731 amici

162 3759 296 3819 coronati
315 3760 488 3838 intererant,
507 3760 706 3836 proficiscitur
723 3752 846 3839 (1—13).
877 3762 993 3818 Corona
1011 3780 1080 3819 vero
1097 3760 1244 3838 oleagina,
1264 3780 1325 3837 qua
1344 3760 1441 3820 Thero

162 3847 256 3908 victor
281 3849 439 3908 redimitus
467 3853 544 3926 erat,
573 3869 677 3908 ansam
709 3848 736 3908 ei
765 3849 888 3925 praebet
916 3849 1056 3907 narrandi
1084 3849 1219 3908 fabulam
1247 3849 1282 3908 de
1311 3850 1441 3910 oleastro

162 3936 199 3995 ab
230 3936 359 3997 Hercule
392 3958 427 3996 ex
461 3957 532 4016 agro
565 3938 827 4015 Hyperboreorum
860 3937 890 3995 in
924 3957 1027 3996 nemus
1060 3936 1252 4014 Olympicum
1293 3939 1441 3998 translato

162 4018 174 4103 (
180 4020 305 4106 13-34).
352 4025 414 4084 Sub
442 4027 530 4086 finem
557 4029 635 4087 redit
662 4027 701 4085 ad
728 4026 889 4086 Dioscuros
917 4027 1033 4103 heroes,
1062 4027 1172 4102 quibus
1202 4027 1346 4086 Hercules
1376 4028 1441 4086 vita

161 4114 303 4176 decedens
333 4134 436 4176 curam
466 4116 604 4175 ludorum
635 4116 834 4192 mandaverit,
865 4120 896 4174 et
919 4116 1085 4175 Theronem
1115 4135 1228 4193 regem,
1260 4117 1312 4192 qui
1343 4116 1442 4175 curuli

161 4205 286 4264 victoria
301 4203 459 4282 Olympica
473 4210 627 4281 reportata
641 4225 790 4265 summum
804 4205 961 4283 fastigium
975 4206 1123 4264 humanae
1136 4205 1290 4264 felicitatis
1304 4205 1443 4283 attigerit

162 4286 297 4376 (sb-45)
310 4327 352 4334 -
366 4294 410 4353 De
426 4299 558 4370 tempore
573 4294 713 4354 carminis
729 4315 764 4353 ex
777 4314 821 4372 eo,
837 4294 916 4370 quod
931 4298 1020 4369 poeta
1034 4294 1064 4352 in
1079 4293 1195 4353 ultimis
1209 4295 1344 4353 versibus
1358 4306 1392 4353 42
1404 4314 1440 4354 ss.

163 4381 253 4440 simili
280 4383 455 4461 gradatione
484 4385 575 4459 atque
603 4384 634 4442 in
662 4384 815 4460 praeclaro
839 4383 990 4459 prooemio
1014 4382 1102 4459 primi
1125 4382 1265 4441 carminis
1290 4382 1441 4459 Olympici

160 4487 232 4529 usus
253 4477 306 4548 est,
325 4472 483 4550 Bergkius,
504 4472 669 4532 Hermanni
691 4491 791 4549 opusc.
806 4492 825 4531 v
840 4484 873 4531 67
893 4472 1063 4548 opinionem
1084 4475 1215 4549 secutus,
1237 4473 1292 4531 hoc
1321 4492 1440 4531 carmen

160 4562 229 4633 post
247 4557 307 4618 ΟΛ
326 4561 472 4636 scriptum
493 4579 556 4621 esse
575 4562 731 4640 conclusit,
750 4561 888 4638 equidem
907 4562 982 4620 nihil
1001 4561 1141 4639 colligere
1161 4561 1265 4620 ausim.
1301 4561 1343 4619 Ut
1361 4560 1441 4618 enim

163 4646 352 4726 inpromptu
371 4653 417 4710 est
435 4650 581 4727 suspicari
600 4655 721 4728 poetam
739 4650 873 4710 versibus
892 4651 1019 4709 exilibus
1038 4650 1128 4710 huius
1148 4649 1287 4709 carminis
1312 4648 1440 4725 splendi-

160 4735 274 4796 diorem
296 4738 383 4798 illum
406 4739 506 4799 locum
529 4740 717 4800 auditoribus
744 4741 776 4799 in
804 4742 933 4799 mentem
960 4759 1099 4799 revocare
1127 4738 1271 4815 voluisse,
1299 4738 1343 4796 ita
1371 4755 1440 4796 con·

159 4825 283 4886 barium
309 4848 428 4905 qnoque
457 4829 574 4888 defendi
606 4832 719 4908 potest,
746 4832 782 4887 ut
813 4829 950 4904 primum
973 4831 1094 4905 poetam
1117 4828 1324 4907 gradationem
1348 4825 1438 4887 istam
