3442 5550
336 393 401 456 276
811 396 958 445 prunam
977 394 1143 446 arsurem.

337 568 471 639 ternpore
495 561 644 621 Alcimida
667 561 784 638 vicerit,
815 561 890 620 nibil
917 562 1046 621 relatum
1076 564 1186 646 exstat,
1216 561 1266 620 sed
1290 580 1359 620 cum
1381 561 1531 638 Melesias,
1561 563 1616 638 qni

338 672 406 711 eum
429 652 563 710 institnit
586 654 617 710 et
639 650 778 710 extremis
800 650 934 710 versibus
957 651 1046 711 huius
1069 651 1208 710 carminis
1227 649 1380 728 laudatur,
1398 651 1616 710 Alcimedontis

341 761 471 818 quoque,
496 742 548 817 qni
572 738 617 801 Ol.
639 742 680 800 80
705 738 846 816 Olympia
869 740 949 818 vicit,
973 740 1069 816 alipta
1092 740 1184 799 fuerit
1207 744 1238 798 et
1256 758 1274 797 a
1292 739 1423 800 Pindaro
1447 741 1539 799 etiam
1563 741 1619 799 im·

337 831 459 907 pensius
489 830 520 888 in
551 829 624 889 odae
655 827 829 904 Olympicae
857 848 912 887 vm
941 848 1030 888 versu
1060 841 1093 887 os
1124 828 1278 905 laudetur,
1308 829 1363 888 hoc
1394 848 1513 888 carmen
1543 834 1616 889 ante

339 919 385 979 Ol.
401 923 451 997 80,
470 924 496 997 l,
515 920 640 977 fortasse
656 916 701 977 Ol.
718 921 768 994 79,
785 921 803 976 2
818 920 866 977 vel
880 916 926 977 Ol.
943 920 993 995 78,
1008 922 1027 976 4
1043 919 1189 994 scriptum
1203 936 1265 978 esse
1280 918 1403 978 conicio.
1432 917 1496 978 Hoc
1511 923 1616 977 autem

338 1028 406 1069 curn
429 1012 562 1084 tempore
586 1007 738 1083 conspirat
756 1008 847 1066 etiarn
866 1007 968 1067 senilis
986 1007 1109 1083 qnidam
1128 1009 1255 1085 languor
1274 1007 1418 1067 orationis
1437 1011 1529 1083 atque
1549 1026 1616 1067 sen-

338 1099 516 1175 tentiarum,
551 1115 610 1173 quo
640 1096 695 1156 boc
725 1115 843 1156 carmen
874 1116 892 1155 a
921 1097 1046 1156 iuvenili
1075 1096 1212 1156 ubertate
1243 1101 1274 1155 et
1302 1098 1417 1157 fervore
1446 1098 1615 1156 carminum

338 1187 582 1265 Aegineticorum
605 1185 642 1245 N.
662 1204 689 1244 v.
712 1186 734 1243 Ι.
755 1204 786 1244 vr
809 1185 895 1245 valde
919 1186 1075 1262 discrepat.

427 1276 462 1334 In
492 1275 643 1352 prooemio
667 1267 776 1355 (1-7)
805 1275 874 1335 deos
902 1279 933 1333 et
958 1275 1106 1351 homineS,
1137 1275 1274 1352 quamvis
1304 1275 1435 1334 multum
1465 1274 1617 1352 differant,

339 1370 440 1425 tamen
463 1365 609 1424 nonnulla
632 1364 738 1423 babere
762 1364 933 1424 communia
962 1365 1096 1441 exponit,
1125 1384 1184 1441 qno
1212 1364 1288 1422 illud
1312 1383 1432 1440 quoque
1455 1365 1617 1441 pertinere,

339 1455 419 1532 quod
442 1457 478 1512 ut
500 1458 581 1512 terra
604 1453 727 1513 alternis
750 1454 851 1532 fruges
874 1455 952 1513 ferat
975 1458 1005 1513 et
1029 1453 1240 1529 requiescendo
1264 1472 1356 1513 novas
1379 1452 1457 1512 iires
1480 1452 1616 1531 colligat,

339 1545 383 1603 ita
401 1543 556 1603 hominnm
575 1561 695 1618 quoque
713 1547 818 1621 gentes
836 1562 904 1602 cnm
920 1543 998 1601 aliae
1012 1545 1079 1602 tum
1093 1542 1286 1602 Bassidarum
1301 1542 1424 1601 alternis
1439 1543 1616 1602 clarescant.

339 1634 442 1693 Claros
467 1633 547 1691 enim
573 1632 665 1691 fuisse
693 1632 810 1710 pugiles
833 1633 1011 1691 Alcimidam
1040 1632 1137 1708 ipsum
1165 1635 1195 1690 et
1218 1651 1308 1691 avum
1332 1631 1397 1690 eius
1419 1635 1451 1690 et
1473 1630 1615 1709 abavum,

338 1727 443 1783 contra
466 1723 591 1800 ignavos
614 1723 731 1797 patrem
755 1725 785 1780 et
807 1740 953 1798 proavum
972 1714 1107 1802 (8—24).
1144 1720 1217 1779 Inde
1241 1741 1275 1780 eo
1298 1721 1416 1798 transit,
1439 1725 1475 1779 nt
1498 1721 1616 1781 nullam

337 1829 466 1888 usquam
493 1812 613 1888 gentem
636 1810 737 1886 plures
761 1830 852 1886 quam
875 1811 1069 1869 Bassidarum
1096 1814 1215 1889 gentem
1239 1810 1380 1870 victorias
1402 1809 1545 1888 pugilatu
1569 1831 1615 1870 re·

338 1901 503 1978 portavisse
527 1903 656 1974 exponat
677 1892 830 1980 (ao—44),
853 1918 949 1975 neque
972 1903 1101 1976 poetam,
1125 1900 1150 1958 si
1168 1900 1316 1978 Aeginam
1338 1899 1468 1958 insulam
1488 1900 1615 1976 venerit,

338 1990 493 2049 materiem
520 1987 703 2048 laudationis
731 1988 864 2065 deficere,
883 2007 963 2060 ‚cum
991 1989 1051 2048 iam
1075 1988 1222 2048 Aeacidae
1253 1988 1440 2064 praeclarum
1462 1988 1613 2048 virtutum

335 2080 565 2138 fundamentum
593 2078 728 2155 iecerint,
758 2080 789 2136 et
815 2078 942 2137 Achillis
970 2079 1051 2137 fama
1078 2078 1234 2138 Memnone
1262 2078 1419 2137 interfecto
1447 2096 1545 2154 usqne
1574 2078 1614 2137 ad

334 2169 497 2245 Aethiopes
520 2167 721 2243 penetraverit
741 2159 893 2248 (lo-53).
930 2168 965 2226 In
989 2168 1108 2246 epilogo
1127 2186 1146 2226 a
1166 2171 1263 2226 vetere
1287 2167 1369 2226 fama
1393 2167 1613 2245 Aeginetarnm

334 2258 372 2316 ad
396 2260 583 2334 praesentem
606 2256 780 2316 felicitatem
804 2257 1015 2316 illustrandam
1035 2276 1066 2316 se
1084 2259 1213 2334 revocat,
1236 2260 1273 2314 ut
1295 2255 1409 2332 duplici
1432 2275 1521 2316 onere
1545 2276 1613 2315 sns-

334 2352 419 2423 oepto
450 2350 481 2406 et
508 2345 674 2404 Alcimidae
702 2345 860 2405 victoriam
889 2346 1069 2405 Nemeaeam
1099 2346 1196 2405 denuo
1226 2345 1379 2422 praedicet
1408 2348 1439 2404 et
1467 2345 1612 2406 Melesiae

334 2436 446 2512 aliptae
471 2435 651 2495 celeritatem
677 2438 707 2493 et
730 2435 938 2494 dexteritatem
961 2435 1065 2494 laudet
1086 2426 1239 2516 (ba—oo).
1259 2467 1302 2474 —
1321 2433 1447 2493 Carmen
1466 2434 1522 2494 hoc
1542 2454 1613 2495 oum

333 2525 467 2603 longiore
495 2522 599 2581 fabula
626 2526 726 2583 careat
754 2527 785 2582 et
811 2543 904 2599 paene
932 2528 1031 2583 totum
1060 2524 1091 2582 in
1121 2523 1255 2583 victoriis
1284 2523 1384 2602 gentis
1414 2524 1612 2584 Bassidarum

334 2613 543 2672 enumerandis
572 2616 602 2670 et
629 2611 835 2687 praedicandis
862 2616 1009 2690 versetur,
1037 2613 1115 2672 inter
1142 2613 1299 2692 frigidiora
1327 2613 1461 2672 carmina
1484 2613 1612 2673 Pindari

332 2703 504 2780 ponendum
523 2703 576 2760 est.
613 2700 655 2759 Ut
673 2701 752 2759 enim
770 2700 877 2761 decora
896 2703 955 2760 ista
975 2702 1164 2780 gymnastica
1186 2702 1294 2762 eximio
1318 2702 1476 2778 praeconio
1501 2707 1613 2763 ornata

332 2792 460 2870 gentiles
491 2790 632 2849 Bassidas
664 2808 843 2867 magnopere
880 2791 1040 2867 iuvabant,
1073 2791 1117 2850 ita
1149 2794 1285 2851 nostrum
1318 2792 1453 2851 animum
1485 2792 1612 2853 minimo

332 2883 528 2941 commovent.

877 3016 921 3081 De
944 3017 1067 3084 metris.

421 3147 567 3207 Carminis
585 3148 676 3207 huius
694 3147 810 3206 numeri
827 3151 898 3206 sunt
911 3148 1067 3225 Aeolioi,a
1086 3148 1206 3227 vulgari
1224 3149 1321 3208 forma
1335 3148 1494 3208 modorum
1508 3149 1611 3210 Aeoli·

331 3257 434 3319 corum
464 3238 508 3295 ita
538 3236 694 3314 declinati,
724 3239 760 3295 nt
782 3236 848 3296 cola
871 3237 1020 3314 dactylica
1044 3241 1075 3297 et
1098 3237 1290 3314 anapaestica
1312 3237 1495 3317 logaoedicis
1517 3239 1610 3298 inter·

331 3327 425 3386 mixta
453 3327 520 3385 sint.
567 3326 714 3402 Strophae
741 3343 860 3386 versum
888 3327 1018 3402 primum
1046 3327 1119 3386 olim
1146 3327 1177 3386 in
1205 3327 1279 3387 duos
1307 3346 1411 3387 verens
1439 3327 1611 3404 divisorem,

331 3436 423 3493 nunc,
453 3435 489 3474 ne
517 3416 548 3473 in
576 3435 606 3473 re
630 3414 722 3473 dnbia
745 3434 763 3473 a
786 3433 930 3474 consensu
953 3416 1087 3476 virorum
1117 3415 1273 3476 doctorum
1303 3417 1483 3493 recederem,
1514 3417 1546 3474 in
1574 3436 1610 3477 eo

331 3505 483 3582 acquievi,
506 3507 541 3562 ut
571 3505 636 3563 cola
665 3522 768 3563 versus
798 3505 965 3580 separanda
992 3524 1135 3565 curarem.
1181 3506 1258 3565 Item
1288 3505 1376 3582 epodi
1399 3524 1504 3566 versus
1532 3506 1611 3566 sexti

329 3595 396 3654 cola
414 3595 445 3652 in
463 3613 558 3651 unum
577 3611 695 3652 versum
714 3592 853 3653 coniunxi
872 3594 1036 3653 Hermanni
1055 3597 1086 3654 et
1104 3595 1226 3673 Bergkii
1245 3595 1458 3655 auctoritatem
1476 3597 1610 3671 secutus,

330 3683 401 3742 licet
431 3681 548 3757 syllaba
577 3701 686 3758 anceps
715 3682 814 3741 finalis
843 3683 951 3759 prioris
981 3683 1039 3742 ooli
1068 3704 1096 3744 v.
1123 3695 1156 3742 20
1186 3684 1217 3743 in
1247 3684 1428 3744 contrariam
1459 3685 1610 3744 rationem

330 3772 473 3832 Boeckbii
496 3771 605 3830 trahat.
643 3772 779 3847 Denique
803 3771 945 3831 ultimum
969 3791 1088 3832 versum
1112 3774 1252 3850 strophae
1276 3773 1481 3834 Hermannnm
1506 3792 1608 3849 opusc.

331 3873 495 3921 v11170ss.
518 3865 549 3920 et
571 3861 748 3939 Bergkium,
776 3880 844 3920 eum
872 3861 948 3921 alias
976 3862 1118 3921 lectiones
1145 3863 1322 3938 probassent
1349 3868 1379 3923 et
1403 3862 1479 3923 sexti
1502 3881 1609 3922 versus

328 3951 453 4009 ultimas
483 3952 614 4027 quatuor
648 3950 779 4027 syllabas
808 3951 839 4009 in
869 3951 1051 4027 principium
1085 3952 1205 4028 septimi
1235 3970 1339 4012 versus
1371 3951 1610 4030 transtulissent,

329 4039 417 4098 aliter
447 4040 594 4099 dimensos
616 4058 678 4099 esse
702 4041 827 4099 lectores
857 4040 1025 4100 admonitos
1052 4041 1150 4100 velim.
1196 4042 1302 4102 Totius
1335 4045 1437 4101 antem
1464 4041 1609 4101 carminis

328 4128 502 4188 colometria
530 4148 597 4188 cnm
626 4129 691 4205 ipsa
718 4148 771 4205 per
798 4148 829 4187 se
858 4129 895 4189 ob
923 4130 1114 4189 insolentiam
1141 4151 1332 4191 numerorum
1356 4129 1536 4190 difficillima
1560 4131 1609 4207 sit,

328 4218 420 4278 etiam
444 4217 595 4278 difficilior
616 4219 698 4277 facta
725 4221 771 4277 est
800 4218 905 4277 multis
934 4222 965 4278 et
994 4219 1137 4297 gravibus
1165 4220 1343 4297 corruptelis
1371 4219 1544 4297 verborum,
1573 4219 1608 4278 de

329 4306 439 4383 qnibns
464 4308 599 4367 conferas
624 4312 685 4367 not.
709 4307 773 4366 crit.
798 4308 836 4366 ad
862 4328 909 4368 vv.
930 4319 953 4368 τ.
974 4319 1015 4369 13.
1037 4319 1077 4369 18.
1097 4319 1163 4368 28s.
1184 4320 1226 4368 61.
1246 4321 1288 4370 60.
1309 4321 1351 4368 65.
1398 4307 1526 4368 Carmen
1552 4308 1609 4369 hoc

328 4417 388 4473 qno
417 4397 504 4457 modo
531 4400 688 4456 cantatum
715 4397 768 4474 sit,
796 4401 910 4456 certum
939 4396 1082 4456 indicium
1110 4418 1170 4458 non
1198 4403 1308 4476 exstat,
1332 4399 1390 4459 nisi
1413 4397 1495 4473 quod
1518 4401 1609 4474 poeta

328 4506 354 4546 v.
375 4498 409 4545 b?
432 4487 579 4564 Aeginam
603 4505 632 4545 se
656 4486 771 4546 venisse
799 4490 931 4545 testatur
954 4490 984 4546 et
1006 4487 1152 4546 vocabulo
1177 4483 1323 4566 ἕγκωμίου
1348 4481 1390 4569 (v.
1410 4479 1460 4568 32)
1485 4487 1608 4564 publica

327 4576 498 4636 comissatio
521 4576 646 4635 indicari
665 4575 792 4633 videtur.
826 4575 931 4636 Cetera
949 4576 986 4635 ab
1005 4595 1040 4636 eo
1059 4577 1197 4654 pendent,
1213 4582 1317 4638 utrum
1336 4595 1438 4637 omnes
1452 4595 1557 4635 versus
1577 4576 1608 4637 in

327 4665 464 4740 dipodias
493 4663 644 4723 dividendi
674 4665 736 4722 sint
764 4684 864 4726 necne.
909 4666 1011 4741 Atqne
1041 4665 1180 4741 dipodioa
1204 4669 1320 4727 scansio
1344 4685 1485 4726 versuum
1509 4669 1562 4724 str.
1584 4677 1606 4723 1.

327 4766 351 4810 a.
372 4765 395 4812 o.
417 4758 443 4813 τ.
460 4773 505 4828 ep.
525 4765 550 4811 a.
569 4765 593 4812 3.
613 4764 629 4810 o
653 4757 734 4812 certa
761 4759 791 4813 et
815 4754 971 4830 explorata
997 4773 1060 4813 esse
1086 4754 1217 4833 videtur,
1250 4757 1286 4816 de
1316 4754 1441 4831 reliquis
1471 4754 1607 4815 versibus

327 4841 401 4901 adeo
426 4842 548 4919 vacillo,
571 4846 607 4900 ut
630 4862 666 4900 ne
690 4843 804 4901 ictuum
829 4843 949 4920 quidem
974 4844 1059 4921 signa
1082 4844 1180 4903 ubivis
1203 4866 1313 4922 ponere
1337 4864 1429 4904 ansus
1452 4844 1517 4903 sim.
