3442 5550
849 1212 991 1264 oaumss.
1011 1209 1046 1264 1'.

338 1373 783 1458 utrumnum
819 1372 1069 1457 ΛΟΚΡΩι
1107 1368 1563 1455 ΕΠΙΖΕΦΤΡΙΩι

815 1568 915 1617 ΠΑΙΔΙ
937 1567 1083 1617 ΙΙΤΚΤΠι.

859 1868 1037 1937 Strophae.
1100 1870 1103 1876 '

832 3600 1073 3682 Argumentum.

405 3729 603 3807 Agesidamns
631 3730 818 3787 Archestrati
848 3729 928 3787 filius
959 3730 1071 3789 Locrus
1103 3728 1318 3804 Epizephyrius
1347 3730 1490 3807 pugilatu
1519 3749 1598 3805 puer

316 3817 362 3877 Ol.
380 3822 420 3876 74
436 3844 478 3865 =
494 3822 557 3877 484
577 3838 603 3876 a.
619 3819 684 3877 tur.
705 3819 735 3876 in
756 3818 875 3877 scholiis
889 3818 1054 3895 Vaticanis,
1074 3816 1119 3876 01.
1137 3821 1176 3877 76
1197 3843 1238 3864 --
1260 3820 1323 3877 476
1344 3837 1370 3876 a.
1385 3818 1453 3877 cur.
1472 3819 1504 3877 in
1523 3819 1597 3877 Am·

314 3907 461 3966 bresianis
486 3900 542 3985 (A)
566 3907 671 3966 vicisse
694 3907 874 3983 perhibetur.
921 3907 998 3967 Utra
1020 3908 1144 3967 traditio
1168 3926 1238 3965 vera
1265 3908 1306 3966 sit
1332 3910 1411 3967 certe
1435 3907 1597 3967 diiudicari

315 4016 374 4055 non
398 4000 505 4074 potest,
530 3997 618 4055 alteri
641 4002 744 4055 autem
767 4000 797 4055 et
820 3997 916 4057 maior
938 3996 1010 4056 fides
1034 3997 1142 4056 codicis
1161 3996 1351 4056 Ambrosiani
1370 3996 1455 4056 favet
1479 3999 1511 4057 et
1530 3996 1596 4055 lau-

315 4086 397 4145 datio
421 4086 545 4145 bellicae
569 4086 692 4145 virtutis
715 4086 879 4146 Locrorum
897 4086 1179 4163 v.15facta‚quue
1204 4086 1228 4143 si
1253 4086 1290 4143 ad
1310 4085 1451 4144 Anaxilai
1473 4086 1597 4163 tyranni

316 4194 399 4233 arma
415 4194 433 4232 a
447 4175 549 4235 Locris
567 4176 678 4235 reiecta
693 4166 745 4255 (cf.
760 4176 792 4235 P.
808 4194 830 4232 ιι
845 4168 894 4256 19)
908 4178 1033 4253 spectat,
1052 4176 1108 4235 hoc
1131 4194 1249 4233 carmen
1273 4177 1342 4250 post
1365 4194 1478 4233 annum
1498 4178 1594 4251 477]ῑὸ

317 4265 462 4340 scriptum
491 4265 531 4322 sit
558 4285 675 4325 necesse
704 4268 756 4323 est.
804 4265 994 4342 Quamquam
1021 4264 1099 4323 enim
1131 4264 1209 4322 inter
1236 4264 1393 4323 victoriam
1421 4264 1596 4342 Agesidami

316 4357 347 4411 et
364 4353 557 4429 praeconium
576 4354 639 4412 eius
658 4354 714 4413 hec
732 4355 862 4413 carmine
882 4354 997 4412 factum
1015 4353 1207 4429 aliquantum
1230 4352 1374 4428 temporis
1397 4353 1596 4428 interlapsum

316 4460 380 4501 esse
403 4462 438 4501 ex
463 4442 548 4501 initio
572 4443 712 4501 carminis
737 4444 842 4519 elucet,
866 4446 966 4502 tamen
989 4444 1118 4501 immane
1142 4446 1188 4500 esl—
1211 4445 1343 4500 statuere
1362 4441 1442 4500 ludis
1461 4439 1596 4517 Olympi·

316 4531 358 4590 cis
381 4531 504 4590 tertium
527 4531 733 4608 redeuntibus
765 4533 782 4590 i.
807 4552 831 4591 e.
856 4536 923 4592 octo
951 4532 1037 4590 annis
1059 4535 1221 4608 postquam
1243 4536 1332 4607 parta
1355 4532 1407 4607 sit,
1438 4530 1596 4591 victoriam

316 4620 519 4696 praedicatam
548 4639 619 4679 esse.
666 4620 777 4690 Quodsi
802 4641 828 4679 a.
848 4624 912 4681 476
936 4621 992 4680 hoc
1015 4640 1133 4679 carmen
1156 4620 1271 4679 fuctum
1294 4623 1353 4697 est,
1381 4640 1441 4679 non
1463 4619 1553 4697 longe
1577 4640 1596 4677 a

317 4713 449 4785 tempore
469 4710 634 4775 carminum
654 4708 688 4768 0.
703 4729 736 4766 ιιι
752 4716 783 4767 et
798 4709 831 4769 Ο.
847 4728 866 4787 1,
886 4730 963 4786 quae
987 4710 1017 4767 in
1042 4709 1132 4769 simili
1156 4710 1279 4768 materie
1302 4710 1470 4786 versantur,
1494 4708 1596 4767 distat.

317 4798 380 4857 Huc
409 4804 509 4857 autem
538 4798 611 4855 bene
640 4799 668 4856 iu
698 4802 793 4857 artium
826 4799 948 4857 Pindari
981 4799 1124 4875 quadrat,
1153 4817 1242 4873 quem
1270 4799 1299 4856 in
1328 4797 1512 4857 camurinibus
1539 4798 1596 4857 sub
