3442 5550
567 412 581 446 ·
776 355 907 405 Parma
926 355 956 406 V.

442 512 618 598 ἀκηράτοις
640 514 750 592 άνίαις
1142 521 1223 602 Σιρ.
1246 514 1289 602 β’.

441 620 631 706 ποταρκέων
655 620 773 687 δώδεκ’
802 622 844 687 άν
867 625 1001 708 δρόμων
1024 622 1166 708 τέμενος.
1310 642 1345 688 45

441 727 615 794 κατέκλασε
639 731 702 814 γάρ
727 727 847 794 ἐντέων

485 834 607 912 σθένος
630 833 742 901 οὐδέν·
767 836 850 902 ἀλλὰ
873 835 1044 922 κρέμαται,

387 960 421 1006 35
440 943 545 1008 ὁπόσα
568 952 726 1029 χεριαρᾶν

439 1053 602 1115 τεκτόνων
626 1049 757 1116 δαίδαλ’
782 1054 875 1134 άγων

440 1161 604 1243 Κρισαῖον
627 1161 735 1242 λόφον

439 1267 577 1350 ἄμειψεν
600 1265 635 1330 έν
658 1268 854 1332 κοιλόπεδον
876 1266 981 1344 νάπος

439 1378 537 1437 θεοῦ·
560 1382 605 1462 τῷ
630 1371 688 1457 σφ’
714 1376 779 1457 ἔχει
801 1377 1043 1461 κυπαρίσσινον

385 1497 420 1541 40
438 1478 609 1565 μέλαθρον
632 1477 714 1564 ἀμφ’
739 1479 914 1566 ἀνδριάντι
938 1483 1071 1565 σχεδόν,

438 1589 566 1672 Κρῆτες
588 1586 628 1652 δν
649 1586 826 1673 τοξοφόροι
849 1586 938 1671 τέγει·
959 1593 1142 1677 Παρνασίῳ

438 1693 622 1777 κάθεσσαν,
645 1695 704 1759 τὸν
727 1697 940 1781 μονόδροπον
962 1699 1080 1780 φυτόν.
1309 1715 1342 1761 σε

438 1906 545 1974 ἑκόντι
569 1912 685 1974 τοίνυν
707 1907 821 1995 πρέπει
967 1917 968 1920 ’
1137 1909 1220 1976 Ἀντ.
1243 1910 1288 1996 β’.

437 2019 503 2105 νόῳ
528 2018 587 2081 τὸν
609 2015 784 2104 εὐεργέταν
806 2016 1015 2083 ὑπαντιάσαι.

224 2161 384 2168 ——-.-.-
397 2162 436 2167 -...

295 2251 336 2300 ³³2.
360 2245 512 2315 ἀκηράτοις
532 2247 564 2301 C:
588 2244 752 2315 ἀκηράτοισι
771 2247 837 2301 BD
856 2279 889 2288 -·
908 2252 951 2301 33.
975 2245 1137 2314 ποταρκέων
1156 2247 1227 2303 soni.
1243 2247 1369 2303 Boeckh:
1394 2250 1498 2317 ποδαρ·

223 2317 295 2371 κέων
313 2317 402 2385 codd,
422 2315 566 2386 έπαρκέων
581 2318 667 2372 schol.
683 2317 741 2372 inte
775 2320 903 2372 retantur
916 2351 949 2358 -
965 2316 1067 2373 δώδεκ’
1084 2316 1121 2372 διν
1137 2316 1248 2389 δρόμων
1263 2319 1335 2375 coni.
1351 2319 1498 2376 Thiersch:

222 2387 446 2459 δωδεκαδρόμων
469 2390 536 2456 BC,
555 2391 683 2443 δυώδεκα
707 2335 818 2457 δρδρμων
841 2389 882 2459 D,
906 2388 1123 2459 δωδεκάδρομον
1140 2390 1246 2445 Mosch.
1268 2424 1300 2431 -
1321 2398 1362 2445 36.
1383 2390 1496 2445 δαίδαλ’

223 2461 293 2514 coni.
308 2461 394 2514 Pauw
413 2461 458 2530 (cf.
472 2461 552 2514 Hom.
570 2465 596 2514 Τ
608 2478 641 2529 ra,
661 2478 694 2530 ιο,
713 2479 728 2514 τ
746 2464 808 2528 σεῦε
829 2460 997 2531 δαιδάλματ’
1018 2461 1112 2526 codd.;
1131 2462 1248 2532 χεριάρα
1267 2462 1396 2526 τέκτονος
1414 2463 1497 2534 ἀγάλ-

223 2530 289 2601 ματ’
309 2532 380 2587 coni.
396 2531 525 2600 Schmid,
544 2530 673 2587 τεκτόνια
692 2529 805 2585 δαίδαλ’
825 2532 968 2586 Hermann
987 2565 1018 2572 —
1039 2537 1081 2587 88.
1101 2535 1166 2602 post
1185 2533 1306 2602 ἄμειψεν
1325 2534 1500 2604 interpunxit

223 2603 322 2675 Bergk,
343 2607 375 2655 ut
398 2603 428 2656 έν
451 2602 618 2658 κοιλόπεδον
641 2603 731 2666 νάπος
753 2603 790 2656 ad
813 2603 862 2672 κρέ
902 2625 947 2658 ται
970 2605 1108 2658 referatur
1127 2637 1160 2644 -
1179 2611 1220 2661 39.
1247 2610 1327 2661 θεοῦ.
1352 2606 1384 2659 τὸ
1408 2607 1499 2671 οοδδ.,

222 2679 294 2747 θεῷ·
322 2683 372 2728 τοῦ
396 2675 466 2729 coni.
482 2675 587 2745 Bergk,
610 2680 694 2729 θεοῦ·
719 2680 757 2747 τῷ
780 2675 858 2730 Rauc
879 2675 1000 2744 enstcin,
1025 2674 1126 2738 νάπος·
1146 2680 1218 2731 θεοῦ
1236 2675 1266 2731 ιε’
1284 2676 1335 2746 σφ’
1352 2677 1408 2748 ἔχει
1427 2678 1497 2731 Har-

221 2748 292 2816 tnng
311 2778 344 2785 —
364 2751 406 2800 41.
431 2749 573 2815 Παρνασσ.
596 2747 655 2801 ΟΒ
674 2779 707 2786 -
726 2751 769 2801 49,
794 2746 939 2801 κάθεσσαν
957 2749 1006 2801 τδν
1024 2746 1095 2800 coni.
1111 2747 1236 2803 Boeekb:
1257 2748 1433 2804 καθέσσαντο
1452 2749 1496 2803 vel

222 2815 375 2872 καθέσσαν.
394 2817 426 2871 τὸ
445 2818 526 2873 codd.
547 2850 578 2858 -
598 2817 757 2887 μονόδροσν
774 2818 864 2873 τόπον
883 2819 953 2873 coni.
969 2819 1137 2873 Herwerden
1155 2852 1191 2859 —

291 2966 333 3015 33.
360 2959 536 3029 κοταρκέων,
560 2961 713 3030 sufficiens,
737 2979 820 3030 quem
838 2961 912 3016 vires
930 2977 986 3014 non
1006 2960 1140 3015 deficiant
1158 2961 1308 3017 duodecies
1327 2962 1496 3016 curriculum

220 3030 339 3103 integris
357 3032 476 3086 habenis
494 3033 714 3102 permetientem.
754 3034 795 3087 De
815 3032 962 3087 duodecim
981 3031 1108 3086 cursibus
1127 3050 1261 3101 equorum
1280 3051 1305 3087 v.
1326 3033 1356 3088 Ο.
1378 3053 1399 3086 11
1417 3050 1443 3089 aa
1463 3068 1494 3074 -

220 3109 262 3158 34.
289 3103 391 3157 ἐντέων
417 3103 530 3171 σθένος,
557 3104 758 3174 periphrastica
783 3107 816 3158 ut
840 3101 943 3167 σθένος
967 3101 1061 3158 ἀελίου
1084 3104 1113 3158 Ρ.
1133 3122 1161 3156 iv
1181 3120 1232 3173 lle,
1251 3104 1353 3167 σθένος
1371 3103 1496 3174 ἡμιόνων

221 3175 251 3231 Ο.
271 3195 299 3229 vr
317 3192 343 3229 as
364 3207 396 3214 —
416 3181 458 3230 36.
482 3174 617 3244 δαίδαλα,
637 3175 788 3231 artificiosa
807 3177 972 3229 ornamenta
990 3193 1099 3242 currus,
1125 3174 1266 3228 fabrorum
1292 3193 1377 3229 manu
1406 3176 1495 3244 facta3

219 3248 253 3303 cf.
277 3247 609 3315 Hom.T1a1o,raar
633 3247 829 3301 -τεκτόνων
856 3255 1006 3317 χεριαρᾶν,
1034 3246 1178 3300 fabrorum
1204 3264 1290 3300 manu
1318 3247 1425 3301 artifice
1454 3248 1494 3302 in·

219 3318 341 3389 signium
365 3350 398 3357 —
422 3323 464 3372 37.
493 3323 629 3387 Κρισαῖον
656 3317 756 3388 λόφον·
785 3318 885 3372 collem
914 3318 985 3373 dicit
1010 3318 1083 3372 inter
1108 3335 1238 3387 campum
1261 3317 1416 3387 Crisaeum,
1446 3319 1494 3372 ubi

219 3389 283 3459 equi
303 3389 500 3457 decurrebant,
525 3394 553 3443 et
576 3390 699 3460 Delphos
719 3391 816 3444 urbem
833 3393 998 3444 montanam
1018 3390 1110 3457 situm,
1130 3389 1178 3458 qui
1197 3406 1260 3442 cum
1279 3393 1309 3443 et
1327 3390 1363 3444 ab
1383 3389 1427 3455 iis,
1446 3391 1495 3459 qui

219 3460 335 3531 Delphis
358 3461 386 3514 in
411 3478 539 3531 campum
562 3461 783 3529 descendebant,
807 3465 836 3515 et
858 3463 896 3516 ab
922 3460 969 3530 iis,
995 3461 1043 3530 qui
1067 3478 1081 3515 e
1105 3477 1204 3530 campo
1228 3461 1264 3514 ad
1289 3461 1424 3532 templum
1448 3463 1495 3516 dei

218 3532 362 3600 redibant,
381 3533 601 3602 praetereundus
620 3537 706 3602 esset,
732 3534 851 3587 alterum
870 3533 924 3588 iter
942 3535 1007 3602 post
1023 3532 1170 3587 victoriam
1189 3533 1313 3587 curulem
1332 3533 1361 3586 in
1381 3532 1494 3588 Crisaeo

219 3620 317 3674 eampo
336 3607 508 3674 reportatam
527 3604 608 3658 unice
626 3605 691 3658 huic
709 3605 771 3658 loco
787 3605 1028 3660 accommodatum
1043 3621 1103 3658 esse
1117 3605 1206 3674 patet,
1220 3607 1252 3657 ut
1266 3604 1349 3674 Leop.
1365 3604 1493 3658 Schmid-

218 3675 303 3741 tinm,
322 3674 401 3730 Pind.
419 3675 484 3729 Leb.
504 3695 530 3745 p.
550 3693 589 3729 :ios
609 3676 778 3730 contrariam
802 3676 970 3731 sententiam
995 3673 1127 3744 amplecti
1150 3679 1179 3728 et
1202 3675 1352 3730 defendere
1375 3675 1492 3731 mireris.

218 3747 376 3801 Anathema
395 3747 471 3800 istud
489 3747 644 3800 Pausanias
663 3765 719 3801 non
738 3747 795 3801 iam
814 3747 894 3815 vidit,
913 3746 980 3801 licet
998 3748 1109 3816 praeter
1127 3746 1238 3817 signum
1258 3747 1331 3801 lovis
1349 3749 1493 3802 Ammonis

217 3835 235 3872 a
253 3817 402 3887 Cyrenaicis
421 3818 583 3872 dedicatum
602 3820 694 3887 (Paus.
714 3839 730 3871 x
751 3837 784 3887 rs,
803 3824 826 3890 a)
851 3819 1030 3890 magnificum
1048 3822 1258 3873 monumentum
1276 3819 1356 3873 Batti
1374 3836 1455 3873 curru
1475 3838 1493 3873 a

218 3888 322 3959 Cyrene
347 3893 424 3944 recto
443 3890 472 3942 in
490 3889 608 3958 Libyam
627 3890 756 3945 vehentis
780 3892 872 3959 (Pane.
887 3910 904 3942 x
920 3905 952 3958 ιε,
967 3892 990 3958 e)
1014 3889 1119 3943 viderit
1136 3922 1169 3929 —
1189 3895 1231 3944 39.
1256 3894 1328 3945 θεοῦ
1347 3908 1410 3944 eum
1429 3909 1492 3960 pro-

215 3961 276 4032 prie
290 3962 327 4015 ad
342 3962 439 4028 νάκος,
458 3965 490 4014 ut
508 3962 583 4030 quod
601 3979 704 4016 nomen
721 3963 846 4032 proxime
865 3961 1024 4029 antecedat,
1041 3961 1217 4015 referendum
1236 3961 1281 4028 sit,
1296 3965 1391 4015 tamen
1406 3963 1493 4016 etiam

216 4032 388 4087 adverbum
407 4032 540 4103 κρέμαται
559 4033 693 4103 pertinet,
718 4034 851 4102 quoniam
874 4034 902 4086 in
921 4033 1025 4087 vallem
1044 4033 1089 4086 dei
1108 4031 1259 4087 Carrhotus
1279 4033 1420 4102 profectus
1440 4039 1491 4101 est,

217 4107 248 4159 ut
266 4104 307 4159 ibi
326 4108 501 4159 armamenta
519 4122 615 4158 currus
634 4105 748 4159 victoris
768 4105 950 4175 suspenderet
965 4137 997 4144 -
1012 4103 1043 4158 τό
1062 4104 1085 4158 si
1104 4106 1179 4158 recte
1198 4122 1227 4157 se
1247 4104 1334 4158 habet
1353 4121 1441 4173 neque
1463 4106 1492 4158 in

214 4184 264 4231 τοῦ
282 4175 328 4231 vel
347 4176 441 4246 potius
463 4182 501 4249 τῷ
521 4176 726 4230 emendandum
746 4179 801 4241 est,
825 4176 902 4231 valet
921 4176 1062 4239 ‘idcireo';
1087 4176 1120 4229 cf.
1143 4175 1173 4229 Ο.
1193 4194 1221 4228 vr
1239 4191 1265 4229 se
1287 4208 1317 4215 -
1337 4182 1379 4229 40.
1400 4197 1491 4230 κυπα-

215 4246 338 4317 ρίσσινον
356 4246 511 4318 μέλαθρον·
536 4249 698 4318 cupressina
717 4248 858 4316 aedicula,
877 4265 949 4317 quae
968 4247 1163 4301 thesaurorum
1190 4245 1280 4300 instar
1303 4264 1399 4301 currus
1424 4249 1491 4303 arti·

214 4319 311 4374 liciosa
325 4322 500 4373 armamenta
515 4336 530 4373 e
545 4320 681 4374 columnis
696 4320 880 4389 trabibusque
895 4319 964 4373 tecti
978 4335 1113 4388 suspensa
1127 4318 1290 4388 recipiebat,
1311 4318 1389 4372 euius
1404 4321 1490 4375 moris

214 4407 310 4463 currus
325 4408 458 4459 armaque
473 4391 608 4445 victoriae
624 4391 678 4446 diis
693 4391 874 4446 consecrandi
888 4391 933 4460 (cf.
945 4391 975 4444 Ο.
987 4409 1004 4443 v
1014 4408 1034 4445 s.
1050 4390 1131 4445 Paus.
1142 4409 1169 4442 vr
1183 4408 1205 4457 a,
1219 4393 1242 4457 ι)
1255 4390 1379 4459 insignia
1394 4409 1490 4445 monu-

215 4466 310 4517 menta
323 4462 353 4516 in
367 4462 481 4516 Etruria
495 4463 626 4517 Perusiae
640 4466 751 4534 reperta
770 4467 844 4530 sunt,
863 4462 964 4531 quibus
984 4462 1018 4516 de
1033 4482 1057 4517 v.
1072 4461 1185 4516 Mitteil.
1200 4462 1228 4516 d.
1243 4462 1322 4516 Rom.
1338 4463 1404 4517 lnst.
1422 4469 1490 4517 1894

214 4566 248 4575 -
262 4540 305 4589 42.
320 4533 499 4605 μονόδροπον
512 4532 615 4603 φυτόν·
632 4536 777 4590 arboream
792 4539 916 4588 statuam
931 4550 963 4587 er
978 4551 1033 4587 uno
1048 4537 1146 4586 trunco
1161 4533 1276 4602 factam,
1291 4550 1346 4587 non
1357 4551 1391 4586 ex
1404 4533 1489 4602 pluri-

214 4606 265 4659 bne
284 4605 413 4676 partibus
435 4606 620 4676 compositam
640 4640 672 4646 —
691 4614 733 4661 44.
754 4606 916 4676 εὐεργέταν
937 4604 1101 4659 Carrhotnm
1121 4604 1258 4675 aurigam,
1278 4606 1323 4658 cui
1342 4604 1489 4658 victoriam

215 4677 372 4732 Arcesilaus
391 4677 483 4745 debet,
503 4696 559 4731 non
578 4679 660 4732 deum
675 4678 846 4749 Apollinem3
866 4677 1004 4731 Pindarus
1023 4679 1125 4744 autem,
1145 4680 1177 4730 ut
1192 4676 1309 4743 adsolet,
1330 4675 1488 4729 laudationi

215 4748 432 4803 admonitionem
457 4750 611 4815 immiscet3
639 4751 751 4804 videtur
773 4751 847 4805 enim
866 4747 1025 4803 Arcesilaus
1047 4749 1141 4803 minus
1164 4764 1318 4819 propensus
1342 4745 1428 4802 faisse
1453 4748 1489 4801 ad

215 4822 316 4876 merita
334 4821 526 4874 ministrorum
546 4839 657 4875 suorum
678 4822 881 4877 remuneranda
900 4854 934 4862 —
