3442 5550
320 406 412 461 XXVI
825 409 1104 463 PROLEGOMENA.

320 593 395 636 rum
413 571 541 656 formis,
561 572 679 657 quibus
699 570 748 637 vis
767 572 918 656 ancipitis
938 571 1074 655 exprimi
1093 574 1216 656 potest,
1239 571 1343 637 altera
1360 570 1467 637 forma
1483 571 1603 657 longae

323 679 467 764 syllabae
492 701 557 743 una
580 683 737 764 usurpata
760 679 803 744 sit

409 908 554 1007 {aspires
567 933 644 977 vero
659 912 745 995 quod
757 911 843 976 inter
852 911 1019 996 dipodicos
1029 856 1247 996 potiii‘quam
1259 912 1421 997 simplices
1432 914 1529 997 pedes
1539 918 1603 977 ret-

320 1018 464 1102 tulimus,
479 1019 603 1083 duabus
619 1018 725 1084 causis
739 1019 869 1084 adducti
884 1042 1005 1104 sumus,
1018 1019 1160 1104 primum
1174 1019 1259 1105 quod
1270 1021 1407 1085 creticus
1416 1042 1484 1104 pes,
1498 1020 1603 1106 quiex

320 1127 455 1210 pedibus
470 1126 617 1211 paeonici
633 1126 760 1212 generis
774 1126 1057 1212 frequentissimus
1073 1133 1133 1211 est,
1147 1127 1287 1212 speciem
1302 1127 1450 1210 dipodiae
1464 1128 1604 1193 trochai-

321 1256 376 1298 cae
392 1232 597 1298 catalectieao
612 1233 720 1317 habet,
735 1234 848 1298 deinde
863 1235 949 1317 quod
959 1233 1098 1318 dipodiis
1109 1234 1282 1299 trochaicis
1298 1234 1408 1299 cretici
1421 1240 1454 1298 et
1462 1256 1603 1318 paeones

321 1362 417 1424 saepe
441 1339 605 1406 coniuncti
629 1340 851 1424 inveniuntur,
879 1339 1025 1405 velutin
1047 1363 1143 1406 versu
1166 1340 1338 1406 notissimo
1361 1339 1602 1426 Aiistophaneo

819 1460 866 1486 ''·
961 1462 1211 1499 ῦ·υυυ·υν

467 1535 567 1602 οὐδέν
591 1534 659 1601 ἐστι
682 1489 807 1622 θτ-ῑρίοῖ)
830 1489 1223 1624 γτῑναιζιὸς-ἆμάχώ-τερον
1247 1536 1336 1624 (Lys.
1359 1534 1459 1623 1014)

320 1667 353 1728 et
375 1662 411 1727 in
429 1661 561 1727 Pindari
581 1661 685 1747 ipsius
705 1663 852 1728 versibus
872 1661 907 1727 0.
922 1680 948 1726 11
963 1665 991 1728 8.
1010 1686 1058 1748 ep.
1075 1666 1094 1730 6
1114 1671 1147 1728 et
1170 1662 1204 1729 P.
1219 1682 1242 1726 v
1257 1664 1286 1726 2.
1306 1685 1354 1747 ep.
1370 1664 1398 1727 ἱ).
1414 1664 1441 1726 7.
1477 1661 1602 1738 Quibus

319 1774 429 1834 autem
448 1769 630 1834 rationibus
649 1766 745 1834 Plato
765 1766 818 1857 (de
837 1792 904 1855 rep.
918 1788 959 1834 111
976 1793 1006 1854 p.
1020 1773 1087 1836 400
1096 1768 1155 1858 A),
1177 1769 1374 1835 Aristoteles
1393 1768 1544 1858 (rhetm
1558 1768 1603 1857 8),

319 1876 550 1962 Aristoxenus,
575 1882 701 1941 veteres
730 1878 845 1943 musici
872 1900 984 1943 omnes
1008 1878 1138 1944 adducti
1162 1878 1242 1962 sint,
1269 1882 1307 1942 ut
1329 1876 1416 1941 inter
1440 1877 1602 1960 simplices

318 1985 416 2070 pedes
443 2005 583 2067 paeones
611 1983 782 2069 referrent,
810 1985 873 2050 hoc
900 1985 974 2051 loco
1003 2008 1162 2071 exponere
1190 1985 1325 2070 longum
1352 1987 1403 2048 est
1429 2005 1534 2068 neque
1562 1985 1602 2049 ed

319 2114 387 2156 rem
411 2089 613 2175 propositam
637 2091 765 2156 attinet.

408 2197 566 2263 Bacchios
581 2202 614 2262 et
627 2197 752 2263 ionicos
767 2221 865 2284 supra
878 2222 943 2265 non
959 2201 1293 2283 commemoravimus,
1313 2200 1467 2283 quoniam
1480 2199 1516 2263 in
1529 2199 1603 2264 Pin-

318 2288 388 2371 dari
402 2304 600 2370 carminibus
615 2304 762 2370 continui
777 2312 811 2371 et
824 2307 945 2392 integri
959 2330 1025 2373 non
1038 2307 1261 2393 inveniuntur,
1276 2307 1429 2371 differunt
1443 2312 1551 2371 autem
1567 2307 1602 2371 hi

318 2436 337 2477 a
351 2413 467 2478 ceteris
482 2411 618 2497 pedibus
633 2413 834 2499 compositis,
849 2415 934 2499 quod
948 2436 1015 2479 non
1030 2415 1066 2479 in
1079 2414 1176 2499 pedes
1191 2414 1354 2499 simplices
1369 2414 1425 2479 sed
1435 2419 1602 2498 tamquam

317 2518 513 2605 principales
522 2518 619 2603 pedes
630 2517 753 2584 directa
767 2521 820 2585 vis
832 2522 868 2586 in
882 2522 981 2587 arsim
996 2527 1029 2587 et
1041 2522 1161 2587 thesim
1175 2522 1394 2602 solvebantur,
1407 2543 1603 2604 quamquam

318 2627 417 2691 etiem
432 2627 473 2691 ad
486 2624 723 2691 choriambicos
736 2632 769 2691 et
784 2629 955 2712 paeonicos
971 2631 1068 2714 pedes
1082 2629 1196 2694 referri
1211 2634 1348 2713 possunt
1364 2627 1488 2712 syllaba
1502 2627 1602 2714 longa

316 2733 437 2798 initiali
447 2733 575 2799 abiecta
583 2732 635 2797 vel
645 2733 781 2799 traiecta
791 2739 847 2800 aut
858 2737 1006 2802 anacrusi
1016 2737 1156 2802 iambica
1164 2736 1217 2801 vel
1228 2735 1415 2821 cnapastica
1422 2736 1602 2819 praemissa

407 3053 462 3153 De
495 3052 668 3119 colorum
701 3054 919 3157 generibus.
966 3053 1046 3122 Cola
1078 3060 1230 3123 constant
1262 3055 1398 3122 minima
1429 3079 1467 3121 ex
1495 3057 1602 3122 tribus

319 3162 456 3247 pedibus
480 3161 699 3248 simplicibus,
721 3162 810 3227 velut

319 3375 478 3461 Pleraque
502 3399 540 3439 ex
564 3382 639 3441 octo
662 3375 799 3460 pedibus
823 3374 1024 3462 simplicibus
1049 3376 1116 3441 sive
1138 3377 1263 3442 duabus
1281 3376 1420 3461 dipodiis
1440 3382 1603 3463 constant,

318 3483 402 3549 unde
434 3504 508 3548 cum
540 3486 597 3547 aut
625 3482 777 3568 dactylici
805 3487 862 3547 aut
890 3482 1047 3548 trochaici
1075 3489 1132 3548 aut
1159 3483 1340 3569 logaoedici
1369 3488 1426 3548 aut
1453 3484 1601 3568 paeonici

319 3590 447 3678 generis
471 3589 537 3654 sint
561 3593 674 3654 etant
696 3591 790 3676 plene
815 3594 986 3656 excurrant
1010 3595 1067 3655 aut
1088 3590 1124 3654 in
1146 3591 1210 3655 fine
1230 3590 1382 3654 mutilata
1400 3587 1601 3676 (κατάληκτα

317 3696 338 3782 ἢ
361 3696 669 3785 βραχυκατάληκτα)
693 3697 772 3781 sint,
796 3698 856 3762 hae
880 3698 1020 3762 evadunt
1042 3698 1168 3762 formae
1191 3695 1395 3780 potissimae:
1624 3780 1628 3789 Ι

318 3805 480 3890 dactylica
567 3834 584 3872 ,ἱ
607 3846 643 3873 w
665 3864 682 3874 .
705 3847 742 3873 υυ
763 3851 781 3873 2
803 3847 899 3873 w--
972 3830 1256 3889 Lw-w;w-',
1317 3830 1333 3870 .².
1356 3844 1393 3871 υυ
1415 3863 1431 3871 -
1454 3790 1522 3871 wc.
1567 3864 1583 3872 -

262 3933 266 3938 ·
318 3912 485 3977 trochaica
563 3940 631 3981 ro
663 3943 899 3981 ,μμῡ
969 3894 1328 3982 amoro-'2
1414 3972 1431 3980 -
1466 3942 1515 3967 ··
1567 3971 1583 3980 .

317 4018 507 4105 logfloedlssa
555 4046 730 4088 remon
760 4064 778 4087 a
809 4051 900 4088 υ-ῦ
961 4047 1238 4088 iou-vav-
1321 4045 1382 4076 ἶ·

320 4125 540 4192 choriambica
557 4153 594 4195 ro
615 4169 634 4196 c
665 4188 682 4196 -
754 4169 790 4196 ω
811 4170 831 4195 υ
852 4187 870 4196 -
970 4154 975 4183 =

319 4232 476 4316 paeonica
571 4260 576 4288 :
1314 4293 1333 4301 -
1414 4293 1430 4300 -
1504 4292 1521 4300 -

320 4339 439 4424 quibus
452 4340 566 4406 formis
580 4342 838 4428 tetrapodiarum
852 4341 989 4407 totidem
1004 4340 1161 4405 accedunt
1174 4339 1323 4404 anacrusi
1339 4344 1462 4421 auctae,
1481 4339 1601 4423 partim

320 4447 557 4532 anapaesticae,
581 4450 702 4534 partim
724 4450 896 4534 iambicae,
919 4447 1040 4535 partim
1067 4446 1192 4511 ionicae
1215 4451 1248 4509 et
1271 4444 1472 4512 bacchiacae.

407 4551 549 4619 Maxima
567 4558 640 4622 cola
657 4558 692 4622 in
709 4557 851 4622 iambico
871 4578 1001 4643 genere,
1026 4553 1054 4618 si
1074 4552 1239 4618 veteribus
1258 4552 1452 4637 rhythmicis
1461 4550 1485 4640 ¹)
1504 4554 1601 4618 fidem

318 4659 490 4742 habemus,
514 4682 553 4726 ex
576 4686 632 4728 sex
654 4663 792 4748 pedibus
816 4663 1019 4748 simplicibus
1043 4664 1208 4742 constant,
1231 4659 1320 4724 velut

317 4870 377 4925 mik
409 4802 436 4863 1)
454 4799 621 4927 ἵξεεῗὴξὲέ
638 4801 689 4855 Dia
708 4800 877 4871 Fragments
896 4801 954 4856 und
973 4800 1019 4855 die
1037 4800 1189 4855 Lchrsbtze
1209 4799 1258 4854 der
1277 4798 1472 4869 griechischen
1490 4799 1599 4867 Rhyth-

378 4887 408 4926 ar
426 4890 453 4941 p.
522 4888 537 4926 e
633 4890 669 4929 ss.
