<?xml version="1.0" encoding="UTF-8"?>
<!DOCTYPE html PUBLIC "-//W3C//DTD XHTML 1.0 Transitional//EN"
    "http://www.w3.org/TR/xhtml1/DTD/xhtml1-transitional.dtd">
<html xmlns="http://www.w3.org/1999/xhtml" xml:lang="en" lang="en">
 <head>
  <title>
</title>
<meta http-equiv="Content-Type" content="text/html;charset=utf-8" />
  <meta name='ocr-system' content='tesseract 3.04.00' />
  <meta name='ocr-capabilities' content='ocr_page ocr_carea ocr_par ocr_line ocrx_word'/>
</head>
<body>
  <div class='ocr_page' id='page_1' title='image "./pindaricarminap00chrigoog_0130.png"; bbox 0 0 3442 5550; ppageno 0'>
   <div class='ocr_carea' id='block_1_1' title="bbox 552 398 1426 453">
    <p class='ocr_par' dir='ltr' id='par_1_1' title="bbox 552 398 1426 453">
     <span class='ocr_line' id='line_1_1' title="bbox 552 398 1426 453; baseline 0.003 -4"><span class='ocrx_word' id='word_1_1' title='bbox 552 402 583 453; x_wconf 90' lang='lat' dir='ltr'><strong>V.</strong></span> <span class='ocrx_word' id='word_1_2' title='bbox 611 400 767 451; x_wconf 80' lang='lat' dir='ltr'><strong>HEROUM</strong></span> <span class='ocrx_word' id='word_1_3' title='bbox 785 399 1026 453; x_wconf 72' lang='lat' dir='ltr'><strong>anahamon.</strong></span> <span class='ocrx_word' id='word_1_4' title='bbox 1342 398 1426 452; x_wconf 82' lang='lat' dir='ltr'><strong>CXIX</strong></span> 
     </span>
    </p>
   </div>
   <div class='ocr_carea' id='block_1_2' title="bbox 146 560 1427 757">
    <p class='ocr_par' dir='ltr' id='par_1_2' title="bbox 146 560 1427 757">
     <span class='ocr_line' id='line_1_2' title="bbox 146 560 1427 650; baseline -0.002 -21"><span class='ocrx_word' id='word_1_5' title='bbox 146 570 272 650; x_wconf 78' lang='lat' dir='ltr'><strong>septem</strong></span> <span class='ocrx_word' id='word_1_6' title='bbox 308 565 426 627; x_wconf 92' lang='lat' dir='ltr'><strong>ducum</strong></span> <span class='ocrx_word' id='word_1_7' title='bbox 462 563 615 627; x_wconf 88' lang='lat' dir='ltr'><strong>adversus</strong></span> <span class='ocrx_word' id='word_1_8' title='bbox 651 560 779 626; x_wconf 79' lang='lat' dir='ltr'>Thebas</span> <span class='ocrx_word' id='word_1_9' title='bbox 817 583 891 625; x_wconf 88' lang='lat' dir='ltr'><strong>oum</strong></span> <span class='ocrx_word' id='word_1_10' title='bbox 930 561 1124 647; x_wconf 83' lang='lat' dir='ltr'><strong>migratione</strong></span> <span class='ocrx_word' id='word_1_11' title='bbox 1157 560 1363 627; x_wconf 82' lang='lat' dir='ltr'><strong>Achaeorum</strong></span> <span class='ocrx_word' id='word_1_12' title='bbox 1394 566 1427 627; x_wconf 93' lang='lat' dir='ltr'><strong>ct</strong></span> 
     </span>
     <span class='ocr_line' id='line_1_3' title="bbox 148 667 1301 757; baseline -0.003 -21"><span class='ocrx_word' id='word_1_13' title='bbox 148 677 256 737; x_wconf 86' lang='lat' dir='ltr'><strong>vetere</strong></span> <span class='ocrx_word' id='word_1_14' title='bbox 279 691 380 757; x_wconf 88' lang='lat' dir='ltr'><strong>regno</strong></span> <span class='ocrx_word' id='word_1_15' title='bbox 404 669 558 735; x_wconf 90' lang='lat' dir='ltr'><strong>Thebano</strong></span> <span class='ocrx_word' id='word_1_16' title='bbox 583 670 624 733; x_wconf 93' lang='lat' dir='ltr'><strong>ab</strong></span> <span class='ocrx_word' id='word_1_17' title='bbox 647 667 786 734; x_wconf 81' lang='lat' dir='ltr'><strong>Achaeis</strong></span> <span class='ocrx_word' id='word_1_18' title='bbox 810 690 922 734; x_wconf 85' lang='lat' dir='ltr'><strong>everso</strong></span> <span class='ocrx_word' id='word_1_19' title='bbox 946 669 1119 735; x_wconf 88' lang='lat' dir='ltr'><strong>cohaerere</strong></span> <span class='ocrx_word' id='word_1_20' title='bbox 1142 669 1301 734; x_wconf 82' lang='lat' dir='ltr'><strong>videntur.</strong></span> 
     </span>
    </p>
   </div>
   <div class='ocr_carea' id='block_1_3' title="bbox 515 952 1061 1040">
    <p class='ocr_par' dir='ltr' id='par_1_3' title="bbox 515 952 1061 1040">
     <span class='ocr_line' id='line_1_4' title="bbox 515 952 1061 1040; baseline 0 -21"><span class='ocrx_word' id='word_1_21' title='bbox 515 952 683 1020; x_wconf 71' lang='lat' dir='ltr'><strong>Thebanae</strong></span> <span class='ocrx_word' id='word_1_22' title='bbox 706 954 740 1020; x_wconf 90' lang='lat' dir='ltr'><strong>et</strong></span> <span class='ocrx_word' id='word_1_23' title='bbox 762 953 910 1021; x_wconf 73' lang='lat' dir='ltr'><strong>Baeticae</strong></span> <span class='ocrx_word' id='word_1_24' title='bbox 933 954 1061 1040; x_wconf 79' lang='lat' dir='ltr'><strong>stirpes.</strong></span> 
     </span>
    </p>
   </div>
   <div class='ocr_carea' id='block_1_4' title="bbox 144 1096 1428 2267">
    <p class='ocr_par' dir='ltr' id='par_1_4' title="bbox 144 1096 1428 1935">
     <span class='ocr_line' id='line_1_5' title="bbox 233 1096 1420 1186; baseline -0.001 -21"><span class='ocrx_word' id='word_1_25' title='bbox 233 1098 410 1186; x_wconf 82' lang='lat' dir='ltr'><strong>Agenoris,</strong></span> <span class='ocrx_word' id='word_1_26' title='bbox 438 1120 532 1183; x_wconf 92' lang='lat' dir='ltr'><strong>quem</strong></span> <span class='ocrx_word' id='word_1_27' title='bbox 560 1098 601 1163; x_wconf 92' lang='lat' dir='ltr'><strong>ab</strong></span> <span class='ocrx_word' id='word_1_28' title='bbox 625 1098 745 1164; x_wconf 91' lang='lat' dir='ltr'><strong>Inacho</strong></span> <span class='ocrx_word' id='word_1_29' title='bbox 770 1098 930 1183; x_wconf 85' lang='lat' dir='ltr'><strong>originem</strong></span> <span class='ocrx_word' id='word_1_30' title='bbox 953 1097 1082 1163; x_wconf 83' lang='lat' dir='ltr'><strong>duxisse</strong></span> <span class='ocrx_word' id='word_1_31' title='bbox 1105 1096 1324 1182; x_wconf 86' lang='lat' dir='ltr'><strong>Apollodorus</strong></span> <span class='ocrx_word' id='word_1_32' title='bbox 1348 1118 1385 1164; x_wconf 89' lang='lat'><strong>111</strong></span> <span class='ocrx_word' id='word_1_33' title='bbox 1409 1104 1420 1164; x_wconf 96' lang='grc'><strong>1</strong></span> 
     </span>
     <span class='ocr_line' id='line_1_6' title="bbox 144 1203 1426 1293; baseline 0 -20"><span class='ocrx_word' id='word_1_34' title='bbox 144 1211 270 1292; x_wconf 77' lang='lat' dir='ltr'><strong>namet,</strong></span> <span class='ocrx_word' id='word_1_35' title='bbox 296 1205 384 1271; x_wconf 88' lang='lat' dir='ltr'><strong>filius</strong></span> <span class='ocrx_word' id='word_1_36' title='bbox 411 1203 566 1289; x_wconf 81' lang='lat' dir='ltr'><strong>Cadmus,</strong></span> <span class='ocrx_word' id='word_1_37' title='bbox 594 1227 650 1269; x_wconf 84' lang='lat' dir='ltr'><strong>rex</strong></span> <span class='ocrx_word' id='word_1_38' title='bbox 678 1204 863 1270; x_wconf 86' lang='lat' dir='ltr'><strong>Thebarum</strong></span> <span class='ocrx_word' id='word_1_39' title='bbox 886 1242 927 1252; x_wconf 90' lang='lat'>—</span> <span class='ocrx_word' id='word_1_40' title='bbox 953 1203 1066 1270; x_wconf 87' lang='lat' dir='ltr'><strong>Cadmi</strong></span> <span class='ocrx_word' id='word_1_41' title='bbox 1094 1210 1127 1270; x_wconf 91' lang='lat' dir='ltr'><strong>et</strong></span> <span class='ocrx_word' id='word_1_42' title='bbox 1154 1204 1352 1272; x_wconf 85' lang='lat' dir='ltr'><strong>Harmoniae</strong></span> <span class='ocrx_word' id='word_1_43' title='bbox 1376 1204 1426 1293; x_wconf 91' lang='lat' dir='ltr'><strong>(P.</strong></span> 
     </span>
     <span class='ocr_line' id='line_1_7' title="bbox 145 1309 1428 1399; baseline 0 -20"><span class='ocrx_word' id='word_1_44' title='bbox 145 1314 259 1379; x_wconf 86' lang='lat'><strong>11191.</strong></span> <span class='ocrx_word' id='word_1_45' title='bbox 291 1313 329 1377; x_wconf 88' lang='lat' dir='ltr'><strong>fr.</strong></span> <span class='ocrx_word' id='word_1_46' title='bbox 354 1312 411 1398; x_wconf 77' lang='lat'><strong>25,</strong></span> <span class='ocrx_word' id='word_1_47' title='bbox 434 1310 469 1399; x_wconf 89' lang='grc'><strong>6)</strong></span> <span class='ocrx_word' id='word_1_48' title='bbox 502 1312 588 1377; x_wconf 90' lang='lat' dir='ltr'><strong>filiae</strong></span> <span class='ocrx_word' id='word_1_49' title='bbox 617 1309 743 1377; x_wconf 87' lang='lat' dir='ltr'><strong>Semela</strong></span> <span class='ocrx_word' id='word_1_50' title='bbox 776 1317 809 1377; x_wconf 89' lang='lat' dir='ltr'><strong>et</strong></span> <span class='ocrx_word' id='word_1_51' title='bbox 836 1312 896 1377; x_wconf 89' lang='lat' dir='ltr'><strong>Ino</strong></span> <span class='ocrx_word' id='word_1_52' title='bbox 929 1335 986 1377; x_wconf 92' lang='lat' dir='ltr'><strong>seu</strong></span> <span class='ocrx_word' id='word_1_53' title='bbox 1014 1312 1280 1379; x_wconf 90' lang='lat' dir='ltr'><strong>Ino-Leucothea</strong></span> <span class='ocrx_word' id='word_1_54' title='bbox 1308 1337 1327 1378; x_wconf 92' lang='lat' dir='ltr'><strong>a</strong></span> <span class='ocrx_word' id='word_1_55' title='bbox 1353 1314 1428 1379; x_wconf 90' lang='lat' dir='ltr'><strong>Pin-</strong></span> 
     </span>
     <span class='ocr_line' id='line_1_8' title="bbox 146 1418 1426 1488; baseline 0.001 -2"><span class='ocrx_word' id='word_1_56' title='bbox 146 1419 401 1487; x_wconf 77' lang='lat' dir='ltr'><strong>daroO.1125.</strong></span> <span class='ocrx_word' id='word_1_57' title='bbox 437 1418 471 1485; x_wconf 92' lang='lat' dir='ltr'><strong>P.</strong></span> <span class='ocrx_word' id='word_1_58' title='bbox 491 1422 565 1484; x_wconf 79' lang='lat' dir='ltr'><strong>xil</strong></span> <span class='ocrx_word' id='word_1_59' title='bbox 592 1424 895 1485; x_wconf 89' lang='lat' dir='ltr'><strong>commemorantur.</strong></span> <span class='ocrx_word' id='word_1_60' title='bbox 941 1419 1074 1486; x_wconf 80' lang='lat' dir='ltr'><strong>Praeter</strong></span> <span class='ocrx_word' id='word_1_61' title='bbox 1097 1443 1152 1485; x_wconf 87' lang='lat' dir='ltr'><strong>aas</strong></span> <span class='ocrx_word' id='word_1_62' title='bbox 1174 1419 1241 1486; x_wconf 91' lang='lat' dir='ltr'><strong>iam</strong></span> <span class='ocrx_word' id='word_1_63' title='bbox 1263 1420 1426 1488; x_wconf 86' lang='lat' dir='ltr'><strong>Hesiodus</strong></span> 
     </span>
     <span class='ocr_line' id='line_1_9' title="bbox 147 1525 1424 1615; baseline -0.002 -20"><span class='ocrx_word' id='word_1_64' title='bbox 147 1530 256 1615; x_wconf 89' lang='lat' dir='ltr'><strong>theog.</strong></span> <span class='ocrx_word' id='word_1_65' title='bbox 276 1530 341 1593; x_wconf 84' lang='grc'><strong>976</strong></span> <span class='ocrx_word' id='word_1_66' title='bbox 365 1527 457 1593; x_wconf 82' lang='lat' dir='ltr'><strong>norit</strong></span> <span class='ocrx_word' id='word_1_67' title='bbox 479 1527 564 1592; x_wconf 88' lang='lat' dir='ltr'><strong>filias</strong></span> <span class='ocrx_word' id='word_1_68' title='bbox 582 1525 718 1613; x_wconf 84' lang='lat' dir='ltr'><strong>Agaven</strong></span> <span class='ocrx_word' id='word_1_69' title='bbox 741 1532 775 1592; x_wconf 90' lang='lat' dir='ltr'><strong>et</strong></span> <span class='ocrx_word' id='word_1_70' title='bbox 792 1527 968 1596; x_wconf 91' lang='lat' dir='ltr'><strong>Autonoen</strong></span> <span class='ocrx_word' id='word_1_71' title='bbox 991 1531 1024 1594; x_wconf 89' lang='lat' dir='ltr'><strong>et</strong></span> <span class='ocrx_word' id='word_1_72' title='bbox 1044 1527 1148 1593; x_wconf 92' lang='lat' dir='ltr'><strong>filium</strong></span> <span class='ocrx_word' id='word_1_73' title='bbox 1166 1526 1373 1613; x_wconf 84' lang='lat' dir='ltr'><strong>Polydorum</strong></span> <span class='ocrx_word' id='word_1_74' title='bbox 1387 1566 1424 1577; x_wconf 97' lang='lat'>-</span> 
     </span>
     <span class='ocr_line' id='line_1_10' title="bbox 149 1633 1427 1721; baseline 0.001 -21"><span class='ocrx_word' id='word_1_75' title='bbox 149 1636 329 1721; x_wconf 86' lang='lat' dir='ltr'><strong>Polydorus</strong></span> <span class='ocrx_word' id='word_1_76' title='bbox 351 1640 444 1721; x_wconf 87' lang='lat' dir='ltr'><strong>pater</strong></span> <span class='ocrx_word' id='word_1_77' title='bbox 462 1634 605 1699; x_wconf 84' lang='lat' dir='ltr'><strong>Labdaci</strong></span> <span class='ocrx_word' id='word_1_78' title='bbox 629 1633 729 1698; x_wconf 89' lang='lat' dir='ltr'><strong>fuisse</strong></span> <span class='ocrx_word' id='word_1_79' title='bbox 751 1633 941 1720; x_wconf 81' lang='lat' dir='ltr'><strong>perhibetur</strong></span> <span class='ocrx_word' id='word_1_80' title='bbox 964 1636 1005 1699; x_wconf 90' lang='lat' dir='ltr'><strong>ab</strong></span> <span class='ocrx_word' id='word_1_81' title='bbox 1024 1635 1191 1701; x_wconf 85' lang='lat' dir='ltr'><strong>Herodoto</strong></span> <span class='ocrx_word' id='word_1_82' title='bbox 1211 1653 1233 1698; x_wconf 94' lang='lat' dir='ltr'>v</span> <span class='ocrx_word' id='word_1_83' title='bbox 1252 1633 1294 1700; x_wconf 84' lang='lat'><strong>59</strong></span> <span class='ocrx_word' id='word_1_84' title='bbox 1319 1641 1352 1700; x_wconf 89' lang='lat' dir='ltr'><strong>et</strong></span> <span class='ocrx_word' id='word_1_85' title='bbox 1371 1635 1427 1701; x_wconf 87' lang='lat' dir='ltr'><strong>So·</strong></span> 
     </span>
     <span class='ocr_line' id='line_1_11' title="bbox 149 1739 1426 1829; baseline 0.001 -21"><span class='ocrx_word' id='word_1_86' title='bbox 149 1744 264 1829; x_wconf 90' lang='lat' dir='ltr'><strong>phocle</strong></span> <span class='ocrx_word' id='word_1_87' title='bbox 292 1742 358 1807; x_wconf 89' lang='lat' dir='ltr'><strong>OR.</strong></span> <span class='ocrx_word' id='word_1_88' title='bbox 382 1744 462 1828; x_wconf 84' lang='lat'><strong>261,</strong></span> <span class='ocrx_word' id='word_1_89' title='bbox 488 1746 521 1806; x_wconf 91' lang='lat' dir='ltr'><strong>et</strong></span> <span class='ocrx_word' id='word_1_90' title='bbox 547 1741 613 1806; x_wconf 91' lang='lat' dir='ltr'><strong>iam</strong></span> <span class='ocrx_word' id='word_1_91' title='bbox 638 1739 814 1806; x_wconf 90' lang='lat' dir='ltr'><strong>Pindarum</strong></span> <span class='ocrx_word' id='word_1_92' title='bbox 840 1740 904 1807; x_wconf 93' lang='lat' dir='ltr'><strong>hoc</strong></span> <span class='ocrx_word' id='word_1_93' title='bbox 933 1742 1028 1809; x_wconf 93' lang='lat' dir='ltr'><strong>modo</strong></span> <span class='ocrx_word' id='word_1_94' title='bbox 1052 1742 1166 1809; x_wconf 91' lang='lat' dir='ltr'><strong>Cadmi</strong></span> <span class='ocrx_word' id='word_1_95' title='bbox 1194 1747 1324 1827; x_wconf 83' lang='lat' dir='ltr'><strong>gentem</strong></span> <span class='ocrx_word' id='word_1_96' title='bbox 1352 1765 1426 1809; x_wconf 91' lang='lat' dir='ltr'><strong>cum</strong></span> 
     </span>
     <span class='ocr_line' id='line_1_12' title="bbox 150 1847 1354 1935; baseline 0.001 -21"><span class='ocrx_word' id='word_1_97' title='bbox 150 1849 406 1915; x_wconf 87' lang='lat' dir='ltr'><strong>Labdacidarum</strong></span> <span class='ocrx_word' id='word_1_98' title='bbox 430 1853 526 1935; x_wconf 80' lang='lat' dir='ltr'><strong>gente</strong></span> <span class='ocrx_word' id='word_1_99' title='bbox 550 1847 754 1914; x_wconf 84' lang='lat' dir='ltr'><strong>coniunxisse</strong></span> <span class='ocrx_word' id='word_1_100' title='bbox 777 1871 817 1913; x_wconf 88' lang='lat' dir='ltr'><strong>ex</strong></span> <span class='ocrx_word' id='word_1_101' title='bbox 840 1849 981 1915; x_wconf 87' lang='lat' dir='ltr'><strong>carmine</strong></span> <span class='ocrx_word' id='word_1_102' title='bbox 1005 1849 1042 1915; x_wconf 93' lang='grc' dir='ltr'><strong>Ο.</strong></span> <span class='ocrx_word' id='word_1_103' title='bbox 1062 1869 1087 1914; x_wconf 92' lang='lat'><strong>11</strong></span> <span class='ocrx_word' id='word_1_104' title='bbox 1111 1849 1195 1915; x_wconf 89' lang='lat' dir='ltr'><strong>effici</strong></span> <span class='ocrx_word' id='word_1_105' title='bbox 1220 1849 1354 1915; x_wconf 84' lang='lat' dir='ltr'><strong>videtur.</strong></span> 
     </span>
    </p>

    <p class='ocr_par' dir='ltr' id='par_1_5' title="bbox 150 1953 1426 2267">
     <span class='ocr_line' id='line_1_13' title="bbox 236 1953 1425 2045; baseline 0.001 -23"><span class='ocrx_word' id='word_1_106' title='bbox 236 1957 379 2023; x_wconf 86' lang='lat' dir='ltr'><strong>Labdaci</strong></span> <span class='ocrx_word' id='word_1_107' title='bbox 406 1957 492 2023; x_wconf 88' lang='lat' dir='ltr'><strong>filius</strong></span> <span class='ocrx_word' id='word_1_108' title='bbox 520 1956 619 2022; x_wconf 86' lang='lat' dir='ltr'><strong>Laius</strong></span> <span class='ocrx_word' id='word_1_109' title='bbox 642 1955 818 2044; x_wconf 80' lang='grc'><strong>(111117)</strong></span> <span class='ocrx_word' id='word_1_110' title='bbox 845 1995 882 2005; x_wconf 96' lang='grc'>-</span> <span class='ocrx_word' id='word_1_111' title='bbox 908 1956 968 2022; x_wconf 93' lang='lat' dir='ltr'><strong>Lai</strong></span> <span class='ocrx_word' id='word_1_112' title='bbox 996 1961 1029 2022; x_wconf 88' lang='lat' dir='ltr'><strong>et</strong></span> <span class='ocrx_word' id='word_1_113' title='bbox 1052 1955 1225 2040; x_wconf 85' lang='lat' dir='ltr'><strong>Epicastae</strong></span> <span class='ocrx_word' id='word_1_114' title='bbox 1249 1953 1425 2045; x_wconf 80' lang='lat' dir='ltr'><strong>(locastae)</strong></span> 
     </span>
     <span class='ocr_line' id='line_1_14' title="bbox 150 2062 1426 2152; baseline -0.001 -22"><span class='ocrx_word' id='word_1_115' title='bbox 150 2064 235 2131; x_wconf 87' lang='lat' dir='ltr'><strong>lilius</strong></span> <span class='ocrx_word' id='word_1_116' title='bbox 268 2063 409 2149; x_wconf 91' lang='lat' dir='ltr'><strong>Oedipus</strong></span> <span class='ocrx_word' id='word_1_117' title='bbox 441 2062 514 2150; x_wconf 88' lang='lat' dir='ltr'><strong>(Od.</strong></span> <span class='ocrx_word' id='word_1_118' title='bbox 536 2081 575 2129; x_wconf 81' lang='lat' dir='ltr'><strong>lx</strong></span> <span class='ocrx_word' id='word_1_119' title='bbox 598 2065 671 2129; x_wconf 89' lang='grc'><strong>271.</strong></span> <span class='ocrx_word' id='word_1_120' title='bbox 709 2063 744 2130; x_wconf 95' lang='lat' dir='ltr'><strong>O.</strong></span> <span class='ocrx_word' id='word_1_121' title='bbox 763 2063 866 2152; x_wconf 86' lang='lat'><strong>1142)</strong></span> <span class='ocrx_word' id='word_1_122' title='bbox 899 2101 943 2112; x_wconf 95' lang='grc'>-</span> <span class='ocrx_word' id='word_1_123' title='bbox 976 2063 1090 2148; x_wconf 90' lang='lat' dir='ltr'><strong>Oedipi</strong></span> <span class='ocrx_word' id='word_1_124' title='bbox 1123 2067 1157 2128; x_wconf 89' lang='lat' dir='ltr'><strong>et</strong></span> <span class='ocrx_word' id='word_1_125' title='bbox 1187 2063 1334 2130; x_wconf 82' lang='lat' dir='ltr'><strong>locastae</strong></span> <span class='ocrx_word' id='word_1_126' title='bbox 1365 2064 1426 2129; x_wconf 91' lang='lat' dir='ltr'><strong>filii</strong></span> 
     </span>
     <span class='ocr_line' id='line_1_15' title="bbox 151 2166 1426 2267; baseline 0 -30"><span class='ocrx_word' id='word_1_127' title='bbox 151 2171 299 2239; x_wconf 85' lang='lat' dir='ltr'><strong>Eteocles</strong></span> <span class='ocrx_word' id='word_1_128' title='bbox 327 2177 361 2237; x_wconf 89' lang='lat' dir='ltr'><strong>et</strong></span> <span class='ocrx_word' id='word_1_129' title='bbox 387 2169 559 2255; x_wconf 86' lang='lat' dir='ltr'><strong>Polynices</strong></span> <span class='ocrx_word' id='word_1_130' title='bbox 588 2166 782 2258; x_wconf 79' lang='grc'><strong>(0.1147),</strong></span> <span class='ocrx_word' id='word_1_131' title='bbox 808 2169 977 2257; x_wconf 85' lang='lat' dir='ltr'><strong>Antigona</strong></span> <span class='ocrx_word' id='word_1_132' title='bbox 1004 2175 1038 2236; x_wconf 91' lang='lat' dir='ltr'><strong>et</strong></span> <span class='ocrx_word' id='word_1_133' title='bbox 1061 2170 1190 2236; x_wconf 85' lang='lat' dir='ltr'><strong>lemene</strong></span> <span class='ocrx_word' id='word_1_134' title='bbox 1218 2167 1318 2267; x_wconf 89' lang='lat' dir='ltr'><strong>(poet.</strong></span> <span class='ocrx_word' id='word_1_135' title='bbox 1342 2176 1426 2257; x_wconf 87' lang='lat' dir='ltr'><strong>trag.</strong></span> 
     </span>
    </p>
   </div>
   <div class='ocr_carea' id='block_1_5' title="bbox 150 2275 1425 2474">
    <p class='ocr_par' dir='ltr' id='par_1_6' title="bbox 150 2275 1425 2474">
     <span class='ocr_line' id='line_1_16' title="bbox 151 2275 1425 2363; baseline 0.001 -19"><span class='ocrx_word' id='word_1_136' title='bbox 151 2279 324 2345; x_wconf 88' lang='lat' dir='ltr'><strong>secundum</strong></span> <span class='ocrx_word' id='word_1_137' title='bbox 350 2283 444 2343; x_wconf 85' lang='lat' dir='ltr'><strong>vetus</strong></span> <span class='ocrx_word' id='word_1_138' title='bbox 472 2298 600 2342; x_wconf 90' lang='lat' dir='ltr'><strong>carmen</strong></span> <span class='ocrx_word' id='word_1_139' title='bbox 623 2275 815 2363; x_wconf 86' lang='lat' dir='ltr'><strong>Thebaidis)</strong></span> <span class='ocrx_word' id='word_1_140' title='bbox 840 2314 878 2322; x_wconf 96' lang='lat'><em>-</em></span> <span class='ocrx_word' id='word_1_141' title='bbox 903 2277 1069 2363; x_wconf 87' lang='lat' dir='ltr'><strong>Polynicis</strong></span> <span class='ocrx_word' id='word_1_142' title='bbox 1093 2281 1127 2342; x_wconf 89' lang='lat' dir='ltr'><strong>et</strong></span> <span class='ocrx_word' id='word_1_143' title='bbox 1149 2276 1270 2362; x_wconf 87' lang='lat' dir='ltr'><strong>Argiae</strong></span> <span class='ocrx_word' id='word_1_144' title='bbox 1293 2277 1425 2345; x_wconf 89' lang='lat' dir='ltr'><strong>Adrasti</strong></span> 
     </span>
     <span class='ocr_line' id='line_1_17' title="bbox 150 2383 1425 2474; baseline -0.002 -21"><span class='ocrx_word' id='word_1_145' title='bbox 150 2387 170 2453; x_wconf 84' lang='lat' dir='ltr'><strong>f.</strong></span> <span class='ocrx_word' id='word_1_146' title='bbox 193 2386 279 2452; x_wconf 90' lang='lat' dir='ltr'><strong>filius</strong></span> <span class='ocrx_word' id='word_1_147' title='bbox 302 2385 503 2451; x_wconf 87' lang='lat' dir='ltr'><strong>Thersander</strong></span> <span class='ocrx_word' id='word_1_148' title='bbox 526 2383 590 2471; x_wconf 93' lang='lat' dir='ltr'><strong>(Ol.</strong></span> <span class='ocrx_word' id='word_1_149' title='bbox 605 2384 702 2470; x_wconf 80' lang='grc'><strong>1147)</strong></span> <span class='ocrx_word' id='word_1_150' title='bbox 731 2421 767 2430; x_wconf 92' lang='grc'>-</span> <span class='ocrx_word' id='word_1_151' title='bbox 793 2383 989 2448; x_wconf 89' lang='lat' dir='ltr'><strong>Thersaudri</strong></span> <span class='ocrx_word' id='word_1_152' title='bbox 1012 2384 1100 2449; x_wconf 87' lang='lat' dir='ltr'><strong>filius</strong></span> <span class='ocrx_word' id='word_1_153' title='bbox 1123 2383 1314 2450; x_wconf 88' lang='lat' dir='ltr'><strong>Tisamenus</strong></span> <span class='ocrx_word' id='word_1_154' title='bbox 1334 2385 1425 2474; x_wconf 92' lang='lat' dir='ltr'><strong>(Her.</strong></span> 
     </span>
    </p>
   </div>
   <div class='ocr_carea' id='block_1_6' title="bbox 149 2488 1428 4400">
    <p class='ocr_par' dir='ltr' id='par_1_7' title="bbox 149 2488 1428 3543">
     <span class='ocr_line' id='line_1_18' title="bbox 151 2488 1425 2581; baseline 0 -24"><span class='ocrx_word' id='word_1_155' title='bbox 151 2490 279 2579; x_wconf 70' lang='grc'><strong>11147)</strong></span> <span class='ocrx_word' id='word_1_156' title='bbox 307 2529 343 2539; x_wconf 94' lang='grc'>-</span> <span class='ocrx_word' id='word_1_157' title='bbox 370 2490 533 2557; x_wconf 88' lang='lat' dir='ltr'><strong>Tisameni</strong></span> <span class='ocrx_word' id='word_1_158' title='bbox 552 2491 639 2555; x_wconf 89' lang='lat' dir='ltr'><strong>filius</strong></span> <span class='ocrx_word' id='word_1_159' title='bbox 660 2490 818 2555; x_wconf 87' lang='lat' dir='ltr'><strong>Autesion</strong></span> <span class='ocrx_word' id='word_1_160' title='bbox 838 2488 927 2575; x_wconf 85' lang='lat' dir='ltr'><strong>(Her.</strong></span> <span class='ocrx_word' id='word_1_161' title='bbox 942 2508 978 2555; x_wconf 78' lang='lat' dir='ltr'><strong>lv</strong></span> <span class='ocrx_word' id='word_1_162' title='bbox 996 2493 1068 2557; x_wconf 90' lang='grc'><strong>147.</strong></span> <span class='ocrx_word' id='word_1_163' title='bbox 1101 2491 1200 2556; x_wconf 88' lang='lat' dir='ltr'><strong>schol.</strong></span> <span class='ocrx_word' id='word_1_164' title='bbox 1215 2490 1291 2558; x_wconf 85' lang='lat' dir='ltr'><strong>On</strong></span> <span class='ocrx_word' id='word_1_165' title='bbox 1306 2491 1364 2581; x_wconf 93' lang='lat'><strong>82)</strong></span> <span class='ocrx_word' id='word_1_166' title='bbox 1384 2532 1425 2542; x_wconf 93' lang='lat'>—</span> 
     </span>
     <span class='ocr_line' id='line_1_19' title="bbox 150 2597 1428 2685; baseline 0.002 -20"><span class='ocrx_word' id='word_1_167' title='bbox 150 2599 338 2665; x_wconf 83' lang='lat' dir='ltr'><strong>Autcsionis</strong></span> <span class='ocrx_word' id='word_1_168' title='bbox 360 2599 448 2664; x_wconf 87' lang='lat' dir='ltr'><strong>filius</strong></span> <span class='ocrx_word' id='word_1_169' title='bbox 467 2598 599 2683; x_wconf 89' lang='lat' dir='ltr'><strong>Therae,</strong></span> <span class='ocrx_word' id='word_1_170' title='bbox 622 2619 718 2683; x_wconf 91' lang='lat' dir='ltr'><strong>quem</strong></span> <span class='ocrx_word' id='word_1_171' title='bbox 738 2597 955 2664; x_wconf 77' lang='lat' dir='ltr'><strong>Callimachus</strong></span> <span class='ocrx_word' id='word_1_172' title='bbox 973 2599 1084 2683; x_wconf 89' lang='lat' dir='ltr'><strong>hymn.</strong></span> <span class='ocrx_word' id='word_1_173' title='bbox 1103 2616 1129 2663; x_wconf 93' lang='lat'><strong>11</strong></span> <span class='ocrx_word' id='word_1_174' title='bbox 1149 2600 1189 2663; x_wconf 83' lang='grc'><strong>74</strong></span> <span class='ocrx_word' id='word_1_175' title='bbox 1213 2597 1309 2666; x_wconf 80' lang='grc' dir='ltr'><strong><em>ἕκτον</em></strong></span> <span class='ocrx_word' id='word_1_176' title='bbox 1331 2599 1428 2685; x_wconf 79' lang='grc' dir='ltr'><em>γένος</em></span> 
     </span>
     <span class='ocr_line' id='line_1_20' title="bbox 152 2703 1427 2792; baseline 0.003 -21"><span class='ocrx_word' id='word_1_177' title='bbox 152 2707 334 2771; x_wconf 76' lang='grc' dir='ltr'><em>Οἰδιπόδαο</em></span> <span class='ocrx_word' id='word_1_178' title='bbox 353 2706 436 2771; x_wconf 82' lang='lat' dir='ltr'><strong>dixit</strong></span> <span class='ocrx_word' id='word_1_179' title='bbox 455 2703 508 2790; x_wconf 86' lang='lat' dir='ltr'><strong>(cl.</strong></span> <span class='ocrx_word' id='word_1_180' title='bbox 528 2704 628 2770; x_wconf 90' lang='lat' dir='ltr'><strong>schol.</strong></span> <span class='ocrx_word' id='word_1_181' title='bbox 648 2703 684 2769; x_wconf 94' lang='lat' dir='ltr'><strong>O.</strong></span> <span class='ocrx_word' id='word_1_182' title='bbox 703 2722 729 2769; x_wconf 91' lang='lat'><strong>11</strong></span> <span class='ocrx_word' id='word_1_183' title='bbox 748 2703 815 2792; x_wconf 92' lang='lat'><strong>82),</strong></span> <span class='ocrx_word' id='word_1_184' title='bbox 838 2727 902 2789; x_wconf 92' lang='lat' dir='ltr'><strong>quo</strong></span> <span class='ocrx_word' id='word_1_185' title='bbox 922 2707 1034 2771; x_wconf 91' lang='lat' dir='ltr'><strong>eodem</strong></span> <span class='ocrx_word' id='word_1_186' title='bbox 1053 2712 1207 2792; x_wconf 92' lang='lat' dir='ltr'><strong>computo</strong></span> <span class='ocrx_word' id='word_1_187' title='bbox 1226 2730 1304 2773; x_wconf 89' lang='lat' dir='ltr'><strong>usus</strong></span> <span class='ocrx_word' id='word_1_188' title='bbox 1323 2709 1427 2775; x_wconf 92' lang='lat' dir='ltr'><strong>Hero·</strong></span> 
     </span>
     <span class='ocr_line' id='line_1_21' title="bbox 151 2810 1428 2900; baseline 0.003 -22"><span class='ocrx_word' id='word_1_189' title='bbox 151 2813 243 2879; x_wconf 88' lang='lat' dir='ltr'><strong>dotus</strong></span> <span class='ocrx_word' id='word_1_190' title='bbox 268 2831 304 2877; x_wconf 81' lang='lat' dir='ltr'><strong>lv</strong></span> <span class='ocrx_word' id='word_1_191' title='bbox 326 2813 387 2878; x_wconf 87' lang='grc'><strong>148</strong></span> <span class='ocrx_word' id='word_1_192' title='bbox 416 2812 502 2877; x_wconf 87' lang='lat' dir='ltr'><strong>inter</strong></span> <span class='ocrx_word' id='word_1_193' title='bbox 525 2810 683 2877; x_wconf 91' lang='lat' dir='ltr'><strong>Cadmum</strong></span> <span class='ocrx_word' id='word_1_194' title='bbox 709 2816 742 2877; x_wconf 86' lang='lat' dir='ltr'><strong>et</strong></span> <span class='ocrx_word' id='word_1_195' title='bbox 765 2812 904 2878; x_wconf 90' lang='lat' dir='ltr'><strong>Theram</strong></span> <span class='ocrx_word' id='word_1_196' title='bbox 927 2816 1041 2897; x_wconf 79' lang='grc' dir='ltr'><em>γενεὰς</em></span> <span class='ocrx_word' id='word_1_197' title='bbox 1064 2813 1149 2879; x_wconf 86' lang='grc' dir='ltr'><strong>ὀκτὼ</strong></span> <span class='ocrx_word' id='word_1_198' title='bbox 1173 2813 1308 2900; x_wconf 81' lang='grc' dir='ltr'><em>ἀνδρῶν</em></span> <span class='ocrx_word' id='word_1_199' title='bbox 1331 2816 1428 2882; x_wconf 88' lang='lat' dir='ltr'><strong>inter·</strong></span> 
     </span>
     <span class='ocr_line' id='line_1_22' title="bbox 151 2918 1427 3007; baseline 0.002 -22"><span class='ocrx_word' id='word_1_200' title='bbox 151 2920 280 2985; x_wconf 87' lang='lat' dir='ltr'><strong>fluxisse</strong></span> <span class='ocrx_word' id='word_1_201' title='bbox 304 2919 439 2984; x_wconf 89' lang='lat' dir='ltr'><strong>tradidit</strong></span> <span class='ocrx_word' id='word_1_202' title='bbox 466 2956 501 2965; x_wconf 95' lang='lat'><em>-</em></span> <span class='ocrx_word' id='word_1_203' title='bbox 528 2918 663 3004; x_wconf 89' lang='lat' dir='ltr'><strong>Therae,</strong></span> <span class='ocrx_word' id='word_1_204' title='bbox 686 2919 741 3003; x_wconf 89' lang='lat' dir='ltr'><strong>qui</strong></span> <span class='ocrx_word' id='word_1_205' title='bbox 765 2919 898 2984; x_wconf 89' lang='lat' dir='ltr'><strong>colonos</strong></span> <span class='ocrx_word' id='word_1_206' title='bbox 915 2919 951 2984; x_wconf 91' lang='lat' dir='ltr'><strong>in</strong></span> <span class='ocrx_word' id='word_1_207' title='bbox 969 2921 1110 2985; x_wconf 90' lang='lat' dir='ltr'><strong>insulam</strong></span> <span class='ocrx_word' id='word_1_208' title='bbox 1128 2920 1267 2986; x_wconf 90' lang='lat' dir='ltr'><strong>Theram</strong></span> <span class='ocrx_word' id='word_1_209' title='bbox 1287 2922 1427 3007; x_wconf 83' lang='lat' dir='ltr'><strong>deduxit,</strong></span> 
     </span>
     <span class='ocr_line' id='line_1_23' title="bbox 150 3023 1426 3113; baseline 0.001 -20"><span class='ocrx_word' id='word_1_210' title='bbox 150 3027 234 3093; x_wconf 85' lang='lat' dir='ltr'><strong>filius</strong></span> <span class='ocrx_word' id='word_1_211' title='bbox 263 3025 378 3092; x_wconf 82' lang='lat' dir='ltr'><strong>Samus</strong></span> <span class='ocrx_word' id='word_1_212' title='bbox 407 3023 698 3113; x_wconf 87' lang='lat' dir='ltr'><strong>(schol.O.1182;</strong></span> <span class='ocrx_word' id='word_1_213' title='bbox 726 3031 840 3092; x_wconf 90' lang='lat' dir='ltr'><strong>contra</strong></span> <span class='ocrx_word' id='word_1_214' title='bbox 865 3026 989 3092; x_wconf 91' lang='lat' dir='ltr'><strong>Therae</strong></span> <span class='ocrx_word' id='word_1_215' title='bbox 1017 3028 1123 3093; x_wconf 88' lang='lat' dir='ltr'><strong>socius</strong></span> <span class='ocrx_word' id='word_1_216' title='bbox 1150 3028 1186 3092; x_wconf 91' lang='lat' dir='ltr'><strong>in</strong></span> <span class='ocrx_word' id='word_1_217' title='bbox 1214 3028 1313 3093; x_wconf 89' lang='lat' dir='ltr'><strong>schol.</strong></span> <span class='ocrx_word' id='word_1_218' title='bbox 1333 3030 1374 3093; x_wconf 91' lang='lat' dir='ltr'><strong>ad</strong></span> <span class='ocrx_word' id='word_1_219' title='bbox 1392 3030 1426 3094; x_wconf 92' lang='lat' dir='ltr'><strong>P.</strong></span> 
     </span>
     <span class='ocr_line' id='line_1_24' title="bbox 150 3131 1427 3220; baseline 0.001 -21"><span class='ocrx_word' id='word_1_220' title='bbox 150 3152 184 3199; x_wconf 78' lang='lat' dir='ltr'><strong>lv</strong></span> <span class='ocrx_word' id='word_1_221' title='bbox 203 3134 245 3201; x_wconf 88' lang='lat'><strong>88</strong></span> <span class='ocrx_word' id='word_1_222' title='bbox 263 3131 468 3220; x_wconf 91' lang='lat' dir='ltr'><strong>perhibetur)</strong></span> <span class='ocrx_word' id='word_1_223' title='bbox 492 3171 532 3180; x_wconf 92' lang='lat'>—</span> <span class='ocrx_word' id='word_1_224' title='bbox 559 3132 648 3199; x_wconf 86' lang='lat' dir='ltr'><strong>Sami</strong></span> <span class='ocrx_word' id='word_1_225' title='bbox 667 3133 728 3198; x_wconf 89' lang='lat' dir='ltr'><strong>filii</strong></span> <span class='ocrx_word' id='word_1_226' title='bbox 746 3131 874 3217; x_wconf 78' lang='lat' dir='ltr'><strong>Clytius</strong></span> <span class='ocrx_word' id='word_1_227' title='bbox 893 3138 927 3198; x_wconf 89' lang='lat' dir='ltr'><strong>et</strong></span> <span class='ocrx_word' id='word_1_228' title='bbox 945 3133 1167 3219; x_wconf 88' lang='lat' dir='ltr'><strong>Telemachus,</strong></span> <span class='ocrx_word' id='word_1_229' title='bbox 1186 3155 1325 3218; x_wconf 90' lang='lat' dir='ltr'><strong>quorum</strong></span> <span class='ocrx_word' id='word_1_230' title='bbox 1345 3136 1427 3201; x_wconf 89' lang='lat' dir='ltr'><strong>alter</strong></span> 
     </span>
     <span class='ocr_line' id='line_1_25' title="bbox 150 3238 1427 3328; baseline 0.001 -21"><span class='ocrx_word' id='word_1_231' title='bbox 150 3241 299 3307; x_wconf 84' lang='lat' dir='ltr'><strong>Rhodum</strong></span> <span class='ocrx_word' id='word_1_232' title='bbox 327 3239 482 3326; x_wconf 82' lang='lat' dir='ltr'><strong>migravit</strong></span> <span class='ocrx_word' id='word_1_233' title='bbox 504 3239 618 3327; x_wconf 90' lang='lat' dir='ltr'><strong>(schol.</strong></span> <span class='ocrx_word' id='word_1_234' title='bbox 640 3238 797 3327; x_wconf 90' lang='lat' dir='ltr'><strong>O.1182)</strong></span> <span class='ocrx_word' id='word_1_235' title='bbox 824 3277 861 3287; x_wconf 96' lang='lat'><em>-</em></span> <span class='ocrx_word' id='word_1_236' title='bbox 887 3239 1070 3305; x_wconf 90' lang='lat' dir='ltr'><strong>Telemachi</strong></span> <span class='ocrx_word' id='word_1_237' title='bbox 1095 3240 1133 3304; x_wconf 89' lang='lat' dir='ltr'><strong>de</strong></span> <span class='ocrx_word' id='word_1_238' title='bbox 1157 3241 1257 3325; x_wconf 89' lang='lat' dir='ltr'><strong>stirpe</strong></span> <span class='ocrx_word' id='word_1_239' title='bbox 1281 3238 1332 3328; x_wconf 90' lang='lat' dir='ltr'><strong>(O.</strong></span> <span class='ocrx_word' id='word_1_240' title='bbox 1352 3244 1427 3308; x_wconf 84' lang='lat'><strong>119.</strong></span> 
     </span>
     <span class='ocr_line' id='line_1_26' title="bbox 149 3345 1426 3435; baseline 0 -20"><span class='ocrx_word' id='word_1_241' title='bbox 149 3349 186 3414; x_wconf 87' lang='lat' dir='ltr'><strong>fr.</strong></span> <span class='ocrx_word' id='word_1_242' title='bbox 207 3345 285 3434; x_wconf 89' lang='grc'><strong>119)</strong></span> <span class='ocrx_word' id='word_1_243' title='bbox 310 3346 470 3432; x_wconf 88' lang='lat' dir='ltr'><strong>originem</strong></span> <span class='ocrx_word' id='word_1_244' title='bbox 493 3348 654 3412; x_wconf 82' lang='lat' dir='ltr'><strong>duxerunt</strong></span> <span class='ocrx_word' id='word_1_245' title='bbox 676 3368 769 3433; x_wconf 86' lang='lat' dir='ltr'><strong>reges</strong></span> <span class='ocrx_word' id='word_1_246' title='bbox 789 3346 963 3432; x_wconf 83' lang='lat' dir='ltr'><strong>Agrigenti</strong></span> <span class='ocrx_word' id='word_1_247' title='bbox 982 3347 1193 3413; x_wconf 90' lang='lat' dir='ltr'><strong>Telemachus</strong></span> <span class='ocrx_word' id='word_1_248' title='bbox 1213 3346 1426 3435; x_wconf 84' lang='lat' dir='ltr'><strong>Chalciopeue</strong></span> 
     </span>
     <span class='ocr_line' id='line_1_27' title="bbox 149 3452 1310 3543; baseline 0.001 -23"><span class='ocrx_word' id='word_1_249' title='bbox 149 3454 341 3520; x_wconf 81' lang='lat' dir='ltr'><strong>Hmmenida</strong></span> <span class='ocrx_word' id='word_1_250' title='bbox 362 3453 597 3519; x_wconf 88' lang='lat' dir='ltr'><strong>Aenesidemus</strong></span> <span class='ocrx_word' id='word_1_251' title='bbox 620 3454 750 3519; x_wconf 91' lang='lat' dir='ltr'><strong>Theron</strong></span> <span class='ocrx_word' id='word_1_252' title='bbox 773 3453 887 3539; x_wconf 88' lang='lat' dir='ltr'><strong>(schol.</strong></span> <span class='ocrx_word' id='word_1_253' title='bbox 908 3452 1050 3520; x_wconf 89' lang='lat' dir='ltr'><strong>O.1182</strong></span> <span class='ocrx_word' id='word_1_254' title='bbox 1075 3459 1108 3520; x_wconf 88' lang='lat' dir='ltr'><strong>et</strong></span> <span class='ocrx_word' id='word_1_255' title='bbox 1132 3453 1310 3543; x_wconf 85' lang='lat' dir='ltr'><strong>O.n188).</strong></span> 
     </span>
    </p>

    <p class='ocr_par' dir='ltr' id='par_1_8' title="bbox 149 3560 1428 4290">
     <span class='ocr_line' id='line_1_28' title="bbox 235 3560 1427 3648; baseline 0.001 -21"><span class='ocrx_word' id='word_1_256' title='bbox 235 3561 329 3639; x_wconf 85' lang='lat' dir='ltr'><strong>Quod</strong></span> <span class='ocrx_word' id='word_1_257' title='bbox 357 3583 468 3627; x_wconf 87' lang='lat' dir='ltr'><strong>reeens</strong></span> <span class='ocrx_word' id='word_1_258' title='bbox 497 3562 687 3648; x_wconf 88' lang='lat' dir='ltr'><strong>scholiasta,</strong></span> <span class='ocrx_word' id='word_1_259' title='bbox 713 3562 812 3626; x_wconf 93' lang='lat' dir='ltr'><strong>homo</strong></span> <span class='ocrx_word' id='word_1_260' title='bbox 841 3561 957 3626; x_wconf 83' lang='lat' dir='ltr'><strong>dubiae</strong></span> <span class='ocrx_word' id='word_1_261' title='bbox 980 3561 1069 3645; x_wconf 89' lang='lat' dir='ltr'><strong>fidei,</strong></span> <span class='ocrx_word' id='word_1_262' title='bbox 1097 3561 1137 3625; x_wconf 88' lang='lat' dir='ltr'><strong>ad</strong></span> <span class='ocrx_word' id='word_1_263' title='bbox 1162 3560 1241 3627; x_wconf 85' lang='lat' dir='ltr'><strong>On</strong></span> <span class='ocrx_word' id='word_1_264' title='bbox 1263 3564 1303 3627; x_wconf 84' lang='lat'><strong>14</strong></span> <span class='ocrx_word' id='word_1_265' title='bbox 1327 3563 1427 3628; x_wconf 89' lang='lat' dir='ltr'><strong>tradit</strong></span> 
     </span>
     <span class='ocr_line' id='line_1_29' title="bbox 150 3665 1427 3755; baseline -0.002 -18"><span class='ocrx_word' id='word_1_266' title='bbox 150 3672 304 3755; x_wconf 74' lang='grc' dir='ltr'><strong><em>ἄρχοντες</em></strong></span> <span class='ocrx_word' id='word_1_267' title='bbox 332 3665 369 3733; x_wconf 73' lang='grc' dir='ltr'><strong>δὲ</strong></span> <span class='ocrx_word' id='word_1_268' title='bbox 397 3679 463 3733; x_wconf 82' lang='grc' dir='ltr'><strong>τῶν</strong></span> <span class='ocrx_word' id='word_1_269' title='bbox 491 3667 645 3734; x_wconf 75' lang='grc' dir='ltr'><strong><em>ἀποικίαν</em></strong></span> <span class='ocrx_word' id='word_1_270' title='bbox 670 3667 794 3733; x_wconf 82' lang='grc' dir='ltr'><strong><em>Γέλαν</em></strong></span> <span class='ocrx_word' id='word_1_271' title='bbox 823 3667 863 3733; x_wconf 80' lang='grc' dir='ltr'><strong>ἐν</strong></span> <span class='ocrx_word' id='word_1_272' title='bbox 887 3672 1052 3755; x_wconf 78' lang='grc' dir='ltr'><strong><em>Σικελίᾳ</em></strong></span> <span class='ocrx_word' id='word_1_273' title='bbox 1079 3667 1300 3752; x_wconf 80' lang='grc' dir='ltr'><strong><em>στειλαμένων</em></strong></span> <span class='ocrx_word' id='word_1_274' title='bbox 1323 3668 1427 3737; x_wconf 82' lang='grc' dir='ltr'><strong><em>Ἀντί-</em></strong></span> 
     </span>
     <span class='ocr_line' id='line_1_30' title="bbox 150 3770 1427 3863; baseline 0.001 -22"><span class='ocrx_word' id='word_1_275' title='bbox 150 3801 258 3861; x_wconf 78' lang='grc' dir='ltr'><em>φημος</em></span> <span class='ocrx_word' id='word_1_276' title='bbox 280 3773 337 3841; x_wconf 79' lang='grc' dir='ltr'><strong>καὶ</strong></span> <span class='ocrx_word' id='word_1_277' title='bbox 353 3773 509 3859; x_wconf 70' lang='lat' dir='ltr'><strong>”Euripos</strong></span> <span class='ocrx_word' id='word_1_278' title='bbox 530 3770 626 3858; x_wconf 75' lang='grc' dir='ltr'><strong><em>ἦσαν,</em></strong></span> <span class='ocrx_word' id='word_1_279' title='bbox 650 3770 698 3840; x_wconf 82' lang='grc' dir='ltr'><strong>ὧν</strong></span> <span class='ocrx_word' id='word_1_280' title='bbox 720 3777 800 3860; x_wconf 84' lang='grc' dir='ltr'><strong><em>μετὰ</em></strong></span> <span class='ocrx_word' id='word_1_281' title='bbox 823 3778 975 3860; x_wconf 80' lang='grc' dir='ltr'><strong><em>εἰκοστὴν</em></strong></span> <span class='ocrx_word' id='word_1_282' title='bbox 998 3774 1143 3860; x_wconf 82' lang='grc' dir='ltr'><em>ἑβδόμην</em></span> <span class='ocrx_word' id='word_1_283' title='bbox 1165 3778 1283 3859; x_wconf 79' lang='grc' dir='ltr'><em>γενεὰν</em></span> <span class='ocrx_word' id='word_1_284' title='bbox 1307 3779 1427 3863; x_wconf 80' lang='grc' dir='ltr'><em>Θήρων</em></span> 
     </span>
     <span class='ocr_line' id='line_1_31' title="bbox 149 3878 1427 3966; baseline 0.002 -19"><span class='ocrx_word' id='word_1_285' title='bbox 149 3878 245 3960; x_wconf 78' lang='grc' dir='ltr'><em>οὗτος</em></span> <span class='ocrx_word' id='word_1_286' title='bbox 266 3882 418 3966; x_wconf 79' lang='grc' dir='ltr'><strong>γέγονεν,</strong></span> <span class='ocrx_word' id='word_1_287' title='bbox 446 3879 632 3947; x_wconf 86' lang='lat' dir='ltr'><strong>Boeckhius</strong></span> <span class='ocrx_word' id='word_1_288' title='bbox 655 3881 690 3945; x_wconf 91' lang='lat' dir='ltr'><strong>in</strong></span> <span class='ocrx_word' id='word_1_289' title='bbox 713 3881 788 3947; x_wconf 81' lang='lat' dir='ltr'><strong>edit.</strong></span> <span class='ocrx_word' id='word_1_290' title='bbox 813 3881 912 3947; x_wconf 90' lang='lat' dir='ltr'><strong>schol.</strong></span> <span class='ocrx_word' id='word_1_291' title='bbox 936 3888 969 3948; x_wconf 89' lang='lat' dir='ltr'><strong>et</strong></span> <span class='ocrx_word' id='word_1_292' title='bbox 993 3883 1200 3949; x_wconf 90' lang='lat' dir='ltr'><strong>Luebbcrtus</strong></span> <span class='ocrx_word' id='word_1_293' title='bbox 1223 3882 1272 3948; x_wconf 91' lang='lat' dir='ltr'><strong>De</strong></span> <span class='ocrx_word' id='word_1_294' title='bbox 1295 3883 1427 3949; x_wconf 89' lang='lat' dir='ltr'><strong>Pindari</strong></span> 
     </span>
     <span class='ocr_line' id='line_1_32' title="bbox 149 3988 1427 4077; baseline 0.002 -22"><span class='ocrx_word' id='word_1_295' title='bbox 149 3989 262 4056; x_wconf 88' lang='lat' dir='ltr'><strong>studiis</strong></span> <span class='ocrx_word' id='word_1_296' title='bbox 286 3988 537 4075; x_wconf 81' lang='lat' dir='ltr'><strong>chronologicis,</strong></span> <span class='ocrx_word' id='word_1_297' title='bbox 559 3988 692 4053; x_wconf 90' lang='lat' dir='ltr'><strong>Bonnae</strong></span> <span class='ocrx_word' id='word_1_298' title='bbox 710 4010 740 4072; x_wconf 92' lang='lat' dir='ltr'><strong>p.</strong></span> <span class='ocrx_word' id='word_1_299' title='bbox 758 3989 798 4053; x_wconf 93' lang='grc'><strong>19</strong></span> <span class='ocrx_word' id='word_1_300' title='bbox 818 3990 1033 4074; x_wconf 88' lang='lat' dir='ltr'><strong>probabiliter</strong></span> <span class='ocrx_word' id='word_1_301' title='bbox 1050 3991 1098 4055; x_wconf 90' lang='lat' dir='ltr'><strong>ita</strong></span> <span class='ocrx_word' id='word_1_302' title='bbox 1115 3991 1322 4075; x_wconf 90' lang='lat' dir='ltr'><strong>interpretati</strong></span> <span class='ocrx_word' id='word_1_303' title='bbox 1342 3996 1427 4077; x_wconf 89' lang='lat' dir='ltr'><strong>sunt,</strong></span> 
     </span>
     <span class='ocr_line' id='line_1_33' title="bbox 149 4094 1428 4181; baseline 0.002 -19"><span class='ocrx_word' id='word_1_304' title='bbox 149 4102 186 4162; x_wconf 90' lang='lat' dir='ltr'><strong>nt</strong></span> <span class='ocrx_word' id='word_1_305' title='bbox 212 4120 232 4163; x_wconf 91' lang='lat' dir='ltr'><strong>a</strong></span> <span class='ocrx_word' id='word_1_306' title='bbox 258 4095 380 4163; x_wconf 88' lang='lat' dir='ltr'><strong>Cadmo</strong></span> <span class='ocrx_word' id='word_1_307' title='bbox 409 4095 449 4161; x_wconf 93' lang='lat' dir='ltr'><strong>ad</strong></span> <span class='ocrx_word' id='word_1_308' title='bbox 471 4095 654 4161; x_wconf 91' lang='lat' dir='ltr'><strong>Theronem</strong></span> <span class='ocrx_word' id='word_1_309' title='bbox 681 4094 800 4181; x_wconf 84' lang='lat' dir='ltr'><strong>viginti</strong></span> <span class='ocrx_word' id='word_1_310' title='bbox 828 4099 953 4181; x_wconf 89' lang='lat' dir='ltr'><strong>septem</strong></span> <span class='ocrx_word' id='word_1_311' title='bbox 981 4102 1106 4164; x_wconf 89' lang='lat' dir='ltr'><strong>aetates</strong></span> <span class='ocrx_word' id='word_1_312' title='bbox 1133 4098 1154 4163; x_wconf 95' lang='lat' dir='ltr'><strong>i.</strong></span> <span class='ocrx_word' id='word_1_313' title='bbox 1178 4121 1204 4164; x_wconf 92' lang='lat' dir='ltr'><strong>e.</strong></span> <span class='ocrx_word' id='word_1_314' title='bbox 1232 4121 1334 4164; x_wconf 87' lang='lat' dir='ltr'><strong>annos</strong></span> <span class='ocrx_word' id='word_1_315' title='bbox 1362 4100 1428 4167; x_wconf 88' lang='grc'><strong>900</strong></span> 
     </span>
     <span class='ocr_line' id='line_1_34' title="bbox 150 4202 623 4290; baseline -0.004 -20"><span class='ocrx_word' id='word_1_316' title='bbox 150 4208 356 4290; x_wconf 90' lang='lat' dir='ltr'><strong>computatos</strong></span> <span class='ocrx_word' id='word_1_317' title='bbox 379 4224 449 4268; x_wconf 89' lang='lat' dir='ltr'><strong>esse</strong></span> <span class='ocrx_word' id='word_1_318' title='bbox 472 4202 623 4269; x_wconf 83' lang='lat' dir='ltr'><strong>dicerent</strong></span> 
     </span>
    </p>

    <p class='ocr_par' dir='ltr' id='par_1_9' title="bbox 235 4307 1156 4400">
     <span class='ocr_line' id='line_1_35' title="bbox 235 4307 1156 4400; baseline 0.001 -25"><span class='ocrx_word' id='word_1_319' title='bbox 235 4310 335 4376; x_wconf 88' lang='lat' dir='ltr'><strong>Melia</strong></span> <span class='ocrx_word' id='word_1_320' title='bbox 358 4307 478 4374; x_wconf 90' lang='lat' dir='ltr'><strong>Oceani</strong></span> <span class='ocrx_word' id='word_1_321' title='bbox 501 4308 580 4394; x_wconf 88' lang='lat' dir='ltr'><strong>filia,</strong></span> <span class='ocrx_word' id='word_1_322' title='bbox 605 4315 710 4375; x_wconf 86' lang='lat' dir='ltr'><strong>mater</strong></span> <span class='ocrx_word' id='word_1_323' title='bbox 733 4310 853 4375; x_wconf 91' lang='lat' dir='ltr'><strong>Ismeni</strong></span> <span class='ocrx_word' id='word_1_324' title='bbox 877 4311 962 4376; x_wconf 83' lang='lat' dir='ltr'><strong>vatis</strong></span> <span class='ocrx_word' id='word_1_325' title='bbox 986 4308 1036 4398; x_wconf 88' lang='lat' dir='ltr'><strong>(P.</strong></span> <span class='ocrx_word' id='word_1_326' title='bbox 1055 4329 1093 4378; x_wconf 76' lang='lat' dir='ltr'><strong>xl</strong></span> <span class='ocrx_word' id='word_1_327' title='bbox 1111 4311 1156 4400; x_wconf 88' lang='grc'><strong>4).</strong></span> 
     </span>
    </p>
   </div>
   <div class='ocr_carea' id='block_1_7' title="bbox 236 4415 1566 4505">
    <p class='ocr_par' dir='ltr' id='par_1_10' title="bbox 236 4415 1566 4505">
     <span class='ocr_line' id='line_1_36' title="bbox 236 4415 1566 4505; baseline 0.002 -23"><span class='ocrx_word' id='word_1_328' title='bbox 236 4417 400 4501; x_wconf 83' lang='lat' dir='ltr'><strong>Antiopae</strong></span> <span class='ocrx_word' id='word_1_329' title='bbox 427 4421 461 4483; x_wconf 91' lang='lat' dir='ltr'><strong>et</strong></span> <span class='ocrx_word' id='word_1_330' title='bbox 488 4415 592 4502; x_wconf 88' lang='lat' dir='ltr'><strong>Asopi</strong></span> <span class='ocrx_word' id='word_1_331' title='bbox 618 4417 710 4483; x_wconf 83' lang='lat' dir='ltr'><strong>fluvii</strong></span> <span class='ocrx_word' id='word_1_332' title='bbox 737 4417 798 4482; x_wconf 90' lang='lat' dir='ltr'><strong>filii</strong></span> <span class='ocrx_word' id='word_1_333' title='bbox 825 4418 992 4504; x_wconf 92' lang='lat' dir='ltr'><strong>Amphion</strong></span> <span class='ocrx_word' id='word_1_334' title='bbox 1020 4425 1053 4484; x_wconf 89' lang='lat' dir='ltr'><strong>et</strong></span> <span class='ocrx_word' id='word_1_335' title='bbox 1081 4418 1216 4505; x_wconf 86' lang='lat' dir='ltr'><strong>Zethus,</strong></span> <span class='ocrx_word' id='word_1_336' title='bbox 1244 4417 1427 4484; x_wconf 91' lang='lat' dir='ltr'><strong>conditores</strong></span> <span class='ocrx_word' id='word_1_337' title='bbox 1562 4454 1566 4467; x_wconf 93' lang='lat'><strong>·</strong></span> 
     </span>
    </p>
   </div>
   <div class='ocr_carea' id='block_1_8' title="bbox 149 4522 1429 4826">
    <p class='ocr_par' dir='ltr' id='par_1_11' title="bbox 149 4522 1429 4826">
     <span class='ocr_line' id='line_1_37' title="bbox 150 4522 1428 4613; baseline -0.001 -22"><span class='ocrx_word' id='word_1_338' title='bbox 150 4523 313 4591; x_wconf 88' lang='lat' dir='ltr'><strong>moenium</strong></span> <span class='ocrx_word' id='word_1_339' title='bbox 331 4522 561 4589; x_wconf 90' lang='lat' dir='ltr'><strong>Thebanorum</strong></span> <span class='ocrx_word' id='word_1_340' title='bbox 580 4522 653 4612; x_wconf 92' lang='lat' dir='ltr'><strong>(Od.</strong></span> <span class='ocrx_word' id='word_1_341' title='bbox 672 4542 709 4589; x_wconf 80' lang='lat' dir='ltr'><strong>xl</strong></span> <span class='ocrx_word' id='word_1_342' title='bbox 728 4526 802 4591; x_wconf 88' lang='grc'><strong>260.</strong></span> <span class='ocrx_word' id='word_1_343' title='bbox 834 4526 942 4611; x_wconf 92' lang='lat' dir='ltr'><strong>Apoll.</strong></span> <span class='ocrx_word' id='word_1_344' title='bbox 958 4527 1035 4612; x_wconf 87' lang='lat' dir='ltr'><strong>Arg.</strong></span> <span class='ocrx_word' id='word_1_345' title='bbox 1050 4544 1063 4591; x_wconf 91' lang='lat'>1</span> <span class='ocrx_word' id='word_1_346' title='bbox 1079 4524 1172 4613; x_wconf 75' lang='lat'><strong>738),</strong></span> <span class='ocrx_word' id='word_1_347' title='bbox 1194 4547 1353 4610; x_wconf 90' lang='lat' dir='ltr'><strong>nusquam</strong></span> <span class='ocrx_word' id='word_1_348' title='bbox 1372 4547 1428 4590; x_wconf 91' lang='lat' dir='ltr'><strong>eos</strong></span> 
     </span>
     <span class='ocr_line' id='line_1_38' title="bbox 149 4629 470 4714; baseline -0.003 -17"><span class='ocrx_word' id='word_1_349' title='bbox 149 4629 305 4697; x_wconf 86' lang='lat' dir='ltr'><strong>Pindarus</strong></span> <span class='ocrx_word' id='word_1_350' title='bbox 329 4629 470 4714; x_wconf 90' lang='lat' dir='ltr'><strong>respicit.</strong></span> 
     </span>
     <span class='ocr_line' id='line_1_39' title="bbox 236 4736 1429 4826; baseline 0 -22"><span class='ocrx_word' id='word_1_351' title='bbox 236 4736 429 4824; x_wconf 83' lang='lat' dir='ltr'><strong>Spartorum</strong></span> <span class='ocrx_word' id='word_1_352' title='bbox 462 4760 481 4804; x_wconf 89' lang='lat' dir='ltr'><strong>a</strong></span> <span class='ocrx_word' id='word_1_353' title='bbox 509 4737 632 4805; x_wconf 88' lang='lat' dir='ltr'><strong>Cadmo</strong></span> <span class='ocrx_word' id='word_1_354' title='bbox 661 4744 807 4805; x_wconf 90' lang='lat' dir='ltr'><strong>satorum</strong></span> <span class='ocrx_word' id='word_1_355' title='bbox 834 4741 873 4806; x_wconf 90' lang='lat' dir='ltr'><strong>de</strong></span> <span class='ocrx_word' id='word_1_356' title='bbox 902 4740 1059 4826; x_wconf 89' lang='lat' dir='ltr'><strong>sanguine</strong></span> <span class='ocrx_word' id='word_1_357' title='bbox 1087 4740 1227 4826; x_wconf 89' lang='lat' dir='ltr'><strong>populus</strong></span> <span class='ocrx_word' id='word_1_358' title='bbox 1255 4737 1429 4804; x_wconf 88' lang='lat' dir='ltr'><strong>Thebanus</strong></span> 
     </span>
    </p>
   </div>
   <div class='ocr_carea' id='block_1_9' title="bbox 148 4842 1429 4935">
    <p class='ocr_par' dir='ltr' id='par_1_12' title="bbox 148 4842 1429 4935">
     <span class='ocr_line' id='line_1_40' title="bbox 148 4842 1429 4935; baseline 0.001 -24"><span class='ocrx_word' id='word_1_359' title='bbox 148 4844 313 4913; x_wconf 89' lang='lat' dir='ltr'><strong>descendit</strong></span> <span class='ocrx_word' id='word_1_360' title='bbox 332 4842 381 4932; x_wconf 93' lang='lat' dir='ltr'><strong>(P.</strong></span> <span class='ocrx_word' id='word_1_361' title='bbox 400 4862 437 4909; x_wconf 81' lang='lat' dir='ltr'><strong>nr</strong></span> <span class='ocrx_word' id='word_1_362' title='bbox 457 4846 507 4911; x_wconf 87' lang='lat'><strong>82.</strong></span> <span class='ocrx_word' id='word_1_363' title='bbox 545 4845 671 4912; x_wconf 67' lang='lat'><strong>[130.</strong></span> <span class='ocrx_word' id='word_1_364' title='bbox 699 4865 749 4912; x_wconf 88' lang='lat' dir='ltr'><strong>vn</strong></span> <span class='ocrx_word' id='word_1_365' title='bbox 766 4848 815 4913; x_wconf 86' lang='lat'><strong>10.</strong></span> <span class='ocrx_word' id='word_1_366' title='bbox 843 4847 882 4912; x_wconf 86' lang='lat' dir='ltr'><strong>fr.</strong></span> <span class='ocrx_word' id='word_1_367' title='bbox 897 4846 954 4935; x_wconf 88' lang='grc'><strong>29)</strong></span> <span class='ocrx_word' id='word_1_368' title='bbox 981 4883 1017 4892; x_wconf 93' lang='grc'>-</span> <span class='ocrx_word' id='word_1_369' title='bbox 1045 4845 1095 4913; x_wconf 93' lang='lat' dir='ltr'><strong>De</strong></span> <span class='ocrx_word' id='word_1_370' title='bbox 1119 4846 1245 4932; x_wconf 85' lang='lat' dir='ltr'><strong>Spartis</strong></span> <span class='ocrx_word' id='word_1_371' title='bbox 1268 4844 1429 4932; x_wconf 84' lang='lat' dir='ltr'><strong>originem</strong></span> 
     </span>
    </p>
   </div>
   <div class='ocr_carea' id='block_1_10' title="bbox 0 0 1732 5550">
    <p class='ocr_par' dir='ltr' id='par_1_13' title="bbox 0 0 1732 5550">
     <span class='ocr_line' id='line_1_41' title="bbox 0 0 1732 5550; baseline 0 0"><span class='ocrx_word' id='word_1_372' title='bbox 0 0 1732 5550; x_wconf 95' lang='lat' dir='ltr'><strong> </strong></span> 
     </span>
    </p>
   </div>
  </div>
 </body>
</html>
