<?xml version="1.0" encoding="UTF-8"?>
<!DOCTYPE html PUBLIC "-//W3C//DTD XHTML 1.0 Transitional//EN"
    "http://www.w3.org/TR/xhtml1/DTD/xhtml1-transitional.dtd">
<html xmlns="http://www.w3.org/1999/xhtml" xml:lang="en" lang="en">
 <head>
  <title>
</title>
<meta http-equiv="Content-Type" content="text/html;charset=utf-8" />
  <meta name='ocr-system' content='tesseract 3.04.00' />
  <meta name='ocr-capabilities' content='ocr_page ocr_carea ocr_par ocr_line ocrx_word'/>
</head>
<body>
  <div class='ocr_page' id='page_1' title='image "./pindaricarminap00chrigoog_0375.png"; bbox 0 0 3442 5550; ppageno 0'>
   <div class='ocr_carea' id='block_1_1' title="bbox 224 381 1022 445">
    <p class='ocr_par' dir='ltr' id='par_1_1' title="bbox 224 381 1022 445">
     <span class='ocr_line' id='line_1_1' title="bbox 224 381 1022 445; baseline 0.001 -12"><span class='ocrx_word' id='word_1_1' title='bbox 224 381 288 445; x_wconf 78' lang='lat'><strong>&lt;226</strong></span> <span class='ocrx_word' id='word_1_2' title='bbox 693 382 839 432; x_wconf 74' lang='lat' dir='ltr'><strong>prunam</strong></span> <span class='ocrx_word' id='word_1_3' title='bbox 859 382 1022 434; x_wconf 74' lang='lat' dir='ltr'><strong>semrom.</strong></span> 
     </span>
    </p>
   </div>
   <div class='ocr_carea' id='block_1_2' title="bbox 223 538 1502 1273">
    <p class='ocr_par' dir='ltr' id='par_1_2' title="bbox 223 538 1502 1273">
     <span class='ocr_line' id='line_1_2' title="bbox 279 538 1502 630; baseline -0.006 -20"><span class='ocrx_word' id='word_1_4' title='bbox 279 544 460 630; x_wconf 86' lang='grc' dir='ltr'><strong><em>Ἰσμήνειον</em></strong></span> <span class='ocrx_word' id='word_1_5' title='bbox 484 541 513 607; x_wconf 85' lang='lat' dir='ltr'><strong>d‘</strong></span> <span class='ocrx_word' id='word_1_6' title='bbox 541 542 714 628; x_wconf 79' lang='grc' dir='ltr'><strong><em>ὀνύμαξεν,</em></strong></span> <span class='ocrx_word' id='word_1_7' title='bbox 737 542 864 607; x_wconf 84' lang='grc' dir='ltr'><strong><em>ἀλαθέα</em></strong></span> <span class='ocrx_word' id='word_1_8' title='bbox 887 546 1051 627; x_wconf 85' lang='grc' dir='ltr'><strong><em>μαντείων</em></strong></span> <span class='ocrx_word' id='word_1_9' title='bbox 1065 583 1078 590; x_wconf 90' lang='grc'>-</span> <span class='ocrx_word' id='word_1_10' title='bbox 1093 548 1221 606; x_wconf 85' lang='grc' dir='ltr'><strong><em>θῶκον·</em></strong></span> <span class='ocrx_word' id='word_1_11' title='bbox 1280 538 1366 606; x_wconf 87' lang='grc' dir='ltr'><strong><em>Ἀντ.</em></strong></span> <span class='ocrx_word' id='word_1_12' title='bbox 1385 538 1429 605; x_wconf 85' lang='grc' dir='ltr'><strong><em>α’.</em></strong></span> <span class='ocrx_word' id='word_1_13' title='bbox 1469 556 1502 603; x_wconf 89' lang='lat'><strong>10</strong></span> 
     </span>
     <span class='ocr_line' id='line_1_3' title="bbox 278 648 650 736; baseline -0.011 -18"><span class='ocrx_word' id='word_1_14' title='bbox 278 648 303 718; x_wconf 84' lang='grc' dir='ltr'><strong>ὦ</strong></span> <span class='ocrx_word' id='word_1_15' title='bbox 327 654 443 728; x_wconf 84' lang='grc' dir='ltr'><strong><em>παῖδες</em></strong></span> <span class='ocrx_word' id='word_1_16' title='bbox 460 649 650 736; x_wconf 71' lang='grc' dir='ltr'><strong><em>Ἁρμονίας,</em></strong></span> 
     </span>
     <span class='ocr_line' id='line_1_4' title="bbox 322 757 945 842; baseline -0.006 -18"><span class='ocrx_word' id='word_1_17' title='bbox 322 763 407 824; x_wconf 83' lang='grc' dir='ltr'><strong><em>ἔνθα</em></strong></span> <span class='ocrx_word' id='word_1_18' title='bbox 429 762 488 823; x_wconf 92' lang='grc' dir='ltr'><strong><em>καί</em></strong></span> <span class='ocrx_word' id='word_1_19' title='bbox 507 782 572 823; x_wconf 93' lang='grc' dir='ltr'><strong>νυν</strong></span> <span class='ocrx_word' id='word_1_20' title='bbox 596 757 752 842; x_wconf 82' lang='grc' dir='ltr'><strong><em>ἐπίνομον</em></strong></span> <span class='ocrx_word' id='word_1_21' title='bbox 775 757 945 842; x_wconf 81' lang='grc' dir='ltr'><strong><em>ἡ-ρωίδων</em></strong></span> 
     </span>
     <span class='ocr_line' id='line_1_5' title="bbox 276 864 899 951; baseline -0.005 -20"><span class='ocrx_word' id='word_1_22' title='bbox 276 868 418 951; x_wconf 89' lang='grc' dir='ltr'><strong><em>στρατὸν</em></strong></span> <span class='ocrx_word' id='word_1_23' title='bbox 441 864 607 950; x_wconf 80' lang='grc' dir='ltr'><strong><em>ὁμανυρεά</em></strong></span> <span class='ocrx_word' id='word_1_24' title='bbox 630 871 726 930; x_wconf 80' lang='grc' dir='ltr'><strong><em>καλεῖ</em></strong></span> <span class='ocrx_word' id='word_1_25' title='bbox 746 868 899 948; x_wconf 90' lang='grc' dir='ltr'><strong><em>συνίμεν,</em></strong></span> 
     </span>
     <span class='ocr_line' id='line_1_6' title="bbox 275 972 608 1060; baseline -0.003 -23"><span class='ocrx_word' id='word_1_26' title='bbox 275 976 363 1060; x_wconf 80' lang='grc' dir='ltr'><strong><em>ὄφρα</em></strong></span> <span class='ocrx_word' id='word_1_27' title='bbox 388 972 491 1057; x_wconf 80' lang='grc' dir='ltr'><strong><em>Θέμιν</em></strong></span> <span class='ocrx_word' id='word_1_28' title='bbox 516 974 608 1059; x_wconf 85' lang='grc' dir='ltr'><strong><em>ίεράν</em></strong></span> 
     </span>
     <span class='ocr_line' id='line_1_7' title="bbox 319 1077 815 1164; baseline -0.006 -18"><span class='ocrx_word' id='word_1_29' title='bbox 319 1081 473 1146; x_wconf 85' lang='grc' dir='ltr'><strong><em>Πυθῶνά</em></strong></span> <span class='ocrx_word' id='word_1_30' title='bbox 495 1104 529 1144; x_wconf 89' lang='grc' dir='ltr'><strong>τε</strong></span> <span class='ocrx_word' id='word_1_31' title='bbox 552 1077 607 1145; x_wconf 78' lang='grc' dir='ltr'><strong><em>καὶ</em></strong></span> <span class='ocrx_word' id='word_1_32' title='bbox 630 1079 815 1164; x_wconf 77' lang='grc' dir='ltr'><strong><em>ὀρθοδίκαν</em></strong></span> 
     </span>
     <span class='ocr_line' id='line_1_8' title="bbox 223 1183 1089 1273; baseline -0.005 -19"><span class='ocrx_word' id='word_1_33' title='bbox 223 1206 256 1254; x_wconf 84' lang='grc'><strong>10</strong></span> <span class='ocrx_word' id='word_1_34' title='bbox 275 1198 341 1271; x_wconf 84' lang='grc' dir='ltr'><strong><em>γᾶς</em></strong></span> <span class='ocrx_word' id='word_1_35' title='bbox 358 1187 510 1273; x_wconf 85' lang='grc' dir='ltr'><strong><em>ὀμφαλὸν</em></strong></span> <span class='ocrx_word' id='word_1_36' title='bbox 533 1185 718 1269; x_wconf 77' lang='grc' dir='ltr'><strong><em>κελαδήσετ’</em></strong></span> <span class='ocrx_word' id='word_1_37' title='bbox 746 1188 846 1273; x_wconf 81' lang='grc' dir='ltr'><strong><em>ἀκ-ρᾳ</em></strong></span> <span class='ocrx_word' id='word_1_38' title='bbox 869 1188 933 1251; x_wconf 89' lang='grc' dir='ltr'><strong>σὺν</strong></span> <span class='ocrx_word' id='word_1_39' title='bbox 956 1183 1089 1272; x_wconf 81' lang='grc' dir='ltr'><em>ἑσπέρᾳ,</em></span> 
     </span>
    </p>
   </div>
   <div class='ocr_carea' id='block_1_3' title="bbox 223 1365 995 1984">
    <p class='ocr_par' dir='ltr' id='par_1_3' title="bbox 275 1365 640 1450">
     <span class='ocr_line' id='line_1_9' title="bbox 275 1365 640 1450; baseline -0.003 -19"><span class='ocrx_word' id='word_1_40' title='bbox 275 1365 488 1431; x_wconf 79' lang='grc' dir='ltr'><strong><em>ἑπταπύλοισι</em></strong></span> <span class='ocrx_word' id='word_1_41' title='bbox 515 1368 640 1450; x_wconf 79' lang='grc' dir='ltr'><strong><em>Θήβαις</em></strong></span> 
     </span>
    </p>

    <p class='ocr_par' dir='ltr' id='par_1_4' title="bbox 274 1472 725 1560">
     <span class='ocr_line' id='line_1_10' title="bbox 274 1472 725 1560; baseline -0.002 -22"><span class='ocrx_word' id='word_1_42' title='bbox 274 1474 372 1560; x_wconf 81' lang='grc' dir='ltr'><strong><em>χάριν</em></strong></span> <span class='ocrx_word' id='word_1_43' title='bbox 395 1472 503 1555; x_wconf 84' lang='grc' dir='ltr'><strong><em>ἀγῶνί</em></strong></span> <span class='ocrx_word' id='word_1_44' title='bbox 523 1496 558 1538; x_wconf 84' lang='grc' dir='ltr'><strong>τε</strong></span> <span class='ocrx_word' id='word_1_45' title='bbox 580 1477 725 1558; x_wconf 89' lang='grc' dir='ltr'><strong><em>Κίρρας,</em></strong></span> 
     </span>
    </p>

    <p class='ocr_par' dir='ltr' id='par_1_5' title="bbox 274 1577 933 1668">
     <span class='ocr_line' id='line_1_11' title="bbox 274 1577 933 1668; baseline -0.002 -24"><span class='ocrx_word' id='word_1_46' title='bbox 274 1579 310 1644; x_wconf 80' lang='grc' dir='ltr'><strong>ἐν</strong></span> <span class='ocrx_word' id='word_1_47' title='bbox 333 1590 378 1668; x_wconf 77' lang='grc' dir='ltr'><strong><em>τῷ</em></strong></span> <span class='ocrx_word' id='word_1_48' title='bbox 406 1582 615 1665; x_wconf 78' lang='grc' dir='ltr'><strong><em>Θρασυδαῖος</em></strong></span> <span class='ocrx_word' id='word_1_49' title='bbox 638 1582 799 1664; x_wconf 85' lang='grc' dir='ltr'><strong><em>ἀμ-νασεν</em></strong></span> <span class='ocrx_word' id='word_1_50' title='bbox 822 1577 933 1644; x_wconf 84' lang='grc' dir='ltr'><strong><em>ἑστίαν</em></strong></span> 
     </span>
    </p>

    <p class='ocr_par' dir='ltr' id='par_1_6' title="bbox 223 1685 995 1878">
     <span class='ocr_line' id='line_1_12' title="bbox 273 1685 995 1775; baseline -0.003 -23"><span class='ocrx_word' id='word_1_51' title='bbox 273 1691 387 1771; x_wconf 87' lang='grc' dir='ltr'><strong><em>τρίτον</em></strong></span> <span class='ocrx_word' id='word_1_52' title='bbox 410 1691 463 1752; x_wconf 79' lang='grc' dir='ltr'><strong><em>ἔπι</em></strong></span> <span class='ocrx_word' id='word_1_53' title='bbox 487 1687 652 1772; x_wconf 85' lang='grc' dir='ltr'><strong><em>στέφανον</em></strong></span> <span class='ocrx_word' id='word_1_54' title='bbox 675 1685 846 1775; x_wconf 72' lang='grc' dir='ltr'><strong><em>πατρηῖ-αν</em></strong></span> <span class='ocrx_word' id='word_1_55' title='bbox 869 1687 995 1770; x_wconf 86' lang='grc' dir='ltr'><strong><em>βαλών,</em></strong></span> 
     </span>
     <span class='ocr_line' id='line_1_13' title="bbox 223 1794 837 1878; baseline 0 -20"><span class='ocrx_word' id='word_1_56' title='bbox 223 1810 255 1858; x_wconf 79' lang='lat'><strong>15</strong></span> <span class='ocrx_word' id='word_1_57' title='bbox 275 1794 312 1859; x_wconf 83' lang='grc' dir='ltr'><strong>έν</strong></span> <span class='ocrx_word' id='word_1_58' title='bbox 335 1795 474 1878; x_wconf 80' lang='grc' dir='ltr'><strong><em>ἀφνεαῖς</em></strong></span> <span class='ocrx_word' id='word_1_59' title='bbox 497 1794 672 1878; x_wconf 76' lang='grc' dir='ltr'><strong><em>ἀρούραισι</em></strong></span> <span class='ocrx_word' id='word_1_60' title='bbox 696 1794 837 1859; x_wconf 82' lang='grc' dir='ltr'><strong><em>Πυλάδα</em></strong></span> 
     </span>
    </p>

    <p class='ocr_par' dir='ltr' id='par_1_7' title="bbox 273 1899 837 1984">
     <span class='ocr_line' id='line_1_14' title="bbox 273 1899 837 1984; baseline -0.004 -18"><span class='ocrx_word' id='word_1_61' title='bbox 273 1914 376 1966; x_wconf 85' lang='grc' dir='ltr'><strong><em>νικῶν</em></strong></span> <span class='ocrx_word' id='word_1_62' title='bbox 399 1900 494 1979; x_wconf 85' lang='grc' dir='ltr'><strong><em>ξένου</em></strong></span> <span class='ocrx_word' id='word_1_63' title='bbox 520 1901 677 1977; x_wconf 86' lang='grc' dir='ltr'><strong><em>Λάκωνος</em></strong></span> <span class='ocrx_word' id='word_1_64' title='bbox 696 1899 837 1984; x_wconf 82' lang='grc' dir='ltr'><strong><em>Ὀρέστα.</em></strong></span> 
     </span>
    </p>
   </div>
   <div class='ocr_carea' id='block_1_4' title="bbox 219 2055 1501 2417">
    <p class='ocr_par' dir='ltr' id='par_1_8' title="bbox 219 2055 1501 2417">
     <span class='ocr_line' id='line_1_15' title="bbox 274 2055 1501 2128; baseline 0.002 -17"><span class='ocrx_word' id='word_1_65' title='bbox 274 2064 298 2113; x_wconf 86' lang='grc'><strong>6.</strong></span> <span class='ocrx_word' id='word_1_66' title='bbox 310 2058 439 2128; x_wconf 89' lang='grc' dir='ltr'><strong><em>ίσμήνιον</em></strong></span> <span class='ocrx_word' id='word_1_67' title='bbox 449 2059 511 2112; x_wconf 89' lang='lat' dir='ltr'><strong>BD</strong></span> <span class='ocrx_word' id='word_1_68' title='bbox 523 2090 552 2098; x_wconf 84' lang='lat'><em>-</em></span> <span class='ocrx_word' id='word_1_69' title='bbox 565 2060 688 2112; x_wconf 81' lang='grc' dir='ltr'><strong><em>ἀλαθεία</em></strong></span> <span class='ocrx_word' id='word_1_70' title='bbox 698 2058 727 2111; x_wconf 90' lang='lat' dir='ltr'><em>D</em></span> <span class='ocrx_word' id='word_1_71' title='bbox 738 2090 771 2096; x_wconf 93' lang='lat'><strong>—</strong></span> <span class='ocrx_word' id='word_1_72' title='bbox 781 2055 920 2127; x_wconf 85' lang='grc' dir='ltr'><strong><em>μαντείων</em></strong></span> <span class='ocrx_word' id='word_1_73' title='bbox 928 2059 956 2113; x_wconf 89' lang='grc' dir='ltr'><strong><em>Β</em></strong></span> <span class='ocrx_word' id='word_1_74' title='bbox 963 2058 1004 2113; x_wconf 90' lang='lat' dir='ltr'><strong>D:</strong></span> <span class='ocrx_word' id='word_1_75' title='bbox 1015 2055 1138 2127; x_wconf 85' lang='grc' dir='ltr'><strong><em>μαντίων</em></strong></span> <span class='ocrx_word' id='word_1_76' title='bbox 1148 2057 1289 2111; x_wconf 80' lang='lat' dir='ltr'>Hermann</span> <span class='ocrx_word' id='word_1_77' title='bbox 1299 2090 1334 2096; x_wconf 98' lang='lat'><em>-</em></span> <span class='ocrx_word' id='word_1_78' title='bbox 1344 2062 1369 2111; x_wconf 88' lang='lat'><strong>8.</strong></span> <span class='ocrx_word' id='word_1_79' title='bbox 1380 2056 1501 2127; x_wconf 74' lang='grc' dir='ltr'><strong><em>ὁμήγυρ.</em></strong></span> 
     </span>
     <span class='ocr_line' id='line_1_16' title="bbox 223 2127 1501 2200; baseline 0 -16"><span class='ocrx_word' id='word_1_80' title='bbox 223 2130 261 2196; x_wconf 88' lang='lat' dir='ltr'><strong>D,</strong></span> <span class='ocrx_word' id='word_1_81' title='bbox 276 2131 386 2200; x_wconf 79' lang='grc' dir='ltr'><strong><em>όμηγερ.</em></strong></span> <span class='ocrx_word' id='word_1_82' title='bbox 402 2132 429 2184; x_wconf 89' lang='grc' dir='ltr'><strong><em>Β</em></strong></span> <span class='ocrx_word' id='word_1_83' title='bbox 445 2163 476 2171; x_wconf 94' lang='lat'><em>-</em></span> <span class='ocrx_word' id='word_1_84' title='bbox 492 2128 606 2199; x_wconf 87' lang='grc' dir='ltr'><strong><em>συνίμεν</em></strong></span> <span class='ocrx_word' id='word_1_85' title='bbox 625 2132 652 2184; x_wconf 89' lang='grc' dir='ltr'><strong><em>Β</em></strong></span> <span class='ocrx_word' id='word_1_86' title='bbox 672 2132 700 2183; x_wconf 79' lang='lat' dir='ltr'><strong>et</strong></span> <span class='ocrx_word' id='word_1_87' title='bbox 719 2128 821 2184; x_wconf 87' lang='lat' dir='ltr'><strong>schol:</strong></span> <span class='ocrx_word' id='word_1_88' title='bbox 841 2127 958 2198; x_wconf 85' lang='grc' dir='ltr'><strong><em>συνέμεν</em></strong></span> <span class='ocrx_word' id='word_1_89' title='bbox 972 2128 1002 2182; x_wconf 92' lang='lat' dir='ltr'><strong><em>D</em></strong></span> <span class='ocrx_word' id='word_1_90' title='bbox 1016 2161 1049 2169; x_wconf 93' lang='lat'>—</span> <span class='ocrx_word' id='word_1_91' title='bbox 1066 2135 1105 2184; x_wconf 86' lang='lat'><strong>10.</strong></span> <span class='ocrx_word' id='word_1_92' title='bbox 1122 2127 1284 2197; x_wconf 79' lang='grc' dir='ltr'><strong><em>κελαδήσετ’</em></strong></span> <span class='ocrx_word' id='word_1_93' title='bbox 1301 2129 1372 2182; x_wconf 90' lang='lat' dir='ltr'><strong>coni.</strong></span> <span class='ocrx_word' id='word_1_94' title='bbox 1387 2128 1501 2198; x_wconf 87' lang='lat' dir='ltr'><strong>Heyne:</strong></span> 
     </span>
     <span class='ocr_line' id='line_1_17' title="bbox 220 2200 1501 2271; baseline -0.001 -16"><span class='ocrx_word' id='word_1_95' title='bbox 220 2204 354 2271; x_wconf 79' lang='grc' dir='ltr'><strong><em>κελαδήτε</em></strong></span> <span class='ocrx_word' id='word_1_96' title='bbox 367 2203 456 2270; x_wconf 79' lang='lat' dir='ltr'><strong>codd,</strong></span> <span class='ocrx_word' id='word_1_97' title='bbox 469 2202 644 2256; x_wconf 85' lang='lat' dir='ltr'><strong>coniecturae</strong></span> <span class='ocrx_word' id='word_1_98' title='bbox 656 2205 787 2270; x_wconf 81' lang='lat' dir='ltr'>receptae</span> <span class='ocrx_word' id='word_1_99' title='bbox 799 2200 877 2255; x_wconf 80' lang='lat' dir='ltr'><strong>favet</strong></span> <span class='ocrx_word' id='word_1_100' title='bbox 889 2200 1069 2270; x_wconf 76' lang='lat' dir='ltr'><strong>paraphrasis</strong></span> <span class='ocrx_word' id='word_1_101' title='bbox 1079 2201 1227 2271; x_wconf 82' lang='grc' dir='ltr'><strong><em>ὑμνήσητε,</em></strong></span> <span class='ocrx_word' id='word_1_102' title='bbox 1239 2202 1394 2271; x_wconf 77' lang='grc' dir='ltr'><strong><em>κελαδητον</em></strong></span> <span class='ocrx_word' id='word_1_103' title='bbox 1403 2200 1501 2271; x_wconf 81' lang='lat' dir='ltr'>Bergk</span> 
     </span>
     <span class='ocr_line' id='line_1_18' title="bbox 220 2270 1499 2343; baseline 0.002 -18"><span class='ocrx_word' id='word_1_104' title='bbox 220 2305 254 2312; x_wconf 89' lang='lat'><em>-</em></span> <span class='ocrx_word' id='word_1_105' title='bbox 270 2280 310 2327; x_wconf 85' lang='lat'><strong>13.</strong></span> <span class='ocrx_word' id='word_1_106' title='bbox 327 2274 452 2343; x_wconf 84' lang='grc' dir='ltr'><strong><em>ἄμνασεν</em></strong></span> <span class='ocrx_word' id='word_1_107' title='bbox 466 2291 499 2327; x_wconf 86' lang='lat' dir='ltr'><strong>ex</strong></span> <span class='ocrx_word' id='word_1_108' title='bbox 514 2271 627 2327; x_wconf 80' lang='lat' dir='ltr'><strong>scholiis</strong></span> <span class='ocrx_word' id='word_1_109' title='bbox 641 2273 761 2342; x_wconf 81' lang='lat' dir='ltr'><strong>Kayser:</strong></span> <span class='ocrx_word' id='word_1_110' title='bbox 778 2271 793 2326; x_wconf 81' lang='grc' dir='ltr'><em>ἔ</em></span> <span class='ocrx_word' id='word_1_111' title='bbox 811 2290 878 2327; x_wconf 90' lang='grc' dir='ltr'><strong><em>νασε</em></strong></span> <span class='ocrx_word' id='word_1_112' title='bbox 894 2271 982 2341; x_wconf 79' lang='lat' dir='ltr'><strong>codd,</strong></span> <span class='ocrx_word' id='word_1_113' title='bbox 994 2270 1094 2342; x_wconf 80' lang='grc' dir='ltr'><strong><em>ἔμνασέ</em></strong></span> <span class='ocrx_word' id='word_1_114' title='bbox 1108 2270 1138 2343; x_wconf 85' lang='grc' dir='ltr'><strong>μ’</strong></span> <span class='ocrx_word' id='word_1_115' title='bbox 1150 2272 1292 2326; x_wconf 83' lang='lat' dir='ltr'><strong>Hermann</strong></span> <span class='ocrx_word' id='word_1_116' title='bbox 1304 2304 1337 2312; x_wconf 93' lang='lat'>-</span> <span class='ocrx_word' id='word_1_117' title='bbox 1348 2271 1461 2327; x_wconf 80' lang='grc' dir='ltr'><strong><em>ἑστιᾶν.</em></strong></span> <span class='ocrx_word' id='word_1_118' title='bbox 1473 2314 1480 2326; x_wconf 91' lang='grc'><strong>.</strong></span> <span class='ocrx_word' id='word_1_119' title='bbox 1492 2316 1499 2328; x_wconf 93' lang='grc'><strong>.</strong></span> 
     </span>
     <span class='ocr_line' id='line_1_19' title="bbox 219 2293 1501 2417; baseline 0.001 -20"><span class='ocrx_word' id='word_1_120' title='bbox 219 2353 353 2417; x_wconf 84' lang='grc' dir='ltr'><strong><em>πατρῳᾶν</em></strong></span> <span class='ocrx_word' id='word_1_121' title='bbox 367 2345 438 2400; x_wconf 87' lang='lat' dir='ltr'><strong>coni.</strong></span> <span class='ocrx_word' id='word_1_122' title='bbox 450 2343 656 2398; x_wconf 87' lang='lat' dir='ltr'><strong>Rauchenstcin</strong></span> <span class='ocrx_word' id='word_1_123' title='bbox 671 2293 857 2413; x_wconf 76' lang='lat' dir='ltr'><strong>probabiliter</strong></span> <span class='ocrx_word' id='word_1_124' title='bbox 872 2376 904 2383; x_wconf 92' lang='lat'>-</span> <span class='ocrx_word' id='word_1_125' title='bbox 920 2343 966 2398; x_wconf 83' lang='grc' dir='ltr'><strong><em>ἔπι</em></strong></span> <span class='ocrx_word' id='word_1_126' title='bbox 980 2343 1134 2399; x_wconf 85' lang='lat' dir='ltr'><strong>Hermann:</strong></span> <span class='ocrx_word' id='word_1_127' title='bbox 1151 2343 1194 2398; x_wconf 76' lang='grc' dir='ltr'><strong>ἐπὶ</strong></span> <span class='ocrx_word' id='word_1_128' title='bbox 1211 2344 1290 2398; x_wconf 87' lang='lat' dir='ltr'><strong>codd.</strong></span> <span class='ocrx_word' id='word_1_129' title='bbox 1306 2375 1340 2384; x_wconf 95' lang='lat'>-</span> <span class='ocrx_word' id='word_1_130' title='bbox 1355 2349 1396 2398; x_wconf 90' lang='grc'><strong>16.</strong></span> <span class='ocrx_word' id='word_1_131' title='bbox 1414 2352 1501 2398; x_wconf 86' lang='grc' dir='ltr'><strong><em>νικᾶν</em></strong></span> 
     </span>
    </p>
   </div>
   <div class='ocr_carea' id='block_1_5' title="bbox 218 2486 1499 4343">
    <p class='ocr_par' dir='ltr' id='par_1_9' title="bbox 218 2486 1499 4343">
     <span class='ocr_line' id='line_1_20' title="bbox 220 2486 1497 2555; baseline 0.003 -16"><span class='ocrx_word' id='word_1_132' title='bbox 220 2486 286 2539; x_wconf 89' lang='lat' dir='ltr'><strong>linis</strong></span> <span class='ocrx_word' id='word_1_133' title='bbox 302 2490 397 2540; x_wconf 84' lang='lat' dir='ltr'><strong>amata</strong></span> <span class='ocrx_word' id='word_1_134' title='bbox 413 2490 441 2541; x_wconf 80' lang='lat' dir='ltr'><strong>et</strong></span> <span class='ocrx_word' id='word_1_135' title='bbox 455 2487 555 2540; x_wconf 80' lang='lat' dir='ltr'><strong>Ismeni</strong></span> <span class='ocrx_word' id='word_1_136' title='bbox 571 2486 662 2539; x_wconf 87' lang='lat' dir='ltr'><strong>herois</strong></span> <span class='ocrx_word' id='word_1_137' title='bbox 677 2490 768 2540; x_wconf 87' lang='lat' dir='ltr'><strong>mater</strong></span> <span class='ocrx_word' id='word_1_138' title='bbox 787 2488 830 2555; x_wconf 91' lang='lat' dir='ltr'><strong>(fr.</strong></span> <span class='ocrx_word' id='word_1_139' title='bbox 846 2504 879 2541; x_wconf 82' lang='lat' dir='ltr'><strong>aa.</strong></span> <span class='ocrx_word' id='word_1_140' title='bbox 900 2487 981 2541; x_wconf 85' lang='lat' dir='ltr'><strong>l&#39;aus.</strong></span> <span class='ocrx_word' id='word_1_141' title='bbox 996 2507 1024 2540; x_wconf 81' lang='lat' dir='ltr'><strong>rr</strong></span> <span class='ocrx_word' id='word_1_142' title='bbox 1040 2504 1072 2555; x_wconf 85' lang='grc' dir='ltr'><strong><em>ιο,</em></strong></span> <span class='ocrx_word' id='word_1_143' title='bbox 1087 2490 1110 2555; x_wconf 86' lang='grc' dir='ltr'><strong>ο)</strong></span> <span class='ocrx_word' id='word_1_144' title='bbox 1129 2503 1190 2541; x_wconf 87' lang='lat' dir='ltr'><strong>esse</strong></span> <span class='ocrx_word' id='word_1_145' title='bbox 1209 2487 1360 2541; x_wconf 87' lang='lat' dir='ltr'><strong>ferebatur.</strong></span> <span class='ocrx_word' id='word_1_146' title='bbox 1389 2486 1497 2543; x_wconf 85' lang='lat' dir='ltr'><strong>Schol:</strong></span> 
     </span>
     <span class='ocr_line' id='line_1_21' title="bbox 221 2554 1499 2631; baseline 0 -19"><span class='ocrx_word' id='word_1_147' title='bbox 221 2556 314 2612; x_wconf 88' lang='grc' dir='ltr'><strong><em>Μελία</em></strong></span> <span class='ocrx_word' id='word_1_148' title='bbox 326 2556 461 2612; x_wconf 78' lang='grc' dir='ltr'><strong><em>Ὠκεανοῦ</em></strong></span> <span class='ocrx_word' id='word_1_149' title='bbox 474 2557 611 2627; x_wconf 77' lang='grc' dir='ltr'><strong><em>θυγάτηρ,</em></strong></span> <span class='ocrx_word' id='word_1_150' title='bbox 632 2558 660 2624; x_wconf 75' lang='grc' dir='ltr'><strong>ἐξ</strong></span> <span class='ocrx_word' id='word_1_151' title='bbox 677 2554 708 2624; x_wconf 81' lang='grc' dir='ltr'><strong><em>ἧς</em></strong></span> <span class='ocrx_word' id='word_1_152' title='bbox 722 2560 770 2611; x_wconf 85' lang='grc' dir='ltr'><strong><em>καλ</em></strong></span> <span class='ocrx_word' id='word_1_153' title='bbox 783 2557 947 2621; x_wconf 79' lang='grc' dir='ltr'><strong><em>’Λπόλλωνος</em></strong></span> <span class='ocrx_word' id='word_1_154' title='bbox 964 2558 1086 2626; x_wconf 86' lang='grc' dir='ltr'><strong><em>Τήνερος</em></strong></span> <span class='ocrx_word' id='word_1_155' title='bbox 1100 2558 1115 2612; x_wconf 88' lang='lat' dir='ltr'><strong>d</strong></span> <span class='ocrx_word' id='word_1_156' title='bbox 1130 2558 1235 2628; x_wconf 85' lang='grc' dir='ltr'><strong><em>μάντις,</em></strong></span> <span class='ocrx_word' id='word_1_157' title='bbox 1253 2556 1282 2621; x_wconf 85' lang='grc' dir='ltr'><strong><em>ὃς</em></strong></span> <span class='ocrx_word' id='word_1_158' title='bbox 1296 2556 1365 2625; x_wconf 87' lang='grc' dir='ltr'><strong><em>παρ’</em></strong></span> <span class='ocrx_word' id='word_1_159' title='bbox 1380 2556 1499 2631; x_wconf 79' lang='grc' dir='ltr'><strong><em>Ἰσμηνῷ</em></strong></span> 
     </span>
     <span class='ocr_line' id='line_1_22' title="bbox 219 2628 1497 2701; baseline 0.001 -19"><span class='ocrx_word' id='word_1_160' title='bbox 219 2634 257 2701; x_wconf 82' lang='grc' dir='ltr'><strong><em>τῷ</em></strong></span> <span class='ocrx_word' id='word_1_161' title='bbox 271 2635 386 2701; x_wconf 81' lang='grc' dir='ltr'><strong><em>ποταμῷ</em></strong></span> <span class='ocrx_word' id='word_1_162' title='bbox 400 2629 571 2698; x_wconf 76' lang='grc' dir='ltr'><strong><em>ἐμαντεύετο,</em></strong></span> <span class='ocrx_word' id='word_1_163' title='bbox 588 2630 636 2682; x_wconf 81' lang='grc' dir='ltr'><strong><em>καλ</em></strong></span> <span class='ocrx_word' id='word_1_164' title='bbox 651 2628 755 2683; x_wconf 81' lang='grc' dir='ltr'><strong><em>αότόθι</em></strong></span> <span class='ocrx_word' id='word_1_165' title='bbox 765 2628 895 2699; x_wconf 86' lang='grc' dir='ltr'><strong><em>μαντεῖόν</em></strong></span> <span class='ocrx_word' id='word_1_166' title='bbox 907 2629 990 2699; x_wconf 77' lang='grc' dir='ltr'><strong><em>ἐστιν,</em></strong></span> <span class='ocrx_word' id='word_1_167' title='bbox 1006 2628 1155 2684; x_wconf 87' lang='grc' dir='ltr'><strong><em>ὃκαλεῑται</em></strong></span> <span class='ocrx_word' id='word_1_168' title='bbox 1168 2628 1318 2700; x_wconf 78' lang='grc' dir='ltr'><strong><em>Ἰσμήνιον·</em></strong></span> <span class='ocrx_word' id='word_1_169' title='bbox 1334 2629 1392 2684; x_wconf 75' lang='grc' dir='ltr'><strong><em>ἔστι</em></strong></span> <span class='ocrx_word' id='word_1_170' title='bbox 1406 2629 1438 2684; x_wconf 73' lang='grc' dir='ltr'><strong><em>δὲ</em></strong></span> <span class='ocrx_word' id='word_1_171' title='bbox 1449 2631 1497 2685; x_wconf 78' lang='grc' dir='ltr'><strong><em>καλ</em></strong></span> 
     </span>
     <span class='ocr_line' id='line_1_23' title="bbox 220 2696 1497 2772; baseline 0.001 -18"><span class='ocrx_word' id='word_1_172' title='bbox 220 2700 294 2771; x_wconf 76' lang='grc' dir='ltr'><strong><em>πηγὴ</em></strong></span> <span class='ocrx_word' id='word_1_173' title='bbox 306 2700 450 2770; x_wconf 85' lang='grc' dir='ltr'><strong><em>ὁμώνυμος</em></strong></span> <span class='ocrx_word' id='word_1_174' title='bbox 458 2710 491 2772; x_wconf 71' lang='grc' dir='ltr'><strong><em>τη</em></strong></span> <span class='ocrx_word' id='word_1_175' title='bbox 508 2701 605 2769; x_wconf 81' lang='grc' dir='ltr'><strong><em>ηρωίδι</em></strong></span> <span class='ocrx_word' id='word_1_176' title='bbox 616 2734 648 2740; x_wconf 95' lang='grc'>-</span> <span class='ocrx_word' id='word_1_177' title='bbox 659 2698 810 2769; x_wconf 89' lang='grc' dir='ltr'><strong><em>τριπόδων·</em></strong></span> <span class='ocrx_word' id='word_1_178' title='bbox 827 2700 926 2756; x_wconf 80' lang='lat' dir='ltr'><strong>schol:</strong></span> <span class='ocrx_word' id='word_1_179' title='bbox 940 2700 1081 2770; x_wconf 84' lang='grc' dir='ltr'><strong><em>τριπόδων</em></strong></span> <span class='ocrx_word' id='word_1_180' title='bbox 1091 2700 1122 2755; x_wconf 74' lang='grc' dir='ltr'><strong><em>δὲ</em></strong></span> <span class='ocrx_word' id='word_1_181' title='bbox 1134 2696 1193 2756; x_wconf 78' lang='grc' dir='ltr'><strong><em>εἷπε</em></strong></span> <span class='ocrx_word' id='word_1_182' title='bbox 1204 2701 1352 2769; x_wconf 87' lang='grc' dir='ltr'><strong><em>θησαυρόν</em></strong></span> <span class='ocrx_word' id='word_1_183' title='bbox 1364 2701 1395 2755; x_wconf 85' lang='grc' dir='ltr'><strong><em>τὸ</em></strong></span> <span class='ocrx_word' id='word_1_184' title='bbox 1408 2698 1497 2772; x_wconf 86' lang='grc' dir='ltr'><strong><em>Ἰσμή-</em></strong></span> 
     </span>
     <span class='ocr_line' id='line_1_24' title="bbox 220 2770 1497 2843; baseline 0.003 -18"><span class='ocrx_word' id='word_1_185' title='bbox 220 2792 282 2826; x_wconf 88' lang='grc' dir='ltr'><strong><em>νιον</em></strong></span> <span class='ocrx_word' id='word_1_186' title='bbox 292 2771 382 2826; x_wconf 80' lang='grc' dir='ltr'><strong><em>διὰτὸ</em></strong></span> <span class='ocrx_word' id='word_1_187' title='bbox 392 2770 496 2827; x_wconf 79' lang='grc' dir='ltr'><strong><em>αὐτόθι</em></strong></span> <span class='ocrx_word' id='word_1_188' title='bbox 505 2773 623 2834; x_wconf 84' lang='grc' dir='ltr'><strong><em>πολλοὺς</em></strong></span> <span class='ocrx_word' id='word_1_189' title='bbox 633 2774 804 2826; x_wconf 81' lang='grc' dir='ltr'><strong><em>ἀνακεῖσθαι</em></strong></span> <span class='ocrx_word' id='word_1_190' title='bbox 813 2770 958 2841; x_wconf 86' lang='grc' dir='ltr'><strong><em>τρίποδας·</em></strong></span> <span class='ocrx_word' id='word_1_191' title='bbox 971 2773 996 2827; x_wconf 86' lang='lat' dir='ltr'><strong>oi</strong></span> <span class='ocrx_word' id='word_1_192' title='bbox 1007 2772 1060 2842; x_wconf 75' lang='grc' dir='ltr'><strong>γὰρ</strong></span> <span class='ocrx_word' id='word_1_193' title='bbox 1073 2774 1243 2843; x_wconf 73' lang='grc' dir='ltr'><strong><em>Θηβαγενεῑς</em></strong></span> <span class='ocrx_word' id='word_1_194' title='bbox 1253 2770 1497 2841; x_wconf 76' lang='grc' dir='ltr'><strong><em>ἐτριποδηφόρονν</em></strong></span> 
     </span>
     <span class='ocr_line' id='line_1_25' title="bbox 220 2841 1496 2914; baseline 0.002 -17"><span class='ocrx_word' id='word_1_195' title='bbox 220 2843 316 2898; x_wconf 78' lang='grc' dir='ltr'><strong><em>ἐκεῖσε.</em></strong></span> <span class='ocrx_word' id='word_1_196' title='bbox 337 2844 353 2913; x_wconf 84' lang='grc' dir='ltr'><strong><em>ή</em></strong></span> <span class='ocrx_word' id='word_1_197' title='bbox 369 2842 399 2897; x_wconf 72' lang='grc' dir='ltr'><strong><em>δὲ</em></strong></span> <span class='ocrx_word' id='word_1_198' title='bbox 410 2842 502 2897; x_wconf 86' lang='grc' dir='ltr'><strong><em>Μελία</em></strong></span> <span class='ocrx_word' id='word_1_199' title='bbox 514 2843 642 2914; x_wconf 83' lang='grc' dir='ltr'><strong><em>Ἰσμηνοῦ</em></strong></span> <span class='ocrx_word' id='word_1_200' title='bbox 656 2845 765 2913; x_wconf 78' lang='grc' dir='ltr'><strong><em>ἀδελφὴ</em></strong></span> <span class='ocrx_word' id='word_1_201' title='bbox 781 2844 835 2897; x_wconf 82' lang='grc' dir='ltr'><strong><em>ὑπὸ</em></strong></span> <span class='ocrx_word' id='word_1_202' title='bbox 846 2841 1013 2907; x_wconf 79' lang='grc' dir='ltr'><strong><em>’Λπόλλωνος</em></strong></span> <span class='ocrx_word' id='word_1_203' title='bbox 1025 2849 1169 2913; x_wconf 83' lang='grc' dir='ltr'><strong><em>φθαρεῖσα</em></strong></span> <span class='ocrx_word' id='word_1_204' title='bbox 1179 2846 1225 2897; x_wconf 83' lang='grc' dir='ltr'><strong><em>καλ</em></strong></span> <span class='ocrx_word' id='word_1_205' title='bbox 1236 2844 1394 2914; x_wconf 78' lang='grc' dir='ltr'><strong><em>γεννήσασα</em></strong></span> <span class='ocrx_word' id='word_1_206' title='bbox 1408 2843 1496 2913; x_wconf 78' lang='grc' dir='ltr'><strong><em>Τήνε-</em></strong></span> 
     </span>
     <span class='ocr_line' id='line_1_26' title="bbox 220 2912 1497 2987; baseline 0.001 -19"><span class='ocrx_word' id='word_1_207' title='bbox 220 2934 278 2984; x_wconf 86' lang='grc' dir='ltr'><strong><em>ρον,</em></strong></span> <span class='ocrx_word' id='word_1_208' title='bbox 293 2913 347 2983; x_wconf 84' lang='grc' dir='ltr'><strong>άφ’</strong></span> <span class='ocrx_word' id='word_1_209' title='bbox 360 2912 392 2969; x_wconf 82' lang='grc' dir='ltr'><strong>ού</strong></span> <span class='ocrx_word' id='word_1_210' title='bbox 407 2914 438 2969; x_wconf 81' lang='grc' dir='ltr'><strong>ἐν</strong></span> <span class='ocrx_word' id='word_1_211' title='bbox 449 2915 556 2987; x_wconf 82' lang='grc' dir='ltr'><strong><em>Θήβαις</em></strong></span> <span class='ocrx_word' id='word_1_212' title='bbox 568 2915 722 2984; x_wconf 84' lang='grc' dir='ltr'><strong><em>Τηνερικὸν</em></strong></span> <span class='ocrx_word' id='word_1_213' title='bbox 736 2913 843 2970; x_wconf 86' lang='grc' dir='ltr'><strong><em>πεδίον,</em></strong></span> <span class='ocrx_word' id='word_1_214' title='bbox 868 2915 945 2970; x_wconf 86' lang='lat' dir='ltr'><strong>Conf.</strong></span> <span class='ocrx_word' id='word_1_215' title='bbox 956 2916 1057 2969; x_wconf 89' lang='lat' dir='ltr'><strong>Herod.</strong></span> <span class='ocrx_word' id='word_1_216' title='bbox 1068 2935 1085 2969; x_wconf 90' lang='lat' dir='ltr'>v</span> <span class='ocrx_word' id='word_1_217' title='bbox 1096 2933 1130 2972; x_wconf 78' lang='lat' dir='ltr'><strong>aa.</strong></span> <span class='ocrx_word' id='word_1_218' title='bbox 1154 2916 1236 2970; x_wconf 84' lang='lat' dir='ltr'><strong>Paua.</strong></span> <span class='ocrx_word' id='word_1_219' title='bbox 1247 2935 1276 2967; x_wconf 79' lang='lat' dir='ltr'><strong>rx</strong></span> <span class='ocrx_word' id='word_1_220' title='bbox 1291 2932 1323 2984; x_wconf 89' lang='grc' dir='ltr'><strong><em>ιο,</em></strong></span> <span class='ocrx_word' id='word_1_221' title='bbox 1338 2930 1359 2969; x_wconf 70' lang='lat' dir='ltr'><strong>a.</strong></span> <span class='ocrx_word' id='word_1_222' title='bbox 1385 2915 1497 2970; x_wconf 85' lang='lat' dir='ltr'><strong>Similia</strong></span> 
     </span>
     <span class='ocr_line' id='line_1_27' title="bbox 221 2986 1496 3057; baseline 0.002 -17"><span class='ocrx_word' id='word_1_223' title='bbox 221 2988 255 3041; x_wconf 88' lang='lat' dir='ltr'><strong>de</strong></span> <span class='ocrx_word' id='word_1_224' title='bbox 273 2986 433 3057; x_wconf 82' lang='lat' dir='ltr'><strong>tripodihus</strong></span> <span class='ocrx_word' id='word_1_225' title='bbox 459 2986 557 3057; x_wconf 85' lang='lat' dir='ltr'><strong>templi</strong></span> <span class='ocrx_word' id='word_1_226' title='bbox 577 2986 715 3057; x_wconf 84' lang='lat' dir='ltr'><strong>Apollinis</strong></span> <span class='ocrx_word' id='word_1_227' title='bbox 735 2987 857 3057; x_wconf 87' lang='lat' dir='ltr'><strong>Triopici</strong></span> <span class='ocrx_word' id='word_1_228' title='bbox 876 2987 965 3040; x_wconf 85' lang='lat' dir='ltr'><strong>tradit</strong></span> <span class='ocrx_word' id='word_1_229' title='bbox 983 2987 1084 3041; x_wconf 86' lang='lat' dir='ltr'><strong>Herod.</strong></span> <span class='ocrx_word' id='word_1_230' title='bbox 1103 3007 1113 3039; x_wconf 93' lang='lat'>1</span> <span class='ocrx_word' id='word_1_231' title='bbox 1133 3003 1178 3041; x_wconf 77' lang='lat' dir='ltr'><strong>rar.</strong></span> <span class='ocrx_word' id='word_1_232' title='bbox 1217 2986 1345 3041; x_wconf 82' lang='lat' dir='ltr'><strong>Ceterum</strong></span> <span class='ocrx_word' id='word_1_233' title='bbox 1364 3004 1429 3041; x_wconf 87' lang='lat' dir='ltr'><strong>cum</strong></span> <span class='ocrx_word' id='word_1_234' title='bbox 1447 2987 1496 3042; x_wconf 88' lang='lat' dir='ltr'><strong>tri-</strong></span> 
     </span>
     <span class='ocr_line' id='line_1_28' title="bbox 239 3058 1496 3129; baseline 0.001 -17"><span class='ocrx_word' id='word_1_235' title='bbox 239 3059 306 3113; x_wconf 91' lang='lat' dir='ltr'><strong>odes</strong></span> <span class='ocrx_word' id='word_1_236' title='bbox 325 3058 392 3112; x_wconf 91' lang='lat' dir='ltr'><strong>clim</strong></span> <span class='ocrx_word' id='word_1_237' title='bbox 411 3059 537 3128; x_wconf 88' lang='lat' dir='ltr'><strong>praemia</strong></span> <span class='ocrx_word' id='word_1_238' title='bbox 556 3058 739 3112; x_wconf 70' lang='lat' dir='ltr'><strong>certaminum</strong></span> <span class='ocrx_word' id='word_1_239' title='bbox 759 3059 952 3128; x_wconf 76' lang='lat' dir='ltr'><strong>gymnicorum</strong></span> <span class='ocrx_word' id='word_1_240' title='bbox 970 3062 1056 3127; x_wconf 86' lang='lat' dir='ltr'><strong>atque</strong></span> <span class='ocrx_word' id='word_1_241' title='bbox 1080 3058 1248 3112; x_wconf 88' lang='lat' dir='ltr'><strong>musicorum</strong></span> <span class='ocrx_word' id='word_1_242' title='bbox 1271 3058 1404 3127; x_wconf 86' lang='lat' dir='ltr'><strong>fuissent,</strong></span> <span class='ocrx_word' id='word_1_243' title='bbox 1429 3061 1496 3129; x_wconf 84' lang='lat' dir='ltr'><strong>apte</strong></span> 
     </span>
     <span class='ocr_line' id='line_1_29' title="bbox 219 3077 1495 3212; baseline 0.002 -29"><span class='ocrx_word' id='word_1_244' title='bbox 219 3077 429 3199; x_wconf 76' lang='lat' dir='ltr'><strong>larssydseum</strong></span> <span class='ocrx_word' id='word_1_245' title='bbox 454 3134 538 3200; x_wconf 83' lang='lat' dir='ltr'><strong>poeta</strong></span> <span class='ocrx_word' id='word_1_246' title='bbox 561 3130 629 3183; x_wconf 88' lang='lat' dir='ltr'><strong>fecit</strong></span> <span class='ocrx_word' id='word_1_247' title='bbox 652 3131 688 3183; x_wconf 81' lang='lat' dir='ltr'><strong>acl</strong></span> <span class='ocrx_word' id='word_1_248' title='bbox 712 3129 783 3183; x_wconf 82' lang='lat' dir='ltr'><strong>hanc</strong></span> <span class='ocrx_word' id='word_1_249' title='bbox 803 3130 979 3200; x_wconf 78' lang='lat' dir='ltr'><strong>potissimum</strong></span> <span class='ocrx_word' id='word_1_250' title='bbox 999 3130 1098 3184; x_wconf 84' lang='lat' dir='ltr'><strong>aedem</strong></span> <span class='ocrx_word' id='word_1_251' title='bbox 1117 3129 1255 3200; x_wconf 86' lang='lat' dir='ltr'><strong>Apollinis</strong></span> <span class='ocrx_word' id='word_1_252' title='bbox 1273 3130 1432 3212; x_wconf 73' lang='lat' dir='ltr'><strong>gratiarum</strong></span> <span class='ocrx_word' id='word_1_253' title='bbox 1450 3147 1495 3185; x_wconf 85' lang='lat' dir='ltr'><strong>ac·</strong></span> 
     </span>
     <span class='ocr_line' id='line_1_30' title="bbox 220 3199 1495 3271; baseline 0.002 -17"><span class='ocrx_word' id='word_1_254' title='bbox 220 3201 324 3256; x_wconf 90' lang='lat' dir='ltr'><strong>tionem</strong></span> <span class='ocrx_word' id='word_1_255' title='bbox 340 3202 511 3256; x_wconf 77' lang='lat' dir='ltr'><strong>deferentem</strong></span> <span class='ocrx_word' id='word_1_256' title='bbox 526 3233 559 3241; x_wconf 93' lang='lat'>—</span> <span class='ocrx_word' id='word_1_257' title='bbox 575 3208 598 3256; x_wconf 80' lang='grc'><strong>6.</strong></span> <span class='ocrx_word' id='word_1_258' title='bbox 614 3199 752 3271; x_wconf 88' lang='grc' dir='ltr'><strong><em>μαντείων</em></strong></span> <span class='ocrx_word' id='word_1_259' title='bbox 767 3206 875 3255; x_wconf 83' lang='grc' dir='ltr'><strong><em>θῶκον·</em></strong></span> <span class='ocrx_word' id='word_1_260' title='bbox 895 3201 925 3254; x_wconf 93' lang='lat' dir='ltr'><strong>in</strong></span> <span class='ocrx_word' id='word_1_261' title='bbox 939 3202 1059 3255; x_wconf 90' lang='lat' dir='ltr'><strong>Ismenio</strong></span> <span class='ocrx_word' id='word_1_262' title='bbox 1078 3202 1144 3254; x_wconf 89' lang='lat' dir='ltr'><strong>fano</strong></span> <span class='ocrx_word' id='word_1_263' title='bbox 1164 3202 1246 3255; x_wconf 89' lang='lat' dir='ltr'><strong>deum</strong></span> <span class='ocrx_word' id='word_1_264' title='bbox 1265 3201 1395 3256; x_wconf 85' lang='lat' dir='ltr'><strong>similiter</strong></span> <span class='ocrx_word' id='word_1_265' title='bbox 1409 3205 1495 3271; x_wconf 79' lang='lat' dir='ltr'><strong>atque</strong></span> 
     </span>
     <span class='ocr_line' id='line_1_31' title="bbox 220 3270 1495 3343; baseline 0.001 -16"><span class='ocrx_word' id='word_1_266' title='bbox 220 3272 367 3343; x_wconf 76' lang='lat' dir='ltr'><strong>Olympiae</strong></span> <span class='ocrx_word' id='word_1_267' title='bbox 377 3292 410 3326; x_wconf 83' lang='lat' dir='ltr'><strong>ux</strong></span> <span class='ocrx_word' id='word_1_268' title='bbox 421 3273 520 3327; x_wconf 85' lang='lat' dir='ltr'><strong>hostiis</strong></span> <span class='ocrx_word' id='word_1_269' title='bbox 535 3272 666 3327; x_wconf 84' lang='lat' dir='ltr'><strong>mactatis</strong></span> <span class='ocrx_word' id='word_1_270' title='bbox 676 3270 726 3342; x_wconf 84' lang='grc' dir='ltr'><strong><em>(δι’</em></strong></span> <span class='ocrx_word' id='word_1_271' title='bbox 740 3272 880 3342; x_wconf 81' lang='grc' dir='ltr'><strong><em>ἐμπόρων)</em></strong></span> <span class='ocrx_word' id='word_1_272' title='bbox 890 3273 1048 3327; x_wconf 86' lang='lat' dir='ltr'><strong>consultum</strong></span> <span class='ocrx_word' id='word_1_273' title='bbox 1059 3290 1119 3327; x_wconf 90' lang='lat' dir='ltr'><strong>esse</strong></span> <span class='ocrx_word' id='word_1_274' title='bbox 1129 3276 1270 3326; x_wconf 84' lang='lat' dir='ltr'><strong>testantur</strong></span> <span class='ocrx_word' id='word_1_275' title='bbox 1279 3272 1381 3329; x_wconf 86' lang='lat' dir='ltr'><strong>Herod.</strong></span> <span class='ocrx_word' id='word_1_276' title='bbox 1392 3292 1442 3327; x_wconf 77' lang='lat' dir='ltr'><strong>mn</strong></span> <span class='ocrx_word' id='word_1_277' title='bbox 1458 3291 1495 3328; x_wconf 77' lang='lat' dir='ltr'><strong>ras</strong></span> 
     </span>
     <span class='ocr_line' id='line_1_32' title="bbox 220 3343 1495 3417; baseline -0.001 -19"><span class='ocrx_word' id='word_1_278' title='bbox 220 3347 248 3398; x_wconf 89' lang='lat' dir='ltr'><strong>et</strong></span> <span class='ocrx_word' id='word_1_279' title='bbox 267 3344 350 3413; x_wconf 85' lang='lat' dir='ltr'><strong>Soph.</strong></span> <span class='ocrx_word' id='word_1_280' title='bbox 372 3344 427 3398; x_wconf 78' lang='grc' dir='ltr'><strong>ΟΒ,</strong></span> <span class='ocrx_word' id='word_1_281' title='bbox 447 3362 480 3398; x_wconf 74' lang='grc' dir='ltr'><strong><em>ει.</em></strong></span> <span class='ocrx_word' id='word_1_282' title='bbox 518 3346 606 3398; x_wconf 91' lang='lat' dir='ltr'><strong>Acute</strong></span> <span class='ocrx_word' id='word_1_283' title='bbox 631 3347 724 3397; x_wconf 85' lang='lat' dir='ltr'><strong>autem</strong></span> <span class='ocrx_word' id='word_1_284' title='bbox 747 3344 892 3398; x_wconf 77' lang='lat' dir='ltr'><strong>Disaenius</strong></span> <span class='ocrx_word' id='word_1_285' title='bbox 916 3344 988 3397; x_wconf 87' lang='lat' dir='ltr'><strong>hanc</strong></span> <span class='ocrx_word' id='word_1_286' title='bbox 1011 3343 1186 3398; x_wconf 82' lang='lat' dir='ltr'><strong>vaticinandi</strong></span> <span class='ocrx_word' id='word_1_287' title='bbox 1210 3346 1298 3397; x_wconf 89' lang='lat' dir='ltr'><strong>artem</strong></span> <span class='ocrx_word' id='word_1_288' title='bbox 1322 3345 1495 3417; x_wconf 80' lang='lat' dir='ltr'><strong>etymologia</strong></span> 
     </span>
     <span class='ocr_line' id='line_1_33' title="bbox 219 3410 1495 3485; baseline 0.002 -17"><span class='ocrx_word' id='word_1_289' title='bbox 219 3415 340 3470; x_wconf 91' lang='lat' dir='ltr'><strong>nominis</strong></span> <span class='ocrx_word' id='word_1_290' title='bbox 355 3413 483 3484; x_wconf 83' lang='grc' dir='ltr'><strong><em>Ἰσμηνοῦ</em></strong></span> <span class='ocrx_word' id='word_1_291' title='bbox 504 3415 640 3469; x_wconf 83' lang='lat' dir='ltr'><strong>‘scientis’</strong></span> <span class='ocrx_word' id='word_1_292' title='bbox 662 3416 819 3469; x_wconf 84' lang='lat' dir='ltr'><strong>confirmari</strong></span> <span class='ocrx_word' id='word_1_293' title='bbox 838 3416 1004 3469; x_wconf 85' lang='lat' dir='ltr'><strong>adnotat-</strong></span> <span class='ocrx_word' id='word_1_294' title='bbox 1020 3422 1044 3471; x_wconf 81' lang='lat'><strong>7.</strong></span> <span class='ocrx_word' id='word_1_295' title='bbox 1063 3410 1084 3469; x_wconf 83' lang='grc' dir='ltr'><strong>ὦ</strong></span> <span class='ocrx_word' id='word_1_296' title='bbox 1102 3418 1202 3478; x_wconf 77' lang='grc' dir='ltr'><strong><em>παῖδες</em></strong></span> <span class='ocrx_word' id='word_1_297' title='bbox 1216 3413 1366 3485; x_wconf 73' lang='grc' dir='ltr'><strong><em>Ἁρμονίας,</em></strong></span> <span class='ocrx_word' id='word_1_298' title='bbox 1384 3415 1495 3471; x_wconf 85' lang='lat' dir='ltr'><strong>Semela</strong></span> 
     </span>
     <span class='ocr_line' id='line_1_34' title="bbox 219 3486 1494 3557; baseline 0.002 -17"><span class='ocrx_word' id='word_1_299' title='bbox 219 3489 249 3541; x_wconf 86' lang='lat' dir='ltr'><strong>et</strong></span> <span class='ocrx_word' id='word_1_300' title='bbox 266 3487 328 3555; x_wconf 84' lang='lat' dir='ltr'><strong>ino,</strong></span> <span class='ocrx_word' id='word_1_301' title='bbox 348 3504 466 3555; x_wconf 88' lang='lat' dir='ltr'><strong>quarum</strong></span> <span class='ocrx_word' id='word_1_302' title='bbox 484 3490 565 3557; x_wconf 89' lang='lat' dir='ltr'><strong>parte</strong></span> <span class='ocrx_word' id='word_1_303' title='bbox 583 3487 691 3555; x_wconf 90' lang='lat' dir='ltr'><strong>potiore</strong></span> <span class='ocrx_word' id='word_1_304' title='bbox 711 3486 794 3540; x_wconf 91' lang='lat' dir='ltr'><strong>simul</strong></span> <span class='ocrx_word' id='word_1_305' title='bbox 813 3486 960 3554; x_wconf 83' lang='lat' dir='ltr'><strong>Alcmena,</strong></span> <span class='ocrx_word' id='word_1_306' title='bbox 980 3486 1155 3556; x_wconf 78' lang='lat' dir='ltr'><strong>Electryonis</strong></span> <span class='ocrx_word' id='word_1_307' title='bbox 1174 3486 1246 3555; x_wconf 87' lang='lat' dir='ltr'><strong>filis,</strong></span> <span class='ocrx_word' id='word_1_308' title='bbox 1266 3486 1416 3542; x_wconf 89' lang='lat' dir='ltr'><strong>indicatur.</strong></span> <span class='ocrx_word' id='word_1_309' title='bbox 1454 3488 1494 3543; x_wconf 88' lang='lat' dir='ltr'><strong>De</strong></span> 
     </span>
     <span class='ocr_line' id='line_1_35' title="bbox 223 3556 1496 3627; baseline 0 -14"><span class='ocrx_word' id='word_1_310' title='bbox 223 3559 275 3613; x_wconf 81' lang='grc' dir='ltr'><strong>νύν</strong></span> <span class='ocrx_word' id='word_1_311' title='bbox 293 3559 369 3611; x_wconf 89' lang='lat' dir='ltr'><strong>idem</strong></span> <span class='ocrx_word' id='word_1_312' title='bbox 387 3559 463 3626; x_wconf 87' lang='lat' dir='ltr'><strong>quod</strong></span> <span class='ocrx_word' id='word_1_313' title='bbox 482 3568 534 3613; x_wconf 86' lang='grc' dir='ltr'><strong>νῦν</strong></span> <span class='ocrx_word' id='word_1_314' title='bbox 553 3557 729 3627; x_wconf 83' lang='lat' dir='ltr'><strong>significante</strong></span> <span class='ocrx_word' id='word_1_315' title='bbox 748 3578 773 3613; x_wconf 84' lang='lat' dir='ltr'><strong>v.</strong></span> <span class='ocrx_word' id='word_1_316' title='bbox 792 3558 823 3613; x_wconf 88' lang='lat' dir='ltr'><strong>O.</strong></span> <span class='ocrx_word' id='word_1_317' title='bbox 843 3578 873 3611; x_wconf 92' lang='lat'><strong>111</strong></span> <span class='ocrx_word' id='word_1_318' title='bbox 891 3576 924 3613; x_wconf 71' lang='grc' dir='ltr'><strong><em>τι.</em></strong></span> <span class='ocrx_word' id='word_1_319' title='bbox 944 3577 982 3611; x_wconf 86' lang='lat' dir='ltr'><strong>vn</strong></span> <span class='ocrx_word' id='word_1_320' title='bbox 1002 3574 1034 3613; x_wconf 83' lang='lat' dir='ltr'><strong>ra.</strong></span> <span class='ocrx_word' id='word_1_321' title='bbox 1054 3559 1083 3613; x_wconf 91' lang='lat' dir='ltr'><strong>P.</strong></span> <span class='ocrx_word' id='word_1_322' title='bbox 1099 3578 1128 3610; x_wconf 87' lang='lat'><strong>111</strong></span> <span class='ocrx_word' id='word_1_323' title='bbox 1148 3576 1173 3613; x_wconf 83' lang='grc' dir='ltr'><strong><em>σο</em></strong></span> <span class='ocrx_word' id='word_1_324' title='bbox 1193 3591 1225 3598; x_wconf 88' lang='grc'>-</span> <span class='ocrx_word' id='word_1_325' title='bbox 1247 3565 1270 3612; x_wconf 76' lang='grc'><strong>7.</strong></span> <span class='ocrx_word' id='word_1_326' title='bbox 1291 3556 1438 3627; x_wconf 77' lang='grc' dir='ltr'><strong><em>ἐπίνομον·</em></strong></span> <span class='ocrx_word' id='word_1_327' title='bbox 1458 3558 1496 3613; x_wconf 91' lang='lat' dir='ltr'><strong>ad</strong></span> 
     </span>
     <span class='ocr_line' id='line_1_36' title="bbox 220 3628 1494 3701; baseline 0.002 -19"><span class='ocrx_word' id='word_1_328' title='bbox 220 3629 380 3697; x_wconf 79' lang='lat' dir='ltr'><strong>analogiam</strong></span> <span class='ocrx_word' id='word_1_329' title='bbox 395 3630 525 3684; x_wconf 82' lang='lat' dir='ltr'><strong>vocabuli</strong></span> <span class='ocrx_word' id='word_1_330' title='bbox 540 3630 688 3699; x_wconf 80' lang='grc' dir='ltr'><strong><em>ἐπιχώριον</em></strong></span> <span class='ocrx_word' id='word_1_331' title='bbox 703 3630 852 3683; x_wconf 85' lang='lat' dir='ltr'><strong>l&#39;ormatum</strong></span> <span class='ocrx_word' id='word_1_332' title='bbox 868 3632 924 3683; x_wconf 88' lang='lat' dir='ltr'><strong>eta</strong></span> <span class='ocrx_word' id='word_1_333' title='bbox 934 3630 1045 3685; x_wconf 82' lang='lat' dir='ltr'><strong>noniine</strong></span> <span class='ocrx_word' id='word_1_334' title='bbox 1060 3628 1144 3700; x_wconf 85' lang='grc' dir='ltr'><strong><em>νομός</em></strong></span> <span class='ocrx_word' id='word_1_335' title='bbox 1159 3630 1258 3701; x_wconf 78' lang='lat' dir='ltr'><strong>‘regio&#39;</strong></span> <span class='ocrx_word' id='word_1_336' title='bbox 1276 3630 1428 3684; x_wconf 85' lang='lat' dir='ltr'><strong>deductum</strong></span> <span class='ocrx_word' id='word_1_337' title='bbox 1443 3634 1494 3685; x_wconf 78' lang='lat' dir='ltr'><strong>est</strong></span> 
     </span>
     <span class='ocr_line' id='line_1_37' title="bbox 221 3699 1497 3771; baseline 0.002 -18"><span class='ocrx_word' id='word_1_338' title='bbox 221 3701 297 3754; x_wconf 91' lang='lat' dir='ltr'><strong>Alius</strong></span> <span class='ocrx_word' id='word_1_339' title='bbox 322 3700 455 3771; x_wconf 70' lang='grc' dir='ltr'><strong><em>ἐπίνομον</em></strong></span> <span class='ocrx_word' id='word_1_340' title='bbox 479 3701 596 3769; x_wconf 84' lang='grc' dir='ltr'><strong><em>στρατὸν</em></strong></span> <span class='ocrx_word' id='word_1_341' title='bbox 620 3700 818 3770; x_wconf 81' lang='lat' dir='ltr'><strong>interpretatos</strong></span> <span class='ocrx_word' id='word_1_342' title='bbox 842 3718 902 3755; x_wconf 85' lang='lat' dir='ltr'><strong>esse</strong></span> <span class='ocrx_word' id='word_1_343' title='bbox 925 3701 975 3764; x_wconf 83' lang='grc' dir='ltr'><strong>τὰς</strong></span> <span class='ocrx_word' id='word_1_344' title='bbox 999 3699 1199 3771; x_wconf 77' lang='grc' dir='ltr'><strong><em>ἐπινεμομένας</em></strong></span> <span class='ocrx_word' id='word_1_345' title='bbox 1219 3702 1268 3755; x_wconf 86' lang='grc' dir='ltr'><strong><em>καλ</em></strong></span> <span class='ocrx_word' id='word_1_346' title='bbox 1287 3701 1497 3766; x_wconf 77' lang='grc' dir='ltr'><strong><em>ἐποπτευούσας</em></strong></span> 
     </span>
     <span class='ocr_line' id='line_1_38' title="bbox 220 3769 1495 3843; baseline 0.001 -17"><span class='ocrx_word' id='word_1_347' title='bbox 220 3771 327 3826; x_wconf 86' lang='lat' dir='ltr'><strong>scholia</strong></span> <span class='ocrx_word' id='word_1_348' title='bbox 346 3773 510 3826; x_wconf 87' lang='lat' dir='ltr'><strong>tradunt-</strong></span> <span class='ocrx_word' id='word_1_349' title='bbox 526 3780 549 3826; x_wconf 83' lang='lat'><strong>8.</strong></span> <span class='ocrx_word' id='word_1_350' title='bbox 571 3776 661 3826; x_wconf 62' lang='grc' dir='ltr'><strong><em>καλά’</em></strong></span> <span class='ocrx_word' id='word_1_351' title='bbox 678 3769 824 3826; x_wconf 81' lang='grc' dir='ltr'><strong><em>Ἀπόλλων</em></strong></span> <span class='ocrx_word' id='word_1_352' title='bbox 844 3772 894 3826; x_wconf 90' lang='lat' dir='ltr'><strong>alii</strong></span> <span class='ocrx_word' id='word_1_353' title='bbox 908 3773 1012 3843; x_wconf 82' lang='lat' dir='ltr'><strong>partim</strong></span> <span class='ocrx_word' id='word_1_354' title='bbox 1026 3771 1149 3840; x_wconf 85' lang='lat' dir='ltr'><strong>Meliam,</strong></span> <span class='ocrx_word' id='word_1_355' title='bbox 1164 3773 1268 3842; x_wconf 85' lang='lat' dir='ltr'><strong>partim</strong></span> <span class='ocrx_word' id='word_1_356' title='bbox 1283 3773 1495 3842; x_wconf 84' lang='lat' dir='ltr'><strong>Thrasydaeum</strong></span> 
     </span>
     <span class='ocr_line' id='line_1_39' title="bbox 219 3842 1494 3914; baseline 0.002 -18"><span class='ocrx_word' id='word_1_357' title='bbox 219 3861 372 3897; x_wconf 80' lang='lat' dir='ltr'><strong>convocare</strong></span> <span class='ocrx_word' id='word_1_358' title='bbox 392 3846 527 3911; x_wconf 86' lang='lat' dir='ltr'><strong>statuunt,</strong></span> <span class='ocrx_word' id='word_1_359' title='bbox 547 3843 596 3897; x_wconf 87' lang='lat' dir='ltr'><strong>scd</strong></span> <span class='ocrx_word' id='word_1_360' title='bbox 615 3842 789 3913; x_wconf 73' lang='lat' dir='ltr'><strong>&#39;l‘hrasydaei</strong></span> <span class='ocrx_word' id='word_1_361' title='bbox 808 3861 928 3914; x_wconf 84' lang='lat' dir='ltr'><strong>persona</strong></span> <span class='ocrx_word' id='word_1_362' title='bbox 954 3848 1028 3899; x_wconf 84' lang='lat' dir='ltr'><strong>certe</strong></span> <span class='ocrx_word' id='word_1_363' title='bbox 1055 3845 1091 3899; x_wconf 85' lang='lat' dir='ltr'><strong>ab</strong></span> <span class='ocrx_word' id='word_1_364' title='bbox 1116 3844 1169 3898; x_wconf 94' lang='lat' dir='ltr'><strong>hoc</strong></span> <span class='ocrx_word' id='word_1_365' title='bbox 1195 3844 1256 3898; x_wconf 92' lang='lat' dir='ltr'><strong>loco</strong></span> <span class='ocrx_word' id='word_1_366' title='bbox 1280 3844 1374 3899; x_wconf 90' lang='lat' dir='ltr'><strong>aliena</strong></span> <span class='ocrx_word' id='word_1_367' title='bbox 1397 3848 1443 3899; x_wconf 88' lang='lat' dir='ltr'><strong>est</strong></span> <span class='ocrx_word' id='word_1_368' title='bbox 1462 3876 1494 3886; x_wconf 94' lang='lat'><em>-</em></span> 
     </span>
     <span class='ocr_line' id='line_1_40' title="bbox 220 3913 1494 3986; baseline 0.002 -18"><span class='ocrx_word' id='word_1_369' title='bbox 220 3922 243 3968; x_wconf 84' lang='grc'><strong>9.</strong></span> <span class='ocrx_word' id='word_1_370' title='bbox 270 3913 365 3985; x_wconf 81' lang='grc' dir='ltr'><strong><em>Θέμιν,</em></strong></span> <span class='ocrx_word' id='word_1_371' title='bbox 392 3933 464 3984; x_wconf 88' lang='lat' dir='ltr'><strong>quae</strong></span> <span class='ocrx_word' id='word_1_372' title='bbox 489 3919 553 3984; x_wconf 88' lang='lat' dir='ltr'><strong>post</strong></span> <span class='ocrx_word' id='word_1_373' title='bbox 574 3918 664 3969; x_wconf 82' lang='grc' dir='ltr'><strong><em>Γαῖαν</em></strong></span> <span class='ocrx_word' id='word_1_374' title='bbox 690 3919 719 3969; x_wconf 86' lang='lat' dir='ltr'><strong>et</strong></span> <span class='ocrx_word' id='word_1_375' title='bbox 744 3918 810 3969; x_wconf 82' lang='lat' dir='ltr'><strong>anie</strong></span> <span class='ocrx_word' id='word_1_376' title='bbox 833 3914 993 3986; x_wconf 89' lang='lat' dir='ltr'><strong>Apollinem</strong></span> <span class='ocrx_word' id='word_1_377' title='bbox 1016 3916 1160 3970; x_wconf 88' lang='lat' dir='ltr'><strong>oraculum</strong></span> <span class='ocrx_word' id='word_1_378' title='bbox 1184 3915 1351 3986; x_wconf 86' lang='lat' dir='ltr'><strong>Delphicum</strong></span> <span class='ocrx_word' id='word_1_379' title='bbox 1369 3916 1494 3971; x_wconf 88' lang='lat' dir='ltr'><strong>tenuisse</strong></span> 
     </span>
     <span class='ocr_line' id='line_1_41' title="bbox 219 3986 1495 4058; baseline 0.002 -19"><span class='ocrx_word' id='word_1_380' title='bbox 219 3987 374 4054; x_wconf 81' lang='lat' dir='ltr'><strong>serebatur3</strong></span> <span class='ocrx_word' id='word_1_381' title='bbox 399 4007 423 4042; x_wconf 86' lang='lat' dir='ltr'><strong>v.</strong></span> <span class='ocrx_word' id='word_1_382' title='bbox 443 3987 541 4041; x_wconf 81' lang='lat' dir='ltr'><strong>Aesch.</strong></span> <span class='ocrx_word' id='word_1_383' title='bbox 562 3987 640 4041; x_wconf 76' lang='lat' dir='ltr'><strong>lium.</strong></span> <span class='ocrx_word' id='word_1_384' title='bbox 660 4004 672 4041; x_wconf 80' lang='lat' dir='ltr'><strong>a</strong></span> <span class='ocrx_word' id='word_1_385' title='bbox 696 4020 729 4027; x_wconf 92' lang='lat'><em>-</em></span> <span class='ocrx_word' id='word_1_386' title='bbox 750 3993 791 4042; x_wconf 88' lang='lat'><strong>10.</strong></span> <span class='ocrx_word' id='word_1_387' title='bbox 811 3999 862 4056; x_wconf 74' lang='grc' dir='ltr'><strong>ρας</strong></span> <span class='ocrx_word' id='word_1_388' title='bbox 881 3986 1019 4058; x_wconf 80' lang='grc' dir='ltr'><strong><em>ὀμφαλόν·</em></strong></span> <span class='ocrx_word' id='word_1_389' title='bbox 1044 3991 1136 4041; x_wconf 86' lang='lat' dir='ltr'><strong>torrae</strong></span> <span class='ocrx_word' id='word_1_390' title='bbox 1156 3987 1317 4041; x_wconf 87' lang='lat' dir='ltr'><strong>umbilicum</strong></span> <span class='ocrx_word' id='word_1_391' title='bbox 1337 3987 1495 4055; x_wconf 78' lang='lat' dir='ltr'><strong>Pythonem</strong></span> 
     </span>
     <span class='ocr_line' id='line_1_42' title="bbox 219 4057 1496 4132; baseline 0.002 -22"><span class='ocrx_word' id='word_1_392' title='bbox 219 4058 347 4113; x_wconf 88' lang='lat' dir='ltr'><strong>habitum</strong></span> <span class='ocrx_word' id='word_1_393' title='bbox 373 4076 433 4112; x_wconf 84' lang='lat' dir='ltr'><strong>esse</strong></span> <span class='ocrx_word' id='word_1_394' title='bbox 458 4058 595 4111; x_wconf 82' lang='lat' dir='ltr'><strong>Pindarus</strong></span> <span class='ocrx_word' id='word_1_395' title='bbox 622 4058 693 4112; x_wconf 86' lang='lat' dir='ltr'><strong>dicit</strong></span> <span class='ocrx_word' id='word_1_396' title='bbox 718 4059 804 4113; x_wconf 89' lang='lat' dir='ltr'><strong>etiam</strong></span> <span class='ocrx_word' id='word_1_397' title='bbox 829 4059 858 4114; x_wconf 92' lang='lat' dir='ltr'><strong>P.</strong></span> <span class='ocrx_word' id='word_1_398' title='bbox 878 4077 944 4113; x_wconf 78' lang='lat' dir='ltr'><strong>1vr.</strong></span> <span class='ocrx_word' id='word_1_399' title='bbox 965 4076 1024 4113; x_wconf 86' lang='lat' dir='ltr'><strong>vra</strong></span> <span class='ocrx_word' id='word_1_400' title='bbox 1044 4092 1075 4099; x_wconf 93' lang='lat'>—</span> <span class='ocrx_word' id='word_1_401' title='bbox 1095 4060 1168 4132; x_wconf 79' lang='grc' dir='ltr'><strong><em>ἄκρᾳ</em></strong></span> <span class='ocrx_word' id='word_1_402' title='bbox 1187 4060 1239 4112; x_wconf 77' lang='grc' dir='ltr'><strong>σὺν</strong></span> <span class='ocrx_word' id='word_1_403' title='bbox 1258 4057 1375 4131; x_wconf 75' lang='grc' dir='ltr'><strong><em>ἑσπέρᾳ·</em></strong></span> <span class='ocrx_word' id='word_1_404' title='bbox 1401 4060 1496 4130; x_wconf 89' lang='lat' dir='ltr'><strong>prima</strong></span> 
     </span>
     <span class='ocr_line' id='line_1_43' title="bbox 219 4129 1494 4201; baseline 0.002 -19"><span class='ocrx_word' id='word_1_405' title='bbox 219 4134 309 4198; x_wconf 86' lang='lat' dir='ltr'><strong>nocte,</strong></span> <span class='ocrx_word' id='word_1_406' title='bbox 329 4129 500 4200; x_wconf 86' lang='lat' dir='ltr'><strong>crepusculo,</strong></span> <span class='ocrx_word' id='word_1_407' title='bbox 520 4129 595 4198; x_wconf 86' lang='lat' dir='ltr'><strong>quod</strong></span> <span class='ocrx_word' id='word_1_408' title='bbox 614 4129 791 4200; x_wconf 87' lang='lat' dir='ltr'><strong>aptissimum</strong></span> <span class='ocrx_word' id='word_1_409' title='bbox 809 4133 918 4200; x_wconf 88' lang='lat' dir='ltr'><strong>tempus</strong></span> <span class='ocrx_word' id='word_1_410' title='bbox 933 4148 1052 4201; x_wconf 87' lang='lat' dir='ltr'><strong>pompae</strong></span> <span class='ocrx_word' id='word_1_411' title='bbox 1068 4131 1211 4185; x_wconf 85' lang='lat' dir='ltr'><strong>ducendae</strong></span> <span class='ocrx_word' id='word_1_412' title='bbox 1227 4133 1256 4184; x_wconf 85' lang='lat' dir='ltr'><strong>et</strong></span> <span class='ocrx_word' id='word_1_413' title='bbox 1270 4130 1414 4185; x_wconf 86' lang='lat' dir='ltr'><strong>sacrificiis</strong></span> <span class='ocrx_word' id='word_1_414' title='bbox 1429 4130 1494 4201; x_wconf 78' lang='lat' dir='ltr'><strong>igne</strong></span> 
     </span>
     <span class='ocr_line' id='line_1_44' title="bbox 218 4199 1494 4271; baseline 0.002 -17"><span class='ocrx_word' id='word_1_415' title='bbox 218 4201 356 4255; x_wconf 82' lang='lat' dir='ltr'><strong>faciendis</strong></span> <span class='ocrx_word' id='word_1_416' title='bbox 376 4202 437 4255; x_wconf 82' lang='lat' dir='ltr'><strong>fuit.</strong></span> <span class='ocrx_word' id='word_1_417' title='bbox 473 4202 549 4256; x_wconf 79' lang='lat' dir='ltr'><strong>conf.</strong></span> <span class='ocrx_word' id='word_1_418' title='bbox 569 4201 652 4271; x_wconf 86' lang='lat' dir='ltr'><strong>Soph.</strong></span> <span class='ocrx_word' id='word_1_419' title='bbox 668 4200 711 4254; x_wconf 88' lang='lat' dir='ltr'><strong>Ai.</strong></span> <span class='ocrx_word' id='word_1_420' title='bbox 727 4219 765 4256; x_wconf 76' lang='lat' dir='ltr'><strong>aaa</strong></span> <span class='ocrx_word' id='word_1_421' title='bbox 784 4209 876 4265; x_wconf 80' lang='grc' dir='ltr'><strong><em>κεῖνος</em></strong></span> <span class='ocrx_word' id='word_1_422' title='bbox 894 4201 948 4271; x_wconf 73' lang='grc' dir='ltr'><strong>γὰρ</strong></span> <span class='ocrx_word' id='word_1_423' title='bbox 968 4202 1057 4271; x_wconf 86' lang='grc' dir='ltr'><strong><em>ἄκρας</em></strong></span> <span class='ocrx_word' id='word_1_424' title='bbox 1075 4200 1182 4268; x_wconf 86' lang='grc' dir='ltr'><strong><em>νυκτός,</em></strong></span> <span class='ocrx_word' id='word_1_425' title='bbox 1201 4199 1275 4271; x_wconf 74' lang='grc' dir='ltr'><strong><em>ἡνίχ’</em></strong></span> <span class='ocrx_word' id='word_1_426' title='bbox 1297 4200 1409 4268; x_wconf 75' lang='grc' dir='ltr'><strong><em>έσπεροι</em></strong></span> <span class='ocrx_word' id='word_1_427' title='bbox 1427 4224 1494 4257; x_wconf 85' lang='grc' dir='ltr'><strong><em>νυκ-</em></strong></span> 
     </span>
     <span class='ocr_line' id='line_1_45' title="bbox 218 4268 1494 4343; baseline 0 -16"><span class='ocrx_word' id='word_1_428' title='bbox 218 4281 298 4342; x_wconf 85' lang='grc' dir='ltr'><strong><em>τήρες</em></strong></span> <span class='ocrx_word' id='word_1_429' title='bbox 322 4271 414 4327; x_wconf 82' lang='grc' dir='ltr'><strong><em>οὐκέτ’</em></strong></span> <span class='ocrx_word' id='word_1_430' title='bbox 436 4268 510 4343; x_wconf 78' lang='grc' dir='ltr'><strong><em>ᾖδον</em></strong></span> <span class='ocrx_word' id='word_1_431' title='bbox 530 4305 562 4312; x_wconf 94' lang='grc'>-</span> <span class='ocrx_word' id='word_1_432' title='bbox 585 4280 625 4326; x_wconf 74' lang='lat'><strong>12.</strong></span> <span class='ocrx_word' id='word_1_433' title='bbox 649 4272 744 4342; x_wconf 77' lang='grc' dir='ltr'><strong><em>χάριν,</em></strong></span> <span class='ocrx_word' id='word_1_434' title='bbox 768 4289 880 4327; x_wconf 86' lang='lat' dir='ltr'><strong>carmen</strong></span> <span class='ocrx_word' id='word_1_435' title='bbox 903 4273 933 4327; x_wconf 94' lang='lat' dir='ltr'><strong>in</strong></span> <span class='ocrx_word' id='word_1_436' title='bbox 956 4274 1089 4328; x_wconf 89' lang='lat' dir='ltr'><strong>honorem</strong></span> <span class='ocrx_word' id='word_1_437' title='bbox 1107 4272 1241 4342; x_wconf 84' lang='lat' dir='ltr'><strong>Pythicae</strong></span> <span class='ocrx_word' id='word_1_438' title='bbox 1259 4272 1395 4327; x_wconf 79' lang='lat' dir='ltr'><strong>victoriae</strong></span> <span class='ocrx_word' id='word_1_439' title='bbox 1414 4291 1432 4327; x_wconf 90' lang='lat' dir='ltr'><strong>a</strong></span> <span class='ocrx_word' id='word_1_440' title='bbox 1450 4274 1494 4327; x_wconf 88' lang='lat' dir='ltr'><strong>dis</strong></span> 
     </span>
    </p>
   </div>
   <div class='ocr_carea' id='block_1_6' title="bbox 130 4343 1494 4414">
    <p class='ocr_par' dir='ltr' id='par_1_10' title="bbox 130 4343 1494 4414">
     <span class='ocr_line' id='line_1_46' title="bbox 130 4343 1494 4414; baseline 0.004 -19"><span class='ocrx_word' id='word_1_441' title='bbox 130 4390 134 4395; x_wconf 90' lang='lat'>.</span> <span class='ocrx_word' id='word_1_442' title='bbox 219 4344 434 4413; x_wconf 88' lang='lat' dir='ltr'><strong>hominibusque</strong></span> <span class='ocrx_word' id='word_1_443' title='bbox 458 4344 628 4397; x_wconf 84' lang='lat' dir='ltr'><strong>cantandum</strong></span> <span class='ocrx_word' id='word_1_444' title='bbox 648 4376 681 4383; x_wconf 98' lang='lat'>—</span> <span class='ocrx_word' id='word_1_445' title='bbox 703 4348 743 4398; x_wconf 83' lang='lat'><strong>13.</strong></span> <span class='ocrx_word' id='word_1_446' title='bbox 764 4344 888 4413; x_wconf 83' lang='grc' dir='ltr'><strong><em>ἅμνασεν</em></strong></span> <span class='ocrx_word' id='word_1_447' title='bbox 907 4345 925 4400; x_wconf 92' lang='lat' dir='ltr'><strong>i.</strong></span> <span class='ocrx_word' id='word_1_448' title='bbox 941 4364 963 4400; x_wconf 89' lang='lat' dir='ltr'><strong>e.</strong></span> <span class='ocrx_word' id='word_1_449' title='bbox 982 4344 1138 4414; x_wconf 75' lang='grc' dir='ltr'><strong><em>ἀνέμνησεν</em></strong></span> <span class='ocrx_word' id='word_1_450' title='bbox 1157 4362 1220 4397; x_wconf 93' lang='lat' dir='ltr'><strong>cum</strong></span> <span class='ocrx_word' id='word_1_451' title='bbox 1239 4343 1362 4413; x_wconf 84' lang='lat' dir='ltr'><strong>Kaysero</strong></span> <span class='ocrx_word' id='word_1_452' title='bbox 1382 4344 1494 4400; x_wconf 86' lang='lat' dir='ltr'><strong>restitui</strong></span> 
     </span>
    </p>
   </div>
   <div class='ocr_carea' id='block_1_7' title="bbox 218 4413 1494 4917">
    <p class='ocr_par' dir='ltr' id='par_1_11' title="bbox 218 4413 1494 4917">
     <span class='ocr_line' id='line_1_47' title="bbox 219 4413 1494 4489; baseline 0.002 -20"><span class='ocrx_word' id='word_1_453' title='bbox 219 4416 389 4471; x_wconf 88' lang='lat' dir='ltr'><strong>scholiorum</strong></span> <span class='ocrx_word' id='word_1_454' title='bbox 411 4415 597 4485; x_wconf 83' lang='lat' dir='ltr'><strong>paraphrasin</strong></span> <span class='ocrx_word' id='word_1_455' title='bbox 621 4413 758 4483; x_wconf 77' lang='grc' dir='ltr'><strong><em>ἀνέμνησε</em></strong></span> <span class='ocrx_word' id='word_1_456' title='bbox 781 4416 833 4485; x_wconf 81' lang='grc' dir='ltr'><strong>τήν</strong></span> <span class='ocrx_word' id='word_1_457' title='bbox 856 4417 990 4489; x_wconf 79' lang='grc' dir='ltr'><strong><em>πατρῴαν</em></strong></span> <span class='ocrx_word' id='word_1_458' title='bbox 1012 4414 1105 4471; x_wconf 74' lang='grc' dir='ltr'><strong><em>ἑστίαν</em></strong></span> <span class='ocrx_word' id='word_1_459' title='bbox 1124 4418 1243 4470; x_wconf 84' lang='lat' dir='ltr'><strong>secutus.</strong></span> <span class='ocrx_word' id='word_1_460' title='bbox 1281 4416 1494 4485; x_wconf 81' lang='lat' dir='ltr'><strong>Thrasydaeum</strong></span> 
     </span>
     <span class='ocr_line' id='line_1_48' title="bbox 219 4486 1493 4557; baseline -0.001 -15"><span class='ocrx_word' id='word_1_461' title='bbox 219 4488 302 4555; x_wconf 83' lang='lat' dir='ltr'><strong>enim,</strong></span> <span class='ocrx_word' id='word_1_462' title='bbox 322 4505 385 4541; x_wconf 93' lang='lat' dir='ltr'><strong>cum</strong></span> <span class='ocrx_word' id='word_1_463' title='bbox 404 4487 526 4553; x_wconf 84' lang='lat' dir='ltr'><strong>vicisset,</strong></span> <span class='ocrx_word' id='word_1_464' title='bbox 545 4486 693 4555; x_wconf 81' lang='lat' dir='ltr'><strong>Pythonici</strong></span> <span class='ocrx_word' id='word_1_465' title='bbox 712 4487 801 4539; x_wconf 89' lang='lat' dir='ltr'><strong>filium</strong></span> <span class='ocrx_word' id='word_1_466' title='bbox 816 4506 833 4541; x_wconf 87' lang='lat' dir='ltr'><strong>a</strong></span> <span class='ocrx_word' id='word_1_467' title='bbox 847 4504 984 4557; x_wconf 84' lang='lat' dir='ltr'><strong>praecone</strong></span> <span class='ocrx_word' id='word_1_468' title='bbox 998 4487 1189 4541; x_wconf 88' lang='lat' dir='ltr'><strong>renuntiatum</strong></span> <span class='ocrx_word' id='word_1_469' title='bbox 1203 4503 1264 4541; x_wconf 85' lang='lat' dir='ltr'><strong>esso</strong></span> <span class='ocrx_word' id='word_1_470' title='bbox 1283 4487 1388 4541; x_wconf 87' lang='lat' dir='ltr'><strong>similia</strong></span> <span class='ocrx_word' id='word_1_471' title='bbox 1402 4505 1493 4543; x_wconf 86' lang='lat' dir='ltr'><strong>exem·</strong></span> 
     </span>
     <span class='ocr_line' id='line_1_49' title="bbox 218 4557 1494 4630; baseline 0 -17"><span class='ocrx_word' id='word_1_472' title='bbox 218 4559 267 4629; x_wconf 89' lang='lat' dir='ltr'><strong>pla</strong></span> <span class='ocrx_word' id='word_1_473' title='bbox 286 4560 399 4626; x_wconf 87' lang='lat' dir='ltr'><strong>docent;</strong></span> <span class='ocrx_word' id='word_1_474' title='bbox 419 4557 618 4612; x_wconf 83' lang='lat' dir='ltr'><strong>cl&#39;.Prcl.xc11.</strong></span> <span class='ocrx_word' id='word_1_475' title='bbox 642 4558 767 4611; x_wconf 78' lang='lat' dir='ltr'><strong>&#39;l&#39;crtiam</strong></span> <span class='ocrx_word' id='word_1_476' title='bbox 787 4576 851 4613; x_wconf 83' lang='lat' dir='ltr'><strong>vero</strong></span> <span class='ocrx_word' id='word_1_477' title='bbox 870 4576 1001 4614; x_wconf 91' lang='lat' dir='ltr'><strong>coronam</strong></span> <span class='ocrx_word' id='word_1_478' title='bbox 1020 4557 1049 4611; x_wconf 91' lang='lat' dir='ltr'><strong>in</strong></span> <span class='ocrx_word' id='word_1_479' title='bbox 1067 4559 1129 4613; x_wconf 83' lang='lat' dir='ltr'><strong>icco</strong></span> <span class='ocrx_word' id='word_1_480' title='bbox 1149 4563 1266 4629; x_wconf 86' lang='lat' dir='ltr'><strong>paterno</strong></span> <span class='ocrx_word' id='word_1_481' title='bbox 1285 4557 1334 4612; x_wconf 91' lang='lat' dir='ltr'><strong>ille</strong></span> <span class='ocrx_word' id='word_1_482' title='bbox 1354 4558 1494 4630; x_wconf 84' lang='lat' dir='ltr'><strong>deposuit,</strong></span> 
     </span>
     <span class='ocr_line' id='line_1_50' title="bbox 219 4628 1493 4702; baseline 0.002 -19"><span class='ocrx_word' id='word_1_483' title='bbox 219 4632 294 4699; x_wconf 88' lang='lat' dir='ltr'><strong>quod</strong></span> <span class='ocrx_word' id='word_1_484' title='bbox 314 4634 399 4685; x_wconf 85' lang='lat' dir='ltr'><strong>antea</strong></span> <span class='ocrx_word' id='word_1_485' title='bbox 417 4632 499 4700; x_wconf 90' lang='lat' dir='ltr'><strong>pater</strong></span> <span class='ocrx_word' id='word_1_486' title='bbox 515 4629 560 4683; x_wconf 92' lang='lat' dir='ltr'><strong>bis</strong></span> <span class='ocrx_word' id='word_1_487' title='bbox 579 4629 636 4683; x_wconf 87' lang='lat' dir='ltr'><strong>iam</strong></span> <span class='ocrx_word' id='word_1_488' title='bbox 656 4628 769 4698; x_wconf 83' lang='lat' dir='ltr'><strong>vicerat,</strong></span> <span class='ocrx_word' id='word_1_489' title='bbox 790 4631 824 4684; x_wconf 90' lang='lat' dir='ltr'><strong>dc</strong></span> <span class='ocrx_word' id='word_1_490' title='bbox 843 4648 899 4699; x_wconf 90' lang='lat' dir='ltr'><strong>qua</strong></span> <span class='ocrx_word' id='word_1_491' title='bbox 918 4648 947 4685; x_wconf 87' lang='lat' dir='ltr'><strong>re</strong></span> <span class='ocrx_word' id='word_1_492' title='bbox 966 4630 995 4684; x_wconf 91' lang='lat' dir='ltr'><strong>in</strong></span> <span class='ocrx_word' id='word_1_493' title='bbox 1014 4642 1178 4699; x_wconf 78' lang='lat' dir='ltr'><strong>argumento</strong></span> <span class='ocrx_word' id='word_1_494' title='bbox 1197 4630 1329 4685; x_wconf 83' lang='lat' dir='ltr'><strong>carminis</strong></span> <span class='ocrx_word' id='word_1_495' title='bbox 1349 4630 1493 4702; x_wconf 81' lang='lat' dir='ltr'><strong>disputavi</strong></span> 
     </span>
     <span class='ocr_line' id='line_1_51' title="bbox 220 4700 1494 4772; baseline 0.001 -17"><span class='ocrx_word' id='word_1_496' title='bbox 220 4734 251 4741; x_wconf 93' lang='lat'><em>-</em></span> <span class='ocrx_word' id='word_1_497' title='bbox 273 4709 314 4757; x_wconf 79' lang='lat'><strong>15.</strong></span> <span class='ocrx_word' id='word_1_498' title='bbox 335 4700 463 4756; x_wconf 85' lang='grc' dir='ltr'><strong><em>Πυλάδα·</em></strong></span> <span class='ocrx_word' id='word_1_499' title='bbox 489 4700 623 4769; x_wconf 89' lang='lat' dir='ltr'><strong>Pyladem</strong></span> <span class='ocrx_word' id='word_1_500' title='bbox 647 4701 761 4770; x_wconf 85' lang='lat' dir='ltr'><strong>eiusque</strong></span> <span class='ocrx_word' id='word_1_501' title='bbox 785 4706 895 4772; x_wconf 88' lang='lat' dir='ltr'><strong>patrem</strong></span> <span class='ocrx_word' id='word_1_502' title='bbox 914 4701 1075 4771; x_wconf 82' lang='lat' dir='ltr'><strong>Strophium</strong></span> <span class='ocrx_word' id='word_1_503' title='bbox 1093 4702 1234 4756; x_wconf 85' lang='lat' dir='ltr'><strong>Phoceum</strong></span> <span class='ocrx_word' id='word_1_504' title='bbox 1253 4718 1353 4770; x_wconf 71' lang='lat' dir='ltr'><strong>agrum</strong></span> <span class='ocrx_word' id='word_1_505' title='bbox 1369 4702 1494 4756; x_wconf 59' lang='lat' dir='ltr'><strong>munisse</strong></span> 
     </span>
     <span class='ocr_line' id='line_1_52' title="bbox 218 4772 1494 4843; baseline 0.001 -16"><span class='ocrx_word' id='word_1_506' title='bbox 218 4773 299 4842; x_wconf 90' lang='lat' dir='ltr'><strong>pueri</strong></span> <span class='ocrx_word' id='word_1_507' title='bbox 317 4774 457 4827; x_wconf 86' lang='lat' dir='ltr'><strong>sciunt-</strong></span> <span class='ocrx_word' id='word_1_508' title='bbox 473 4778 513 4826; x_wconf 83' lang='lat'><strong>16.</strong></span> <span class='ocrx_word' id='word_1_509' title='bbox 533 4772 680 4843; x_wconf 83' lang='lat' dir='ltr'><strong>genetivus</strong></span> <span class='ocrx_word' id='word_1_510' title='bbox 694 4774 828 4836; x_wconf 81' lang='grc' dir='ltr'><strong><em>Λάκωνος</em></strong></span> <span class='ocrx_word' id='word_1_511' title='bbox 844 4772 956 4840; x_wconf 73' lang='grc' dir='ltr'><strong><em>’Ὀρέστα</em></strong></span> <span class='ocrx_word' id='word_1_512' title='bbox 970 4789 988 4826; x_wconf 92' lang='lat' dir='ltr'><strong>a</strong></span> <span class='ocrx_word' id='word_1_513' title='bbox 1001 4773 1113 4827; x_wconf 90' lang='lat' dir='ltr'><strong>nomine</strong></span> <span class='ocrx_word' id='word_1_514' title='bbox 1133 4773 1215 4839; x_wconf 83' lang='grc' dir='ltr'><strong><em>ξένου</em></strong></span> <span class='ocrx_word' id='word_1_515' title='bbox 1233 4773 1344 4842; x_wconf 86' lang='lat' dir='ltr'><strong>pendet.</strong></span> <span class='ocrx_word' id='word_1_516' title='bbox 1366 4773 1494 4828; x_wconf 82' lang='lat' dir='ltr'><strong>Orestem</strong></span> 
     </span>
     <span class='ocr_line' id='line_1_53' title="bbox 218 4844 1491 4917; baseline 0.002 -20"><span class='ocrx_word' id='word_1_517' title='bbox 218 4848 313 4899; x_wconf 86' lang='lat' dir='ltr'><strong>autem</strong></span> <span class='ocrx_word' id='word_1_518' title='bbox 332 4847 361 4898; x_wconf 90' lang='lat' dir='ltr'><strong>et</strong></span> <span class='ocrx_word' id='word_1_519' title='bbox 379 4845 614 4916; x_wconf 75' lang='lat' dir='ltr'><strong>Agamemnonem</strong></span> <span class='ocrx_word' id='word_1_520' title='bbox 630 4850 666 4915; x_wconf 84' lang='lat' dir='ltr'><strong>(v.</strong></span> <span class='ocrx_word' id='word_1_521' title='bbox 681 4850 718 4914; x_wconf 78' lang='lat' dir='ltr'><strong>sc)</strong></span> <span class='ocrx_word' id='word_1_522' title='bbox 733 4862 784 4915; x_wconf 87' lang='lat' dir='ltr'><strong>pro</strong></span> <span class='ocrx_word' id='word_1_523' title='bbox 803 4844 960 4899; x_wconf 85' lang='lat' dir='ltr'><strong>Laconibus</strong></span> <span class='ocrx_word' id='word_1_524' title='bbox 979 4844 1118 4899; x_wconf 88' lang='lat' dir='ltr'><strong>Pindarus</strong></span> <span class='ocrx_word' id='word_1_525' title='bbox 1137 4844 1303 4915; x_wconf 79' lang='lat' dir='ltr'><strong>venditavit,</strong></span> <span class='ocrx_word' id='word_1_526' title='bbox 1323 4844 1398 4913; x_wconf 85' lang='lat' dir='ltr'><strong>quod</strong></span> <span class='ocrx_word' id='word_1_527' title='bbox 1419 4847 1491 4917; x_wconf 79' lang='lat' dir='ltr'><strong>Aga·</strong></span> 
     </span>
    </p>
   </div>
   <div class='ocr_carea' id='block_1_8' title="bbox 0 0 1726 5550">
    <p class='ocr_par' dir='ltr' id='par_1_12' title="bbox 0 0 1726 5550">
     <span class='ocr_line' id='line_1_54' title="bbox 0 0 1726 5550; baseline 0 2"><span class='ocrx_word' id='word_1_528' title='bbox 0 0 1726 5550; x_wconf 95' lang='lat' dir='ltr'><strong> </strong></span> 
     </span>
    </p>
   </div>
  </div>
 </body>
</html>
