3442 5550
765 381 968 435 ummwa
1281 453 1283 456 Ι
1435 379 1502 442 θῶ

769 540 958 607 mmmm

314 652 461 713 Carminis
475 654 565 713 huius
579 654 701 714 numeri.
710 658 781 714 sunt
796 653 962 732 logaoedici
976 646 1018 735 (v.
1035 647 1092 736 16),
1107 655 1218 715 similes
1232 656 1347 716 Aeoliei
1361 657 1502 716 carminis

226 743 264 801 N.
284 761 318 800 111
341 742 444 803 eodem
471 744 532 803 lere
560 746 693 819 tempore
722 743 803 804 lacti.
850 743 997 820 Stropbae
1025 744 1160 821 plerique
1184 763 1287 805 versus
1310 746 1341 805 in
1365 746 1502 822 dipodias

226 832 312 892 l'acile
344 833 387 890 ita
417 832 510 891 dividi
539 835 678 911 possunt,
708 838 744 891 ut
773 832 912 908 tripodiis
942 834 1025 893 locus
1054 833 1111 892 nisi
1139 834 1169 892 in
1192 835 1337 894 clausulis
1361 854 1501 895 versuum

225 914 309 1002 (1.1.
331 914 362 1002 1)
385 942 445 980 non
467 921 665 998 relinquatur.
712 923 782 982 Solo
805 922 841 980 de
864 922 973 981 ultimo
998 942 1086 981 versu
1108 923 1245 1001 dubitare
1269 925 1373 1001 possiS,
1397 928 1501 983 utrum

226 1029 317 1086 quam
348 1011 378 1069 in
408 1011 557 1070 schemate
592 1013 734 1088 proposui
768 1011 954 1072 scansionem
990 1011 1095 1087 probes
1127 1032 1164 1070 an
1195 1012 1323 1088 primam
1353 1014 1500 1091 syllabam

226 1100 340 1175 primae
362 1100 500 1176 dipodiae
524 1104 641 1176 partem
664 1120 728 1160 esse
751 1105 835 1160 ratus
859 1119 977 1160 versum
1000 1102 1079 1160 hunc
1103 1101 1133 1160 in
1156 1101 1278 1161 modum
1301 1103 1417 1163 dividas

585 1220 1139 1272 Lmoaoh²oauao-v

225 1329 283 1388 Sed
313 1330 399 1406 spodi
429 1351 532 1391 versus
562 1332 709 1392 secundus
739 1332 847 1391 tertius
877 1335 1016 1409 quartus
1048 1352 1115 1392 cnm
1145 1333 1273 1410 speciem
1295 1352 1437 1392 versuum
1466 1353 1502 1392 ex

225 1420 362 1495 tripudiis
385 1422 587 1481 constantium
615 1422 758 1499 habeant,
787 1421 956 1497 dipodicam
984 1423 1168 1482 scansionem
1191 1442 1329 1500 respuere
1354 1423 1501 1499 videntur,

225 1508 303 1567 unde
327 1514 423 1587 erunt,
447 1511 499 1586 qui
524 1532 560 1570 ne
583 1514 614 1570 in
639 1513 761 1587 stropha
784 1511 904 1587 quidem
928 1529 1030 1570 omnes
1053 1531 1156 1571 versus
1175 1513 1213 1571 ad
1232 1511 1401 1587 dipodicsm
1421 1532 1500 1571 meu-

225 1617 327 1656 suram
351 1599 531 1660 revocandos
555 1620 618 1660 esse
642 1605 788 1661 censeant.
827 1599 960 1672 Quorum
984 1601 1134 1660 sententia
1157 1601 1231 1661 adso
1255 1601 1329 1660 mibi
1353 1620 1412 1660 non
1435 1620 1501 1676 pro-

224 1686 322 1763 batur,
346 1692 382 1746 ut
404 1689 533 1748 nesciam
558 1691 710 1749 suetiam
734 1689 821 1764 spodi
845 1690 918 1749 istos
942 1709 1046 1749 versus
1075 1688 1149 1750 κατὰ
1180 1690 1319 1750 διποδέαν
1347 1694 1502 1766 percutere

226 1776 393 1837 liceat'boc
416 1778 517 1838 modo:

366 1882 571 1948 ὧυωυε
643 1921 749 1949 -υα
803 1894 1338 1957 ΛΝῙΛυωωυ-ευ-

382 2005 793 2038 ὐ-υυ;υυυιυ.

366 2078 792 2127 ώυωυιυωιυ-

305 2185 430 2246 Carmen
446 2187 719 2264 splendidissimum
733 2206 751 2246 a
765 2188 854 2248 choro
869 2191 1025 2248 cantatum
1040 2207 1112 2265 esse,
1126 2188 1224 2249 verbis
1238 2185 1360 2262 εὔδοξος
1375 2185 1501 2250 ἀείδεται

224 2272 365 2354 Σωγένης
385 2269 426 2356 (v.
446 2271 478 2358 8)
497 2281 528 2336 st
545 2276 719 2352 πολύφατον
737 2276 833 2354 θρόον
852 2277 955 2355 όμνων
979 2271 1021 2358 (s.
1037 2288 1084 2354 813
1108 2275 1195 2338 eso,
1213 2297 1224 2336 1
1243 2271 1275 2359 8)
1298 2277 1501 2356 significatum

224 2367 276 2440 est,
296 2365 367 2424 licet
385 2370 475 2441 poeta
493 2385 580 2425 suam
598 2365 788 2442 potissimum
805 2385 928 2426 causam
947 2370 1019 2445 agat
1038 2369 1068 2426 et
1087 2367 1240 2427 occasione
1259 2367 1397 2443 publicae
1417 2388 1501 2444 pom·

222 2471 279 2536 pse
303 2453 448 2514 abutatur
470 2455 508 2514 ad
531 2455 767 2532 propulsandum
791 2457 901 2515 crimen
925 2456 1090 2533 impietatis
1113 2456 1170 2532 ipsi
1194 2456 1369 2534 irrogatum.
1418 2456 1500 2517 Idem

224 2541 304 2617 quod
328 2543 474 2619 hymnum
496 2544 611 2620 placide
636 2546 666 2604 et
688 2544 796 2604 leniter
818 2545 984 2605 canendum
1005 2549 1107 2605 monet
1126 2541 1167 2625 (v.
1187 2538 1317 2627 81-81),
1336 2545 1500 2622 Lydiorum

223 2630 379 2692 modorum
398 2632 533 2693 decorem
551 2637 582 2692 et
599 2634 840 2712 logaoedicorum
860 2654 1051 2696 numerorum
1070 2635 1253 2695 suavitatem
1271 2639 1405 2711 spectare
1421 2635 1500 2694 vide·

223 2720 724 2801 mumdmmPama

273 2909 456 2995 Ἐλεόθαια,
479 2913 623 2999 πάρεδρε
647 2919 798 2999 Μοι-ρᾶν
820 2917 1066 2999 βαθυφρόνων,
1303 2919 1382 2999 Στρ.
1403 2911 1445 2979 α’.

276 3029 337 3083 παῖ
356 3019 632 3103 μεγαλοσθενέος,
656 3022 815 3103 άιιουσον,
831 3019 890 3085 Ἣ-

322 3150 397 3210 ρας,
420 3125 586 3212 γενέτειρα
609 3124 761 3192 τέκ-νοον·
785 3129 865 3193 άνεν
888 3126 989 3193 σέθεν

275 3233 316 3298 οὐ
339 3232 438 3317 φάος,
462 3233 503 3298 οὐ
527 3231 701 3318 μέλαι-ναν
718 3232 893 3319 δρακέντες
916 3235 1087 3319 εὐφρόναν

274 3341 352 3405 τεὰν
375 3340 557 3427 άδελ-φεδιν
580 3338 737 3425 ἐλάχομεν
760 3341 961 3425 ἀγλαόγυιον
976 3340 1094 3427 Ἥβαν.
1482 3360 1499 3407 ὁ

293 3571 373 3606 visis
392 3571 495 3606 ascaro.
533 3553 617 3606 Inscr.
637 3570 690 3606 om
710 3553 746 3617 B,
765 3550 887 3623 Σφγένει
906 3549 988 3622 (γε’νι
1007 3553 1079 3622 cod.)
1098 3552 1273 3642 Αἰγινήτῃ
1249 3552 1400 3627 πεντάθλῳ
1414 3552 1498 3609 παιδί

222 3625 303 3678 D-
322 3621 896 3693 8111011πρῶτοςδΣωγενηςΑέγινητῶν
915 3623 1024 3692 ένέιιηοε
1043 3633 1110 3688 παῖς
1127 3645 1167 3679 ιον
1185 3623 1335 3697 πεντάθλῳ
1354 3626 1426 3679 κατὰ
1444 3625 1497 3695 τὴν

220 3695 524 3765 τεσσαρεσκαιδεκάτην
543 3694 600 3764 (νδ
623 3710 675 3749 em.
690 3694 842 3764 Hermann)
863 3694 1010 3765 Νεμεάδα
1030 3694 1114 3765 ἐτέθη
1133 3682 1366 3760 δὲδιιένταθλος
1384 3705 1496 3765 πρῶτον

221 3766 294 3820 κατὰ
312 3765 611 3836 τὴντρισιιαιδειιάτην
626 3766 681 3835 (νγ’
697 3782 748 3820 em.
764 3766 916 3835 Hermann)
932 3766 1124 3836 Νεμεάδα-
1092 3775 1163 3822 -1,
1180 3766 1265 3822 έλειθ
1281 3767 1377 3823 Trici:
1398 3768 1497 3824 εἰλειθ.

221 3838 291 3893 BD
314 3869 347 3878 -
371 3838 511 3907 adcedens
534 3837 564 3892 D
587 3869 619 3877 -
644 3843 668 3892 2.
694 3836 794 3892 τέκνον
816 3838 846 3892 D
870 3868 902 3878 —
927 3843 950 3892 3.
976 3836 1120 3907 εὐφρόναν
1142 3839 1183 3894 B:
1208 3839 1387 3907 εὐφροσύναν
1410 3840 1440 3894 D
1463 3872 1497 3880 -

220 3916 245 3964 4.
265 3910 364 3978 άδελφ.
386 3909 458 3979 έλαχ.
475 3911 515 3964 D:
536 3907 609 3979 έλάχ
629 3909 728 3977 άδελφ,
747 3910 783 3977 B,
802 3910 901 3978 άδελφ.
921 3909 980 3979 λάχ
999 3909 1136 3965 Tricl-

288 4070 477 4106 comarum.
514 4070 539 4106 v.
557 4057 622 4105 les.
648 4050 793 4134 111111γ1οοι
812 4069 861 4105 cur
878 4051 908 4106 in
916 4052 1069 4134 prooemio
1087 4054 1172 4123 poeta
1191 4052 1341 4122 invocarit
1360 4053 1431 4107 mira
1451 4069 1496 4107 se-

219 4127 294 4177 teres
312 4123 491 4193 grammatici
510 4122 661 4178 commenti
680 4124 753 4177 sunt
781 4122 922 4205 Paetum
913 4141 1006 4193 ipsum
1020 4141 1044 4178 si
1037 4123 1159 4178 ducem
1173 4140 1331 4194 sequemur,
1345 4123 1496 4179 invocandi

218 4194 291 4248 hanc
315 4194 398 4247 deam
420 4211 521 4249 causas
544 4193 631 4248 fuisse
655 4194 788 4248 ducemus
811 4194 988 4267 strigorem
1014 4194 1166 4249 iuvenilem
1190 4195 1293 4266 Sogeni
1311 4195 1439 4250 nascenti
1458 4195 1496 4249 ab

215 4264 334 4334 Ilithyia
358 4265 508 4334 Pareisque
527 4266 600 4320 dono
622 4265 721 4320 datum
739 4269 768 4320 et
786 4282 888 4320 nomeu
914 4266 1044 4336 Sogenis‚
1070 4283 1124 4335 quo
1151 4267 1188 4320 ad
1214 4266 1406 4322 valetudinem
1431 4283 1496 4320 eum

216 4340 316 4390 natum
335 4353 395 4390 esse
414 4336 552 4391 Pindarus
572 4354 623 4391 suo
641 4353 717 4391 more
736 4336 781 4406 (cl.
801 4338 822 4390 1
841 4356 869 4390 vr
888 4339 924 4405 os)
948 4340 1155 4408 auguratur-
1176 4344 1199 4393 1.
1224 4337 1347 4406 πάρεδρε
1371 4341 1496 4405 Μοιρᾶν,

216 4408 292 4477 quod
317 4408 497 4462 nascentibus
524 4425 605 4462 suam
630 4407 731 4477 cuique
757 4411 859 4464 sortem
885 4408 990 4463 Parcas
1016 4408 1173 4474 destinant3
1204 4409 1338 4465 ο1.0.νι
1360 4426 1386 4462 ιε
1410 4407 1496 4462 Ἐλεί-

216 4484 306 4533 θνιαν
324 4479 498 4547 παρέστασέν
516 4499 545 4534 τε
563 4477 726 4548 Μοίρας*
746 4485 770 4535 2.
790 4499 842 4533 παι
855 4476 954 4547 “Ηρ·ας
975 4479 1047 4534 conf.
1067 4480 1131 4536 Hes.
1146 4479 1241 4536 theo.
1257 4497 1296 4535 sss
1315 4480 1331 4548 ἣ
1351 4476 1492 4547 (Ηρα)δ’

212 4548 304 4676 ‘'Ellfpc
327 4552 374 4604 sal
394 4549 476 4639 Ἀρηα
500 4553 548 4605 καὶ
572 4549 740 4606 Εἰλείθυιαν
764 4551 877 4606 ἔτικτεν.
915 4550 1008 4616 Quid?
1034 4551 1185 4634 quodiam
1230 4568 1340 4607 omerus
1359 4550 1390 4606 ll.
1409 4570 1437 4604 ιι
1456 4567 1495 4605 ars

218 4619 383 4683 Ελειθνέας
401 4619 488 4691 Ηρης
506 4621 667 4692 θυγατέρας
686 4623 805 4690 dixerat,
825 4622 899 4691 quod
919 4623 997 4690 deae,
1017 4623 1096 4677 cuius
1115 4622 1144 4676 in
1162 4623 1253 4676 tutela
1272 4621 1387 4690 nuptiae
1407 4623 1496 4688 erant,

217 4695 305 4749 etiam
323 4694 610 4817 1parturientibusp
574 4699 635 4748 ο1
592 4693 708 4765 pitulari
734 4692 953 4748 credebatur—
973 4700 998 4749 3.
1018 4692 1161 4776 εὐφρόναν
1179 4697 1290 4747 noctem
1310 4665 1497 4774 appellabant

216 4783 271 4819 non
292 4782 322 4818 so
337 4783 382 4817 um
400 4767 509 4835 poetae
528 4783 645 4834 quorum
665 4765 721 4818 dux
736 4765 875 4820 Hesiodus
890 4781 953 4835 ορρ.
968 4782 1016 4833 seo
1035 4765 1084 4819 sed
1098 4765 1185 4819 etiam
1199 4764 1321 4836 prosaici
1336 4764 1495 4834 scriptores,

216 4843 248 4892 ut
267 4836 425 4892 Herodotus
446 4855 483 4889 ιιι
502 4854 580 4893 1-1
599 4842 624 4891 4
644 4836 795 4906 ἀδελφεόν,
821 4837 958 4892 contract'
951 4854 974 4891 is
937 4809 1100 4890 tultimis
1119 4836 1237 4906 syllabis
1256 4836 1494 4905 pronuntiandum
