3442 5550
291 418 366 476 LXII
794 423 1073 478 Pnoaaaonann.

291 592 324 652 et
352 586 494 652 exerceri
524 586 699 672 debebant,
731 591 841 652 tamen
870 585 908 651 de
939 585 1148 652 institutione
1181 608 1369 674 puerorum,
1400 587 1574 673 palaestra,

292 695 459 783 magistris
488 696 652 778 ludorum,
684 695 801 761 ceteris
832 695 981 779 partibus
1009 694 1090 759 artis
1122 696 1345 780 gymnasticae
1374 694 1572 761 Graecorum

292 803 458 887 disputare
489 802 588 867 nimis
621 802 756 888 longum
788 805 821 866 et
849 802 890 865 ab
924 802 1086 886 angustiis
1118 802 1235 867 horum
1263 802 1573 889 Prolegomenorum

293 910 435 974 alienum
459 931 529 974 esse
554 910 712 974 duximus.
756 909 828 986 Qua
850 908 889 973 de
913 931 1011 974 causa
1033 909 1112 974 solis
1141 909 1180 974 de
1207 909 1292 974 ludis
1321 909 1513 996 agonisticis
1541 914 1574 974 et

293 1017 515 1101 sollemnibus,
538 1038 619 1100 quae
643 1038 716 1081 curn
740 1015 872 1081 ludicris
895 1015 1396 1101 victoriisconiunctafuerunt,
1418 1017 1573 1082 hocloco

293 1147 389 1210 agere
412 1124 508 1189 nobis
532 1124 638 1188 visum
662 1128 720 1187 est.
762 1122 848 1198 Quin
871 1123 951 1187 adeo
974 1146 1014 1188 ne
1038 1124 1121 1188 hanc
1141 1124 1270 1208 quidem
1292 1123 1460 1188 materiem
1478 1124 1573 1208 plene

293 1233 462 1297 exhaurire
481 1231 639 1296 inanimo
659 1235 718 1316 est,
737 1232 793 1296 sed
811 1230 845 1294 in
862 1230 902 1294 iis
917 1230 1148 1296 adumbrandis
1167 1230 1417 1315 acquiescemus,
1436 1253 1518 1314 quae
1533 1232 1574 1295 ad

292 1340 386 1404 ludos
410 1338 541 1403 Pindari
565 1343 671 1404 aetate
694 1337 865 1402 institutos
890 1342 923 1401 et
947 1337 1085 1422 epinicia
1103 1337 1282 1402 aPindaro
1306 1337 1394 1403 faeta
1412 1337 1573 1422 pertinere

292 1447 472 1511 videantur.
510 1446 608 1511 Plura
631 1447 687 1530 qui
710 1445 749 1510 de
773 1444 945 1529 palaestris
964 1448 997 1509 et
1018 1445 1103 1509 ludis
1123 1444 1321 1510 Graecorum
1341 1445 1462 1509 discere
1486 1445 1576 1530 velit,

293 1556 388 1619 adeat
407 1577 481 1619 curn
499 1553 602 1618 libros
625 1552 901 1637 locupletissimos
919 1551 965 1616 Io.
982 1552 1116 1617 Henrici
1134 1552 1271 1637 Kranae,
1294 1553 1453 1638 Olympia,
1476 1552 1576 1617 Wien

296 1664 392 1745 1838,
415 1661 477 1726 Die
497 1660 693 1745 Gymnastilr
717 1660 782 1723 und
800 1658 978 1744 Agonistik
1003 1660 1059 1724 der
1078 1660 1246 1743 Hellenen,
1268 1658 1374 1744 Leipz.
1396 1660 1493 1744 1841,
1512 1659 1576 1724 Die

294 1769 445 1855 Pythien,
468 1768 614 1833 Nemeen
637 1767 702 1831 und
725 1765 895 1851 lsthmien,
917 1766 1024 1850 Leipz.
1046 1769 1140 1851 1841,
1164 1772 1236 1831 tum
1259 1763 1401 1830 Corsinii
1423 1766 1577 1832 disserta-

295 1877 401 1942 tiones
430 1875 630 1961 agonisticas
656 1876 755 1959 1141,
782 1874 916 1938 tertium
944 1875 1096 1938 volumen
1125 1874 1232 1958 operis
1262 1872 1488 1959 Grasbergeri,
1518 1874 1578 1937 Er-

293 1983 433 2068 ziehung
443 1982 509 2047 und
521 1980 713 2047 Unterricht
722 1981 768 2045 im
778 1981 981 2046 hlassischen
990 1981 1166 2064 Altertum,
1176 1980 1411 2064 1111111111881,
1422 1979 1577 2045 Ioannem

294 2090 484 2176 Holwerda,
512 2087 719 2174 Olympiselre
748 2087 897 2172 Studien,
926 2088 1023 2153 Arch.
1047 2087 1132 2171 Zeit,
1158 2089 1257 2171 1880,
1279 2110 1311 2172 p.
1332 2088 1395 2152 169
1410 2110 1451 2152 ss.
1482 2090 1578 2174 1881,

295 2221 325 2282 p.
345 2198 470 2280 20588,
494 2196 649 2261 Adolfum
673 2195 872 2281 Boetticher,
895 2195 1055 2280 Olympia,
1079 2196 1136 2259 das
1160 2195 1239 2260 Fest
1261 2195 1327 2259 und
1351 2194 1439 2259 seins
1460 2195 1578 2280 Stttte,

295 2302 380 2368 Berl.
403 2305 498 2389 1883,
520 2303 696 2368 Aemilium
720 2303 853 2386 Reisch,
884 2302 932 2367 De
956 2302 1089 2367 musicis
1114 2301 1313 2367 Graecorum
1336 2302 1579 2387 certaminibus,

294 2409 434 2474 Vindob.
458 2411 551 2476 1885.
593 2410 663 2475 Nos
688 2433 761 2475 cum
790 2410 985 2475 arctioribus
1013 2409 1173 2473 limitibus
1199 2413 1348 2475 nostram
1374 2408 1577 2495 provinciam

260 2540 261 2544 ¹
294 2517 674 2602 circumscripsissemus,
702 2541 721 2581 a
744 2516 877 2581 Pindari
905 2516 1103 2582 carminibus
1131 2516 1211 2600 ipsis
1240 2521 1273 2581 et
1300 2517 1464 2583 veteribus
1492 2539 1578 2583 com-

294 2624 463 2688 mentariis
492 2635 604 2689 eorur'n
632 2624 771 2709 profecti
799 2647 919 2689 sumus.
961 2623 1111 2707 Namque
1139 2624 1204 2687 iam
1232 2623 1444 2689 Alexandrini
1473 2647 1578 2711 gram-

294 2732 421 2817 matici,
452 2754 526 2797 cum
559 2732 704 2796 carmina
731 2732 868 2797 classica
895 2731 1083 2795 illustrandi
1111 2731 1219 2795 studio
1247 2731 1456 2815 potissimum
1484 2732 1578 2798 duce

294 2845 407 2903 rentur
431 2844 464 2903 et
487 2861 688 2903 summorum
712 2843 883 2922 poetarum
905 2837 1210 2923 interpretationem
1240 2860 1336 2924 saepe
1360 2841 1401 2904 ab
1425 2844 1579 2904 accurata

294 2944 414 3010 notitia
436 2946 586 3010 ludorum
610 2945 887 3030 certaminumque
910 2945 1050 3029 pendere
1074 2945 1318 3031 cognovissent,
1341 2945 1415 3011 inde
1439 2943 1579 3010 808111-

293 3053 418 3137 macho,
443 3053 499 3136 qui
522 3053 647 3137 primus
670 3050 746 3138 περὶ
770 3051 910 3135 ἀγώνων
934 3051 1078 3137 scripsit,
1102 3052 1197 3116 multi
1220 3052 1342 3137 partim
1365 3053 1399 3118 in
1421 3052 1515 3117 libris
1538 3051 1577 3116 de

293 3159 512 3246 topographia
535 3159 738 3244 historiaque
767 3160 969 3244 singulorum
997 3159 1193 3244 populorum
1221 3163 1254 3224 et
1281 3159 1429 3243 urbium,
1456 3159 1577 3244 partim

293 3267 328 3330 in
351 3267 457 3350 libris,
486 3288 567 3349 quos
595 3267 672 3331 deta
701 3288 800 3351 opera
822 3266 860 3330 de
884 3266 1117 3331 certaminibus
1146 3266 1278 3331 ludicris
1306 3266 1579 3351 conscripserunt,

294 3373 501 3456 quaestiones
520 3372 559 3437 de
579 3373 703 3459 origine
722 3373 883 3457 ludorum,
906 3371 1095 3457 victoribus,
1112 3373 1275 3457 praemiis,
1297 3373 1458 3438 similibus
1478 3373 1576 3437 rebus

294 3484 528 3545 tractaverunt.
577 3479 704 3544 Horum
738 3479 932 3562 scriptorum
965 3501 1005 3542 ex
1041 3500 1176 3543 numero
1209 3481 1245 3544 111
1277 3481 1410 3545 scholiis
1443 3479 1576 3543 Pindari
1604 3488 1607 3493 '

295 3590 590 3652 commemorantur
599 3585 795 3650 Aristoteles
810 3586 849 3650 de
864 3583 1067 3670 Pythionicis
1082 3583 1359 3671 (schol.0.1181),
1373 3583 1577 3669 Cleophanes

294 3692 370 3779 περὶ
389 3693 528 3775 ἀγώνων
548 3690 662 3781 (schol.
678 3692 766 3758 0.1x
782 3691 871 3778 143),
888 3691 973 3757 Ister
986 3688 1062 3776 περὶ
1077 3689 1194 3757 Ἡλίου
1209 3692 1350 3774 ἀγώνων
1364 3689 1578 3780 (0.v11146),

295 3801 428 3865 Polemo
453 3798 568 3887 (schol.
588 3800 628 3865 N.
647 3819 683 3864 lv
703 3802 760 3885 323
783 3800 821 3866 cf.
842 3799 883 3864 N.
903 3818 926 3863 v
944 3800 1011 3886 89).
1053 3798 1207 3883 Inprimis
1232 3799 1418 3864 Polemonis
1449 3821 1577 3864 accura-

296 3907 432 3973 tissimis
452 3908 545 3973 libris
560 3909 598 3973 de
614 3908 720 3972 titulis
735 3913 768 3972 et
783 3907 943 3992 catalogis
957 3906 1062 3971 multa
1075 3907 1272 3972 scholiastae
1287 3907 1403 3972 debere
1419 3907 1578 3972 videntur.

749 4104 794 4169 De
817 4102 942 4185 origine
965 4101 1122 4171 ludorum.

384 4230 454 4295 Iam
477 4230 714 4316 antiquissimis
737 4229 941 4315 temporibus
966 4229 1051 4314 apud
1076 4228 1218 4296 Graecos
1246 4229 1461 4295 certaminum
1488 4229 1579 4294 ludo·

297 4359 433 4421 rumque
457 4338 566 4403 studia
587 4338 736 4403 floruisse
760 4338 922 4402 Homerus
946 4335 1042 4401 testis
1066 4341 1131 4420 est,
1153 4337 1209 4420 qui
1232 4337 1269 4401 Il.
1289 4353 1377 4401 xxm
1401 4338 1576 4404 aar-897

297 4446 432 4510 heroum
455 4445 549 4510 ludos
572 4445 606 4509 in
629 4467 709 4531 agro
732 4446 882 4528 Troiano,
907 4443 964 4509 Od.
983 4461 1046 4507 vm
1067 4445 1243 4510 roo-265
1266 4443 1450 4509 Phaeacum
1478 4449 1579 4510 certa-

296 4552 386 4618 mina
412 4553 446 4616 in
474 4553 546 4617 foro
573 4553 699 4618 insulae
733 4554 933 4638 amplissime
966 4557 1000 4617 et
1029 4550 1228 4635 lepidissime
1258 4553 1418 4635 exposuit.
1469 4552 1578 4636 Atque

296 4659 479 4726 Phaeacum
503 4660 632 4745 quidem
655 4661 733 4746 ludi,
756 4683 830 4725 eum
854 4684 873 4725 a
895 4681 972 4745 rege
994 4658 1143 4742 Alcinoo,
1166 4663 1204 4721 ut
1224 4656 1338 4723 Ulixes
1361 4659 1480 4742 hospes
1501 4659 1577 4743 quid

295 4767 456 4834 Phaeaces
480 4789 576 4832 cursu
599 4768 748 4853 pugilatu
776 4768 862 4832 saltu
890 4770 979 4834 lucta
1005 4765 1151 4831 valerent
1179 4771 1404 4851 cognosceret,
1432 4766 1577 4831 instituti

297 4880 415 4961 essent,
438 4898 459 4940 a
481 4873 653 4941 cotidianis
676 4875 964 4942 exercitationibus
986 4896 1052 4940 non
1071 4873 1209 4939 multum
1228 4874 1456 4959 discrepabant
1473 4894 1577 4956 neque
