3442 5550
218 371 283 434 304
688 376 835 426 mansur
855 376 1018 429 serasera

271 534 433 625 πατρώων
456 542 558 601 οἴκων
580 535 644 601 άπό
668 535 697 602 τ’
714 536 865 623 Ἀργεος·
889 535 984 622 ιἰρχολ
1008 535 1040 600 δ’
1061 538 1123 603 οὐκ
1141 537 1187 604 ἔτ’
1208 542 1287 604 ἕσαν
1310 543 1444 605 Ταλαοῦ

908 644 1037 727 παῖδες,
1059 644 1256 729 βιασθέντες
1279 649 1351 734 λύᾳ.

221 768 252 815 16
271 750 420 837 κρέσσων
443 747 479 815 δὲ
502 754 665 817 καππαύει
688 754 786 818 δίκαν
809 753 870 817 τάν
892 755 1042 837 πρόσθεν
1065 752 1158 836 ἀνήρ.
1462 772 1498 818 ao

273 965 487 1050 άνδροδάμαν
510 963 542 1030 δ’
566 963 761 1050 Ἐριφύλαν,
785 968 899 1050 ὅρκιον
922 967 966 1042 ώς
990 966 1042 1032 ὅτε
1066 970 1198 1052 πιστόν,
1297 973 1377 1053 Στρ.
1397 967 1442 1033 δ’.

273 1074 387 1149 δόντες
411 1074 566 1160 Οἰκλείδᾳ
588 1085 747 1155 γυναῖκα,
770 1073 982 1158 ξανθοκομᾶν
1000 1079 1146 1140 Δαναῶν
1169 1077 1270 1140 ἔσσαν
1293 1073 1442 1159 με’γιστοι
1460 1095 1497 1140 40

909 1179 1083 1263 λαγίται,

271 1290 329 1351 καί
350 1284 422 1351 ποτ’
444 1285 478 1362 ἐς
500 1284 707 1363 ἑπταπύλους
728 1289 839 1372 Θήβας
862 1289 989 1370 άγαγον
1011 1289 1152 1371 στρατὸν
1176 1289 1310 1372 ἀνδρῶν
1329 1291 1444 1355 αίσιᾶν

272 1394 313 1459 οὐ
344 1391 415 1458 κατ’
449 1393 593 1478 ὀρνίχων
629 1393 723 1458 ὁδόν·
761 1391 838 1459 οὐδὲ
876 1398 1032 1480 Κρονίων
1064 1395 1249 1481 ἀστεροπὰν
1285 1395 1443 1474 ἐλελίξαις
1461 1416 1496 1461 45

909 1507 1045 1566 οἴκοθεν
1067 1502 1319 1588 μαργουμένους

219 1625 253 1672 aa
273 1611 414 1691 στείχειν
437 1604 613 1692 ἐπώτρυν’,
637 1606 719 1671 ἀλλὰ
742 1609 925 1691 φείσασθαι
948 1611 1120 1674 κελεύθου.

270 1820 476 1906 φαινομέναν
499 1819 533 1885 δ’
559 1819 612 1907 ἄρ’
639 1821 672 1898 ἐς
694 1823 777 1886 άταν
799 1823 941 1887 σπεῦδεν
965 1823 1079 1907 ὅμιλος
1102 1822 1232 1889 ίκίσθαι
1301 1829 1381 1909 Στρ.
1400 1824 1440 1890 ε’.
1459 1842 1493 1888 οι)

216 2052 309 2122 Bergk
319 2085 351 2092 —
364 2056 405 2105 14.
415 2051 481 2124 λύᾳι
496 2050 558 2103 fort.
571 2049 625 2123 δύᾳ
636 2081 668 2089 -
680 2056 721 2104 15.
732 2049 876 2105 καππάνει
886 2050 915 2104 D
927 2083 957 2090 —
970 2057 1011 2106 16.
1022 2053 1207 2121 άνδροδάμαν
1219 2049 1247 2105 δ’
1260 2052 1330 2107 coni.
1342 2054 1493 2109 Schneide-

216 2124 285 2178 win:
304 2119 515 2191 ἀνδροδάμαντ’
533 2123 649 2191 (patav
668 2121 694 2175 τ’
715 2121 753 2191 D)
773 2121 850 2185 BD;
869 2121 1055 2192 ίινδροδάμαν
1072 2121 1099 2176 τ’
1116 2123 1143 2176 Β
1164 2139 1185 2178 κ.
1206 2155 1238 2163 -
1260 2129 1300 2177 17.
1321 2123 1447 2180 λοκλείδα
1466 2128 1493 2180 Β

218 2228 250 2235 -
271 2194 354 2249 ἔσσαν
373 2193 497 2248 Boeckh:
521 2187 593 2262 ἦσαν
616 2192 684 2247 BD
703 2225 735 2232 —
755 2193 868 2262 λαγίιαι
887 2192 951 2247 add.
971 2193 1063 2264 Bergk
1082 2198 1144 2318 (pos
1175 2211 1192 2247 a
1211 2194 1331 2249 coniecit
1349 2196 1384 2251 τὰ
1402 2194 1489 2265 πρῶτ’

217 2265 306 2336 ἔγεντ’
326 2262 517 2333 Ἀδραττίδαι),
534 2264 647 2319 τουτάκι
661 2264 882 2327 Rauchenstein;
900 2264 1090 2334 τούμπαλινΟ
1112 2265 1164 2319 rist
1180 2270 1268 2321 -18,
1284 2267 1380 2322 αίσιᾶν
1394 2268 1491 2324 Tricl:

217 2338 315 2391 αίσιῶν
334 2338 370 2403 Β,
390 2354 435 2390 om
456 2337 484 2390 D
503 2368 534 2375 -

218 2480 296 2549 epico
312 2477 483 2548 Ἀμφιαράου
503 2475 633 2543 ἐξέλασις,
651 2478 686 2531 de
705 2495 760 2548 quo
779 2496 804 2532 v.
819 2478 915 2546 Bothe,
935 2477 1129 2534 Thebanische
1144 2479 1342 2535 Heldenlieder
1355 2498 1381 2535 ιι
1396 2482 1438 2549 ff.;
1458 2482 1492 2536 cf.

217 2551 289 2605 Prol.
305 2569 395 2604 sxvur.
434 2549 584 2614 Adrastus,
606 2547 681 2602 filius
704 2548 786 2602 Talai
809 2553 845 2617 (v.
860 2554 908 2619 ιι),
933 2550 969 2603 ab
993 2550 1173 2620 Amphiarao,
1193 2551 1251 2605 filio
1271 2550 1376 2607 Oicleis
1395 2557 1432 2623 (v.
1448 2559 1493 2622 ιι),

217 2639 304 2694 regno
326 2622 422 2692 pulsus
448 2620 594 2688 Sicyonem
618 2620 655 2673 ad
678 2636 803 2673 socerum
826 2620 965 2689 Polybum
983 2622 1065 2675 eonfu
1089 2621 1110 2674 't
1128 2622 1172 2692 (cf.
1193 2623 1293 2678 Herod.
1314 2643 1330 2677 v
1349 2626 1398 2694 ιι),
1419 2625 1493 2679 unde

218 2697 317 2763 postea
340 2693 440 2759 redux,
464 2709 527 2744 cum
551 2691 579 2743 in
600 2691 762 2761 Amphiarai
785 2691 920 2761 gratiam,
945 2709 1038 2747 sorore
1081 2693 1192 2763 riphyla
1210 2695 1356 2763 tamquam
1375 2695 1494 2766 pignore

218 2767 247 2819 in
261 2763 471 2820 matrimonium
485 2762 562 2830 data,
571 2761 710 2831 rediisset,
720 2779 829 2816 summa
842 2763 970 2833 potentia
985 2763 1058 2818 inter
1067 2764 1180 2819 Danaos
1194 2764 1289 2820 floruit
1299 2798 1330 2806 —
1343 2771 1385 2821 13.
1397 2774 1494 2837 φεῦγε,

217 2836 360 2904 exulabat,
380 2852 443 2888 eum
462 2834 558 2887 urbem
577 2833 651 2886 ludis
671 2833 832 2888 illustrandi
851 2833 999 2889 consilium
1013 2835 1088 2905 cepit
1103 2868 1135 2875 —
1152 2842 1192 2890 14.
1213 2836 1297 2890 οἴκων
1317 2835 1375 2891 art
1394 2836 1419 2891 ι’
1435 2837 1494 2907 Ἀρ-

218 2926 281 2978 γιος
294 2924 344 2977 pro
359 2908 415 2961 ἀπὸ
431 2905 515 2960 οίκιον
525 2903 632 2975 ΙἌργεος
645 2924 687 2958 τε·
704 2905 738 2960 ολ,
754 2905 783 2959 Ρ.
798 2925 819 2958 11
832 2922 858 2960 ss
875 2939 906 2946 -
924 2909 1036 2960 Ταλαοῦ
1051 2910 1161 2970 παῖδες·
1177 2908 1286 2961 Pronax
1301 2913 1329 2962 et
1342 2909 1493 2977 Adrastus;

218 2998 243 3033 v.
259 2979 360 3033 schol:
379 2976 542 3047 Μέναιχμος
556 2976 571 3030 δ
586 2978 740 3039 Σικυώνιος
754 2975 825 3031 οὕτω
839 2983 953 3047 γράφει·
973 2977 1075 3048 χρόνον
1093 2977 1282 3047 προελθόντος
1295 2984 1398 3034 πολλοῦ
1413 2982 1494 3049 Πρῶ-

219 3052 270 3116 ναξ
289 3050 340 3120 μὲν
359 3049 373 3103 ὁ
395 3053 507 3103 Ταλαοῦ
526 3049 572 3102 καλ
592 3047 752 3118 Λυσιμάχης
769 3056 818 3118 τῆς
837 3049 967 3121 Πολύβου
991 3050 1143 3122 βασιλεύων
1164 3047 1290 3120 'Apyrina
1315 3051 1495 3120 ἀποθνήσκει

218 3122 471 3183 καταστασιασθεὶς
489 3120 545 3174 ὑπὸ
561 3118 731 3188 Ἀμφιαράου
746 3121 792 3173 καλ
807 3129 863 3174 τῶν
878 3123 1104 3190 Μελαμποδιδῶν
1121 3122 1167 3174 ιιαλ
1187 3130 1242 3175 τῶν
1257 3121 1493 3192 Ἀναξαγοριδῶν·

214 3192 360 3261 Ἄδραστος
379 3191 410 3246 δὲ
426 3191 440 3245 δ
455 3190 578 3261 ἁδελφὸς
595 3199 644 3244 τοῦ
659 3193 828 3258 Πρώνακτος
846 3193 944 3261 φυγὼν
962 3186 1050 3260 ἦλθεν
1069 3192 1109 3254 εἰς
1127 3195 1266 3247 Σικυῶνα.
1295 3193 1392 3247 Plures
1411 3194 1495 3250 Talai

220 3264 291 3318 lilios
310 3266 510 3319 commemorat
528 3262 714 3332 Apollodorus
733 3282 742 3314 1
761 3280 782 3327 s,
803 3280 839 3317 ra:
862 3266 973 3316 Ταλαοῦ
993 3265 1039 3316 καὶ
1055 3263 1215 3334 Λυσιμάχης
1234 3272 1282 3333 της
1294 3262 1427 3337 Ἄβαντος
1444 3275 1496 3321 τοῦ

219 3335 408 3405 Μελάμποδος
426 3333 572 3403 ’Ἄδραστος
590 3336 810 3401 Παρθενοπαῖος
828 3336 948 3401 Πρῶναξ
971 3336 1131 3402 Μηκιστεὺς
1152 3333 1341 3406 Ἀριστόμαχος
1356 3333 1495 3408 Ἐριφύλη

219 3413 259 3462 15,
285 3406 406 3473 κρέσσων
422 3449 427 3458 .
445 3450 449 3460 .
467 3450 471 3457 .
487 3405 572 3472 ἀνήρ·
597 3403 723 3474 generali
742 3405 882 3458 sententia
900 3408 984 3474 poeta
1002 3405 1111 3459 ethicus
1129 3406 1251 3475 priorem
1270 3410 1379 3476 partem
1398 3425 1496 3463 narra·

219 3478 304 3532 tionis
327 3477 435 3531 claudit
453 3508 486 3516 —
507 3482 540 3528 ld
556 3494 591 3530 ss.
616 3492 688 3543 quae
713 3476 747 3529 de
767 3476 834 3546 fuga
853 3477 967 3529 Adrasti
990 3479 1074 3546 poeta
1094 3495 1137 3532 vv.
1154 3494 1232 3532 ιι-ιι
1250 3478 1373 3544 rettulit,
1399 3496 1434 3534 ea
1458 3481 1494 3535 ad

219 3549 300 3603 ludos
320 3547 463 3616 Sicyonios
483 3550 512 3601 et
530 3550 725 3616 argumentum
743 3546 857 3616 epinicii
872 3547 977 3617 optime
992 3548 1145 3616 quadrant:
1164 3566 1237 3617 quae
1252 3553 1346 3604 autem
1360 3550 1495 3622 deinceps

218 3640 261 3674 vv.
278 3636 354 3674 ιιι-ιι
380 3619 415 3672 de
440 3618 618 3688 expeditione
642 3619 679 3671 ab
702 3619 823 3672 Adrasto
849 3622 947 3673 contra
972 3619 1082 3674 Thebas
1109 3620 1206 3674 invitis
1231 3620 1286 3674 diis
1312 3628 1443 3692 suscepto
1467 3628 1497 3678 et

221 3691 384 3761 Amphiarai
403 3689 518 3743 interitu
538 3693 635 3742 narrat
649 3707 712 3742 cum
727 3690 763 3743 ad
777 3690 859 3743 ludos
874 3690 1019 3758 Sicyonios
1034 3708 1211 3759 nequaquam
1226 3692 1395 3761 pertineant,
1409 3711 1495 3763 quae-

219 3764 289 3816 ritur
311 3761 495 3816 fabulandine
519 3777 612 3815 amore
635 3764 720 3830 poeta
743 3762 780 3814 ad
803 3778 847 3815 res
873 3779 934 3815 cum
954 3762 1022 3831 fuga
1041 3762 1154 3816 Adrasti
1174 3764 1354 3818 cohaerentes
1374 3764 1495 3833 delatus,

219 3852 255 3887 an
279 3836 355 3887 certo
379 3833 501 3901 quodam
525 3832 641 3886 consilio
665 3832 802 3886 deductus
827 3832 872 3886 sit.
910 3834 1001 3901 Atque
1021 3833 1177 3888 Boeckhius
1201 3834 1314 3902 quidem
1334 3835 1496 3891 Chrominm

220 3906 247 3958 in
267 3904 460 3973 Thrasydaeo,
484 3903 542 3957 h'lio
562 3903 710 3971 Theronis,
735 3904 907 3958 devincendo
933 3904 1045 3958 Hieroni
1069 3922 1182 3987 operam
1208 3905 1382 3974 praestitisse
1409 3911 1495 3978 atque

219 3976 291 4029 hanc.
310 3976 345 4029 de
363 3975 544 4043 'l'hrasydaeo
563 3974 709 4029 victoriam
729 3992 746 4027 a
765 3979 849 4045 pocta
867 3976 919 4029 hoc
940 3975 1000 4030 loco
1020 3975 1170 4047 sigmficari
1190 3977 1349 4058 suspicatus
1369 3982 1420 4034 est.
1458 3981 1497 4033 At

220 4048 279 4117 ipse
299 4047 384 4100 ctiam
404 4047 444 4099 sic
464 4046 652 4100 narrationem
671 4047 707 4101 de
724 4045 895 4116 Amphiarao
915 4050 944 4100 et
962 4048 1084 4102 Adrasto
1104 4064 1121 4100 a
1139 4048 1222 4101 rebus
1241 4067 1270 4101 1n
1289 4048 1387 4103 Sicilia
1406 4051 1496 4121 gestis

219 4118 346 4173 nonnihil
367 4118 525 4187 discrepare
544 4117 685 4184 concedit,
705 4135 759 4185 quo
775 4135 838 4171 cum
856 4118 982 4186 accedat,
1001 4119 1077 4187 quod
1092 4136 1164 4186 quae
1179 4119 1213 4172 de
1229 4119 1357 4174 Chromio
1372 4120 1496 4192 Thrasy·

219 4191 319 4244 dueum
352 4189 517 4243 devincente
544 4189 587 4242 vir
615 4189 856 4258 ingeniosissimus
884 4192 993 4257 narrat,
1026 4190 1187 4244 testimonio
1216 4191 1381 4260 scriptorum
1411 4193 1495 4264 plane

219 4264 324 4328 carent,
343 4261 380 4314 ad
399 4259 546 4313 fabulandi
566 4277 618 4330 ego
637 4276 760 4313 amorem
779 4261 928 4342 confugere
943 4261 1027 4329 malo,
1047 4262 1087 4314 ita
1102 4265 1198 4316 tamen
1214 4264 1246 4313 at
1259 4265 1381 4331 poetam,
1396 4282 1495 4333 quam·

219 4333 261 4386 vis
281 4335 442 4401 praesentes
458 4331 598 4385 tumultus
617 4331 741 4402 imagine
760 4332 876 4401 mythicr
895 4332 964 4386 belli
983 4333 1137 4402 exprimere
1152 4333 1282 4402 uoluerit,
1296 4338 1392 4388 tamen
1407 4336 1496 4390 homi·

218 4422 267 4457 nes
279 4422 296 4457 a
305 4402 380 4457 hello
391 4406 488 4457 contra
503 4404 617 4456 deorum
627 4402 802 4457 voluntatem
815 4403 901 4473 impie
917 4404 1093 4474 suscipiendo
1107 4405 1246 4459 deterrere
1256 4404 1378 4461 voluisse
1393 4407 1496 4462 ducam

219 4510 224 4515 ·
241 4509 252 4515 --
265 4480 297 4528 18
312 4494 352 4544 sq.
372 4475 468 4528 αἰσιᾶν
487 4475 519 4528 οὐ
539 4473 602 4528 κατ’
619 4471 737 4544 ὀρνίχων
755 4473 834 4529 ὁδόν
854 4476 915 4529 fuse
930 4475 999 4528 haec
1013 4479 1110 4528 narrat
1125 4476 1231 4530 Statius
1247 4477 1334 4532 Theb.
1349 4496 1380 4530 ιιι
1394 4496 1436 4534 saa
1451 4497 1496 4546 aa,

219 4546 341 4601 breviter
364 4545 516 4600 adumbrat
534 4545 720 4613 Apollodorus
739 4566 770 4598 ιιι
788 4563 826 4611 ιιις
851 4546 972 4615 denique
996 4547 1155 4616 interpretis
1181 4548 1271 4602 instar
1296 4551 1339 4602 est
1361 4550 1495 4620 Aeschyli

221 4617 439 4689 Agamemnonis
453 4617 584 4686 parodus,
599 4633 671 4684 quac
691 4620 719 4670 et
738 4618 800 4687 ipsa
816 4636 850 4671 ex
864 4618 987 4671 carmine
1001 4622 1094 4671 vet-ere
1109 4618 1243 4673 Thebano
1258 4635 1390 4689 expressa
1404 4625 1449 4676 eet
1461 4652 1496 4662 -

220 4697 260 4742 la.
281 4689 344 4743 οὐδ’
361 4687 534 4756 desecanda·
554 4704 643 4755 neque
659 4688 775 4743 l'ulmine
791 4690 913 4743 secunda
928 4708 960 4742 ex
975 4692 1055 4773 parte
1075 4689 1159 4742 misso
1179 4690 1284 4760 Iupiter·
1303 4691 1428 4746 faustum
1447 4710 1494 4747 au·

220 4761 330 4829 gurium
345 4760 474 4815 ediderat
489 4792 520 4800 -
537 4766 577 4813 21.
598 4758 831 4830 passaginos...
848 4761 931 4815 άιαν·
952 4762 986 4814 cl.
1001 4760 1104 4814 Arclril.
1121 4763 1153 4814 li·¹
1169 4782 1194 4817 aa
1214 4761 1388 4833 φαινόμενον
1407 4764 1496 4819 κακὸν

222 4831 314 4886 οἴκαδ’
336 4832 465 4902 άγεοθιιι,
485 4831 585 4887 Herod.
601 4850 619 4884 n
637 4848 672 4886 rar
694 4831 860 4903 ἀποπέμψαι
881 4832 908 4896 ἐς
927 4829 1100 4902 φαινόμενον
1119 4831 1208 4888 κακόν
1227 4866 1259 4873 -
