<?xml version="1.0" encoding="UTF-8"?>
<!DOCTYPE html PUBLIC "-//W3C//DTD XHTML 1.0 Transitional//EN"
    "http://www.w3.org/TR/xhtml1/DTD/xhtml1-transitional.dtd">
<html xmlns="http://www.w3.org/1999/xhtml" xml:lang="en" lang="en">
 <head>
  <title>
</title>
<meta http-equiv="Content-Type" content="text/html;charset=utf-8" />
  <meta name='ocr-system' content='tesseract 3.04.00' />
  <meta name='ocr-capabilities' content='ocr_page ocr_carea ocr_par ocr_line ocrx_word'/>
</head>
<body>
  <div class='ocr_page' id='page_1' title='image "./pindaricarminap00chrigoog_0419.png"; bbox 0 0 3442 5550; ppageno 0'>
   <div class='ocr_carea' id='block_1_1' title="bbox 311 361 1115 427">
    <p class='ocr_par' dir='ltr' id='par_1_1' title="bbox 311 361 1115 427">
     <span class='ocr_line' id='line_1_1' title="bbox 311 361 1115 427; baseline -0.01 -2"><span class='ocrx_word' id='word_1_1' title='bbox 311 361 377 427; x_wconf 79' lang='lat'><strong>270</strong></span> <span class='ocrx_word' id='word_1_2' title='bbox 781 365 930 416; x_wconf 76' lang='lat' dir='ltr'>PINDARI</span> <span class='ocrx_word' id='word_1_3' title='bbox 949 364 1115 417; x_wconf 72' lang='lat' dir='ltr'><strong>senescis.</strong></span> 
     </span>
    </p>
   </div>
   <div class='ocr_carea' id='block_1_2' title="bbox 310 529 1588 878">
    <p class='ocr_par' dir='ltr' id='par_1_2' title="bbox 310 529 1588 878">
     <span class='ocr_line' id='line_1_2' title="bbox 310 529 1588 611; baseline -0.001 -20"><span class='ocrx_word' id='word_1_4' title='bbox 310 533 422 592; x_wconf 81' lang='lat' dir='ltr'><strong>dicium</strong></span> <span class='ocrx_word' id='word_1_5' title='bbox 444 536 556 611; x_wconf 76' lang='lat' dir='ltr'><strong>exstat,</strong></span> <span class='ocrx_word' id='word_1_6' title='bbox 579 533 670 592; x_wconf 91' lang='lat' dir='ltr'><strong>immo</strong></span> <span class='ocrx_word' id='word_1_7' title='bbox 695 531 917 609; x_wconf 90' lang='lat' dir='ltr'><strong>comparatione</strong></span> <span class='ocrx_word' id='word_1_8' title='bbox 943 551 1011 592; x_wconf 94' lang='lat' dir='ltr'><strong>cum</strong></span> <span class='ocrx_word' id='word_1_9' title='bbox 1036 531 1125 592; x_wconf 90' lang='lat' dir='ltr'><strong>choro</strong></span> <span class='ocrx_word' id='word_1_10' title='bbox 1151 531 1319 609; x_wconf 75' lang='lat' dir='ltr'><strong>Musarum,</strong></span> <span class='ocrx_word' id='word_1_11' title='bbox 1342 530 1375 589; x_wconf 93' lang='lat' dir='ltr'><strong>in</strong></span> <span class='ocrx_word' id='word_1_12' title='bbox 1400 549 1460 608; x_wconf 92' lang='lat' dir='ltr'><strong>quo</strong></span> <span class='ocrx_word' id='word_1_13' title='bbox 1486 529 1588 591; x_wconf 90' lang='lat' dir='ltr'><strong>medio</strong></span> 
     </span>
     <span class='ocr_line' id='line_1_3' title="bbox 310 619 1588 699; baseline -0.002 -19"><span class='ocrx_word' id='word_1_14' title='bbox 310 623 418 699; x_wconf 82' lang='lat' dir='ltr'>Apollo</span> <span class='ocrx_word' id='word_1_15' title='bbox 438 622 511 682; x_wconf 90' lang='lat' dir='ltr'><strong>deus</strong></span> <span class='ocrx_word' id='word_1_16' title='bbox 534 625 617 681; x_wconf 89' lang='lat' dir='ltr'><strong>stans</strong></span> <span class='ocrx_word' id='word_1_17' title='bbox 635 622 783 681; x_wconf 86' lang='lat' dir='ltr'><strong>citharam</strong></span> <span class='ocrx_word' id='word_1_18' title='bbox 800 622 914 697; x_wconf 89' lang='lat' dir='ltr'><strong>plectro</strong></span> <span class='ocrx_word' id='word_1_19' title='bbox 933 623 1043 699; x_wconf 86' lang='lat' dir='ltr'><strong>pulsat,</strong></span> <span class='ocrx_word' id='word_1_20' title='bbox 1062 620 1196 681; x_wconf 88' lang='lat' dir='ltr'><strong>versibus</strong></span> <span class='ocrx_word' id='word_1_21' title='bbox 1216 632 1329 679; x_wconf 76' lang='lat' dir='ltr'><strong>‘ra-24</strong></span> <span class='ocrx_word' id='word_1_22' title='bbox 1349 620 1489 680; x_wconf 88' lang='lat' dir='ltr'><strong>instituta</strong></span> <span class='ocrx_word' id='word_1_23' title='bbox 1508 619 1588 680; x_wconf 86' lang='lat' dir='ltr'><strong>effici</strong></span> 
     </span>
     <span class='ocr_line' id='line_1_4' title="bbox 310 709 1588 787; baseline -0.002 -16"><span class='ocrx_word' id='word_1_24' title='bbox 310 711 430 771; x_wconf 83' lang='lat' dir='ltr'><strong>videtur</strong></span> <span class='ocrx_word' id='word_1_25' title='bbox 451 712 482 770; x_wconf 93' lang='lat' dir='ltr'><strong>in</strong></span> <span class='ocrx_word' id='word_1_26' title='bbox 505 711 561 771; x_wconf 93' lang='lat' dir='ltr'><strong>hoc</strong></span> <span class='ocrx_word' id='word_1_27' title='bbox 589 730 708 787; x_wconf 89' lang='lat' dir='ltr'><strong>quoque</strong></span> <span class='ocrx_word' id='word_1_28' title='bbox 736 710 866 770; x_wconf 82' lang='lat' dir='ltr'><strong>carmine</strong></span> <span class='ocrx_word' id='word_1_29' title='bbox 894 711 983 770; x_wconf 91' lang='lat' dir='ltr'><strong>choro</strong></span> <span class='ocrx_word' id='word_1_30' title='bbox 1011 710 1130 770; x_wconf 81' lang='lat' dir='ltr'><strong>canenti</strong></span> <span class='ocrx_word' id='word_1_31' title='bbox 1157 713 1278 786; x_wconf 90' lang='lat' dir='ltr'><strong>poetam</strong></span> <span class='ocrx_word' id='word_1_32' title='bbox 1301 709 1409 768; x_wconf 90' lang='lat' dir='ltr'><strong>fidibus</strong></span> <span class='ocrx_word' id='word_1_33' title='bbox 1431 709 1476 769; x_wconf 87' lang='lat' dir='ltr'><strong>ita</strong></span> <span class='ocrx_word' id='word_1_34' title='bbox 1498 728 1588 785; x_wconf 89' lang='lat' dir='ltr'><strong>prae-</strong></span> 
     </span>
     <span class='ocr_line' id='line_1_5' title="bbox 312 799 1353 878; baseline -0.003 -18"><span class='ocrx_word' id='word_1_35' title='bbox 312 801 448 878; x_wconf 89' lang='lat' dir='ltr'><strong>cinuisse,</strong></span> <span class='ocrx_word' id='word_1_36' title='bbox 471 803 506 859; x_wconf 91' lang='lat' dir='ltr'><strong>ut</strong></span> <span class='ocrx_word' id='word_1_37' title='bbox 528 820 589 861; x_wconf 93' lang='lat' dir='ltr'><strong>uno</strong></span> <span class='ocrx_word' id='word_1_38' title='bbox 612 800 678 860; x_wconf 88' lang='lat' dir='ltr'><strong>loco</strong></span> <span class='ocrx_word' id='word_1_39' title='bbox 701 799 777 858; x_wconf 88' lang='lat' dir='ltr'><strong>fixus</strong></span> <span class='ocrx_word' id='word_1_40' title='bbox 800 803 935 859; x_wconf 90' lang='lat' dir='ltr'><strong>maneret</strong></span> <span class='ocrx_word' id='word_1_41' title='bbox 958 819 1054 877; x_wconf 90' lang='lat' dir='ltr'><strong>neque</strong></span> <span class='ocrx_word' id='word_1_42' title='bbox 1077 800 1199 859; x_wconf 77' lang='lat' dir='ltr'><strong>choreas</strong></span> <span class='ocrx_word' id='word_1_43' title='bbox 1223 799 1353 859; x_wconf 90' lang='lat' dir='ltr'><strong>duceret.</strong></span> 
     </span>
    </p>
   </div>
   <div class='ocr_carea' id='block_1_3' title="bbox 329 950 1588 1681">
    <p class='ocr_par' dir='ltr' id='par_1_3' title="bbox 364 950 1588 1255">
     <span class='ocr_line' id='line_1_6' title="bbox 366 950 1532 1040; baseline -0.002 -20"><span class='ocrx_word' id='word_1_44' title='bbox 366 955 436 1020; x_wconf 84' lang='grc' dir='ltr'><strong>Οὐκ</strong></span> <span class='ocrx_word' id='word_1_45' title='bbox 460 954 735 1040; x_wconf 82' lang='grc' dir='ltr'><strong><em>ἀνδριαντοποιός</em></strong></span> <span class='ocrx_word' id='word_1_46' title='bbox 758 953 834 1038; x_wconf 82' lang='grc' dir='ltr'><strong><em>εἰμ’,</em></strong></span> <span class='ocrx_word' id='word_1_47' title='bbox 1389 959 1469 1039; x_wconf 90' lang='grc' dir='ltr'><strong><em>Στρ.</em></strong></span> <span class='ocrx_word' id='word_1_48' title='bbox 1489 950 1532 1018; x_wconf 86' lang='grc' dir='ltr'><strong><em>α’.</em></strong></span> 
     </span>
     <span class='ocr_line' id='line_1_7' title="bbox 411 1059 1525 1148; baseline -0.002 -22"><span class='ocrx_word' id='word_1_49' title='bbox 411 1060 487 1126; x_wconf 81' lang='grc' dir='ltr'><strong><em>ὥστ’</em></strong></span> <span class='ocrx_word' id='word_1_50' title='bbox 516 1062 710 1127; x_wconf 79' lang='grc' dir='ltr'><strong><em>ἐλινύσοντα</em></strong></span> <span class='ocrx_word' id='word_1_51' title='bbox 732 1062 950 1148; x_wconf 73' lang='grc' dir='ltr'><strong><em>ίεργάζεσθαι</em></strong></span> <span class='ocrx_word' id='word_1_52' title='bbox 974 1060 1129 1147; x_wconf 80' lang='grc' dir='ltr'><strong><em>ἀγάλματ’</em></strong></span> <span class='ocrx_word' id='word_1_53' title='bbox 1159 1059 1209 1126; x_wconf 85' lang='grc' dir='ltr'><strong><em>ἐπ’</em></strong></span> <span class='ocrx_word' id='word_1_54' title='bbox 1235 1061 1336 1138; x_wconf 86' lang='grc' dir='ltr'><strong><em>αὐτᾶς</em></strong></span> <span class='ocrx_word' id='word_1_55' title='bbox 1358 1062 1525 1145; x_wconf 73' lang='grc' dir='ltr'><em>βαθμίδος</em></span> 
     </span>
     <span class='ocr_line' id='line_1_8' title="bbox 364 1166 1588 1255; baseline -0.003 -21"><span class='ocrx_word' id='word_1_56' title='bbox 364 1167 505 1234; x_wconf 80' lang='grc' dir='ltr'><strong><em>ἑσταότ’·</em></strong></span> <span class='ocrx_word' id='word_1_57' title='bbox 529 1167 600 1235; x_wconf 82' lang='grc' dir='ltr'><strong><em>ἀλλ’</em></strong></span> <span class='ocrx_word' id='word_1_58' title='bbox 628 1168 681 1235; x_wconf 85' lang='grc' dir='ltr'><strong>ε’πί</strong></span> <span class='ocrx_word' id='word_1_59' title='bbox 704 1170 810 1247; x_wconf 81' lang='grc' dir='ltr'><strong><em>πάσας</em></strong></span> <span class='ocrx_word' id='word_1_60' title='bbox 833 1167 973 1245; x_wconf 76' lang='grc' dir='ltr'><strong><em>ὁλκάδος</em></strong></span> <span class='ocrx_word' id='word_1_61' title='bbox 996 1172 1033 1234; x_wconf 83' lang='grc' dir='ltr'><strong><em>ἔν</em></strong></span> <span class='ocrx_word' id='word_1_62' title='bbox 1055 1167 1082 1233; x_wconf 92' lang='grc' dir='ltr'><strong>τ’</strong></span> <span class='ocrx_word' id='word_1_63' title='bbox 1111 1167 1234 1255; x_wconf 80' lang='grc' dir='ltr'><strong><em>ἀκάτω,</em></strong></span> <span class='ocrx_word' id='word_1_64' title='bbox 1258 1166 1385 1251; x_wconf 82' lang='grc' dir='ltr'><strong><em>γλυκεῖ’</em></strong></span> <span class='ocrx_word' id='word_1_65' title='bbox 1412 1167 1524 1249; x_wconf 87' lang='grc' dir='ltr'><strong><em>άοιδά,</em></strong></span> <span class='ocrx_word' id='word_1_66' title='bbox 1571 1184 1588 1230; x_wconf 84' lang='grc' dir='ltr'><strong><em>ο</em></strong></span> 
     </span>
    </p>

    <p class='ocr_par' dir='ltr' id='par_1_4' title="bbox 329 1274 1588 1681">
     <span class='ocr_line' id='line_1_9' title="bbox 366 1274 1059 1362; baseline -0.003 -20"><span class='ocrx_word' id='word_1_67' title='bbox 366 1274 465 1362; x_wconf 82' lang='grc' dir='ltr'><strong><em>στεῖχ’</em></strong></span> <span class='ocrx_word' id='word_1_68' title='bbox 492 1274 548 1342; x_wconf 78' lang='grc' dir='ltr'><strong><em>ἀπ’</em></strong></span> <span class='ocrx_word' id='word_1_69' title='bbox 574 1280 729 1360; x_wconf 77' lang='grc' dir='ltr'><strong>Αἰγίνας,</strong></span> <span class='ocrx_word' id='word_1_70' title='bbox 753 1274 986 1359; x_wconf 79' lang='grc' dir='ltr'><strong><em>διαγγέλλοισ’,</em></strong></span> <span class='ocrx_word' id='word_1_71' title='bbox 1009 1276 1059 1341; x_wconf 85' lang='grc' dir='ltr'><strong>ὄτι</strong></span> 
     </span>
     <span class='ocr_line' id='line_1_10' title="bbox 365 1380 1036 1470; baseline -0.003 -22"><span class='ocrx_word' id='word_1_72' title='bbox 365 1385 551 1470; x_wconf 76' lang='grc' dir='ltr'><strong><em>Λάμπωνος</em></strong></span> <span class='ocrx_word' id='word_1_73' title='bbox 573 1385 646 1460; x_wconf 89' lang='grc' dir='ltr'><strong><em>υίὸς</em></strong></span> <span class='ocrx_word' id='word_1_74' title='bbox 669 1380 808 1459; x_wconf 77' lang='grc' dir='ltr'><em>Πυθέας</em></span> <span class='ocrx_word' id='word_1_75' title='bbox 830 1381 1036 1466; x_wconf 81' lang='grc' dir='ltr'><strong><em>εὐρυσθενὴς</em></strong></span> 
     </span>
     <span class='ocr_line' id='line_1_11' title="bbox 329 1487 1048 1574; baseline -0.001 -21"><span class='ocrx_word' id='word_1_76' title='bbox 329 1507 345 1553; x_wconf 82' lang='lat' dir='ltr'><strong>s</strong></span> <span class='ocrx_word' id='word_1_77' title='bbox 364 1493 439 1573; x_wconf 91' lang='grc' dir='ltr'><strong><em>νίκη</em></strong></span> <span class='ocrx_word' id='word_1_78' title='bbox 463 1493 619 1574; x_wconf 80' lang='grc' dir='ltr'><strong><em>Νεμείοις</em></strong></span> <span class='ocrx_word' id='word_1_79' title='bbox 641 1491 844 1573; x_wconf 78' lang='grc' dir='ltr'><strong><em>παγκρατίου</em></strong></span> <span class='ocrx_word' id='word_1_80' title='bbox 868 1487 1048 1571; x_wconf 78' lang='grc' dir='ltr'><strong><em>στέφανον,</em></strong></span> 
     </span>
     <span class='ocr_line' id='line_1_12' title="bbox 365 1592 1588 1681; baseline -0.001 -19"><span class='ocrx_word' id='word_1_81' title='bbox 365 1599 456 1662; x_wconf 81' lang='grc' dir='ltr'><strong><em>οὔπω</em></strong></span> <span class='ocrx_word' id='word_1_82' title='bbox 481 1596 597 1680; x_wconf 82' lang='grc' dir='ltr'><strong><em>γένυσι</em></strong></span> <span class='ocrx_word' id='word_1_83' title='bbox 620 1599 752 1680; x_wconf 84' lang='grc' dir='ltr'><strong><em>φαίνων</em></strong></span> <span class='ocrx_word' id='word_1_84' title='bbox 775 1594 924 1679; x_wconf 81' lang='grc' dir='ltr'><strong>τέρειναν</strong></span> <span class='ocrx_word' id='word_1_85' title='bbox 947 1592 1059 1679; x_wconf 88' lang='grc' dir='ltr'><strong><em>ματέρ’</em></strong></span> <span class='ocrx_word' id='word_1_86' title='bbox 1085 1595 1247 1672; x_wconf 76' lang='grc' dir='ltr'><strong><em>οἰνάνθας</em></strong></span> <span class='ocrx_word' id='word_1_87' title='bbox 1269 1596 1419 1681; x_wconf 88' lang='grc' dir='ltr'><strong><em>ὀπώραν,</em></strong></span> <span class='ocrx_word' id='word_1_88' title='bbox 1554 1614 1588 1661; x_wconf 89' lang='lat'><strong>10</strong></span> 
     </span>
    </p>
   </div>
   <div class='ocr_carea' id='block_1_4' title="bbox 358 1771 1589 2073">
    <p class='ocr_par' dir='ltr' id='par_1_5' title="bbox 358 1771 1589 2073">
     <span class='ocr_line' id='line_1_13' title="bbox 364 1771 1532 1860; baseline 0.001 -21"><span class='ocrx_word' id='word_1_89' title='bbox 364 1775 399 1841; x_wconf 84' lang='grc' dir='ltr'><strong>έκ</strong></span> <span class='ocrx_word' id='word_1_90' title='bbox 422 1773 458 1840; x_wconf 75' lang='grc' dir='ltr'><strong>δὲ</strong></span> <span class='ocrx_word' id='word_1_91' title='bbox 482 1777 616 1860; x_wconf 87' lang='grc' dir='ltr'><strong><em>Κρόνου</em></strong></span> <span class='ocrx_word' id='word_1_92' title='bbox 640 1772 694 1839; x_wconf 83' lang='grc' dir='ltr'><strong>καὶ</strong></span> <span class='ocrx_word' id='word_1_93' title='bbox 719 1775 827 1857; x_wconf 85' lang='grc' dir='ltr'><strong><em>Ζηνὸς</em></strong></span> <span class='ocrx_word' id='word_1_94' title='bbox 848 1774 885 1856; x_wconf 79' lang='grc' dir='ltr'><strong>ἥ·</strong></span> <span class='ocrx_word' id='word_1_95' title='bbox 1386 1771 1469 1840; x_wconf 81' lang='grc' dir='ltr'><strong><em>Ἀυτ.</em></strong></span> <span class='ocrx_word' id='word_1_96' title='bbox 1488 1773 1532 1840; x_wconf 87' lang='grc' dir='ltr'><strong>α’.</strong></span> 
     </span>
     <span class='ocr_line' id='line_1_14' title="bbox 409 1877 1466 1968; baseline 0 -21"><span class='ocrx_word' id='word_1_97' title='bbox 409 1906 497 1968; x_wconf 89' lang='grc' dir='ltr'><strong><em>ρωας</em></strong></span> <span class='ocrx_word' id='word_1_98' title='bbox 519 1882 678 1966; x_wconf 77' lang='grc' dir='ltr'><strong><em>αἰχματὰς</em></strong></span> <span class='ocrx_word' id='word_1_99' title='bbox 700 1879 929 1964; x_wconf 79' lang='grc' dir='ltr'><strong><em>φυτευθέντας</em></strong></span> <span class='ocrx_word' id='word_1_100' title='bbox 951 1877 1005 1944; x_wconf 85' lang='grc' dir='ltr'><strong><em>καί</em></strong></span> <span class='ocrx_word' id='word_1_101' title='bbox 1029 1879 1093 1944; x_wconf 90' lang='grc' dir='ltr'><strong><em>άπὸ</em></strong></span> <span class='ocrx_word' id='word_1_102' title='bbox 1116 1890 1259 1965; x_wconf 83' lang='grc' dir='ltr'><strong><em>χρυσεᾶν</em></strong></span> <span class='ocrx_word' id='word_1_103' title='bbox 1283 1882 1466 1965; x_wconf 86' lang='grc' dir='ltr'><strong><em>Νηρηίδων</em></strong></span> 
     </span>
     <span class='ocr_line' id='line_1_15' title="bbox 358 1986 1589 2073; baseline -0.002 -19"><span class='ocrx_word' id='word_1_104' title='bbox 358 1990 520 2065; x_wconf 88' lang='grc' dir='ltr'><strong><em>Αἰακίδας</em></strong></span> <span class='ocrx_word' id='word_1_105' title='bbox 543 1987 698 2073; x_wconf 83' lang='grc' dir='ltr'><strong><em>έγέραρεν</em></strong></span> <span class='ocrx_word' id='word_1_106' title='bbox 720 1990 923 2073; x_wconf 89' lang='grc' dir='ltr'><strong><em>ματρόπολίν</em></strong></span> <span class='ocrx_word' id='word_1_107' title='bbox 946 2010 995 2068; x_wconf 84' lang='grc' dir='ltr'><strong>τε,</strong></span> <span class='ocrx_word' id='word_1_108' title='bbox 1018 1990 1122 2069; x_wconf 86' lang='grc' dir='ltr'><strong><em>φίλαν</em></strong></span> <span class='ocrx_word' id='word_1_109' title='bbox 1145 1986 1248 2064; x_wconf 80' lang='grc' dir='ltr'><strong><em>ξένων</em></strong></span> <span class='ocrx_word' id='word_1_110' title='bbox 1271 1988 1432 2072; x_wconf 79' lang='grc' dir='ltr'><strong><em>ἄρουραν·</em></strong></span> <span class='ocrx_word' id='word_1_111' title='bbox 1555 2005 1589 2052; x_wconf 80' lang='grc' dir='ltr'><strong>ιο</strong></span> 
     </span>
    </p>
   </div>
   <div class='ocr_carea' id='block_1_5' title="bbox 311 2178 1590 2467">
    <p class='ocr_par' dir='ltr' id='par_1_6' title="bbox 311 2178 1590 2467">
     <span class='ocr_line' id='line_1_16' title="bbox 381 2178 1585 2254; baseline 0 -18"><span class='ocrx_word' id='word_1_112' title='bbox 381 2201 462 2236; x_wconf 73' lang='lat' dir='ltr'><strong>vaura</strong></span> <span class='ocrx_word' id='word_1_113' title='bbox 480 2201 584 2237; x_wconf 72' lang='lat' dir='ltr'><strong>aromo.</strong></span> <span class='ocrx_word' id='word_1_114' title='bbox 621 2182 704 2236; x_wconf 81' lang='lat' dir='ltr'><strong>Inscr.</strong></span> <span class='ocrx_word' id='word_1_115' title='bbox 725 2179 827 2254; x_wconf 82' lang='grc' dir='ltr'><strong><em>Πυθέᾳ</em></strong></span> <span class='ocrx_word' id='word_1_116' title='bbox 845 2181 928 2234; x_wconf 80' lang='grc' dir='ltr'><strong><em>παιδὶ</em></strong></span> <span class='ocrx_word' id='word_1_117' title='bbox 946 2179 1019 2250; x_wconf 77' lang='lat' dir='ltr'><strong>(fort.</strong></span> <span class='ocrx_word' id='word_1_118' title='bbox 1039 2178 1197 2250; x_wconf 83' lang='grc' dir='ltr'><strong><em>Λάμπωνος</em></strong></span> <span class='ocrx_word' id='word_1_119' title='bbox 1214 2183 1306 2250; x_wconf 78' lang='grc' dir='ltr'><strong><em>παιδί)</em></strong></span> <span class='ocrx_word' id='word_1_120' title='bbox 1326 2180 1457 2253; x_wconf 70' lang='grc' dir='ltr'><strong><em>Αἰγινήτῃ</em></strong></span> <span class='ocrx_word' id='word_1_121' title='bbox 1476 2181 1535 2250; x_wconf 82' lang='grc' dir='ltr'><strong>ώδή</strong></span> <span class='ocrx_word' id='word_1_122' title='bbox 1555 2181 1585 2236; x_wconf 84' lang='grc' dir='ltr'><strong>ε’</strong></span> 
     </span>
     <span class='ocr_line' id='line_1_17' title="bbox 312 2251 1588 2324; baseline -0.002 -15"><span class='ocrx_word' id='word_1_123' title='bbox 312 2257 349 2321; x_wconf 90' lang='grc' dir='ltr'><strong>Β,</strong></span> <span class='ocrx_word' id='word_1_124' title='bbox 368 2254 470 2309; x_wconf 80' lang='grc' dir='ltr'><strong><em>Πυθέα</em></strong></span> <span class='ocrx_word' id='word_1_125' title='bbox 488 2254 539 2308; x_wconf 82' lang='grc' dir='ltr'><strong>υἱώ</strong></span> <span class='ocrx_word' id='word_1_126' title='bbox 558 2252 715 2323; x_wconf 78' lang='grc' dir='ltr'><strong><em>Λάμπωνος</em></strong></span> <span class='ocrx_word' id='word_1_127' title='bbox 732 2259 942 2323; x_wconf 78' lang='grc' dir='ltr'><strong><em>παγκρατιαστῇ</em></strong></span> <span class='ocrx_word' id='word_1_128' title='bbox 957 2252 987 2306; x_wconf 89' lang='lat' dir='ltr'><strong><em>D</em></strong></span> <span class='ocrx_word' id='word_1_129' title='bbox 1006 2284 1039 2291; x_wconf 98' lang='lat'>—</span> <span class='ocrx_word' id='word_1_130' title='bbox 1055 2260 1077 2306; x_wconf 90' lang='lat'><strong>1.</strong></span> <span class='ocrx_word' id='word_1_131' title='bbox 1101 2251 1217 2306; x_wconf 79' lang='grc' dir='ltr'><strong><em>ἰλινύοο.</em></strong></span> <span class='ocrx_word' id='word_1_132' title='bbox 1234 2253 1263 2306; x_wconf 92' lang='lat' dir='ltr'><em>D</em></span> <span class='ocrx_word' id='word_1_133' title='bbox 1277 2285 1309 2291; x_wconf 96' lang='lat'>-</span> <span class='ocrx_word' id='word_1_134' title='bbox 1325 2260 1349 2307; x_wconf 74' lang='lat'><strong>2.</strong></span> <span class='ocrx_word' id='word_1_135' title='bbox 1371 2252 1402 2306; x_wconf 91' lang='lat' dir='ltr'><strong>in</strong></span> <span class='ocrx_word' id='word_1_136' title='bbox 1414 2270 1503 2324; x_wconf 88' lang='lat' dir='ltr'><strong>marg.</strong></span> <span class='ocrx_word' id='word_1_137' title='bbox 1519 2252 1588 2307; x_wconf 85' lang='lat' dir='ltr'><strong>add.</strong></span> 
     </span>
     <span class='ocr_line' id='line_1_18' title="bbox 311 2309 1587 2396; baseline -0.002 -16"><span class='ocrx_word' id='word_1_138' title='bbox 311 2326 341 2380; x_wconf 92' lang='lat' dir='ltr'><strong><em>D</em></strong></span> <span class='ocrx_word' id='word_1_139' title='bbox 360 2359 393 2365; x_wconf 98' lang='lat'><strong>—</strong></span> <span class='ocrx_word' id='word_1_140' title='bbox 411 2310 504 2389; x_wconf 80' lang='grc' dir='ltr'><strong><em>πάσας</em></strong></span> <span class='ocrx_word' id='word_1_141' title='bbox 522 2309 618 2380; x_wconf 69' lang='lat' dir='ltr'><strong>Trici:</strong></span> <span class='ocrx_word' id='word_1_142' title='bbox 641 2323 733 2393; x_wconf 81' lang='grc' dir='ltr'><strong><em>πάσης</em></strong></span> <span class='ocrx_word' id='word_1_143' title='bbox 755 2324 822 2378; x_wconf 89' lang='lat' dir='ltr'><strong>BD</strong></span> <span class='ocrx_word' id='word_1_144' title='bbox 841 2356 874 2363; x_wconf 96' lang='lat'><em>-</em></span> <span class='ocrx_word' id='word_1_145' title='bbox 894 2329 918 2378; x_wconf 81' lang='lat' dir='ltr'><strong>b.</strong></span> <span class='ocrx_word' id='word_1_146' title='bbox 943 2321 1006 2392; x_wconf 81' lang='grc' dir='ltr'><strong><em>νίκη</em></strong></span> <span class='ocrx_word' id='word_1_147' title='bbox 1030 2323 1139 2392; x_wconf 80' lang='lat' dir='ltr'><strong>lleyne:</strong></span> <span class='ocrx_word' id='word_1_148' title='bbox 1162 2331 1227 2393; x_wconf 77' lang='grc' dir='ltr'><strong><em>νικη</em></strong></span> <span class='ocrx_word' id='word_1_149' title='bbox 1250 2324 1278 2378; x_wconf 88' lang='grc' dir='ltr'><em>Β</em></span> <span class='ocrx_word' id='word_1_150' title='bbox 1288 2324 1326 2392; x_wconf 91' lang='lat' dir='ltr'><strong>D,</strong></span> <span class='ocrx_word' id='word_1_151' title='bbox 1351 2332 1416 2396; x_wconf 79' lang='grc' dir='ltr'><strong><em>νιιιῇ</em></strong></span> <span class='ocrx_word' id='word_1_152' title='bbox 1440 2322 1534 2396; x_wconf 80' lang='lat' dir='ltr'>Bergk</span> <span class='ocrx_word' id='word_1_153' title='bbox 1552 2356 1587 2365; x_wconf 89' lang='lat'><em>-</em></span> 
     </span>
     <span class='ocr_line' id='line_1_19' title="bbox 312 2393 1590 2467; baseline -0.002 -15"><span class='ocrx_word' id='word_1_154' title='bbox 312 2405 336 2452; x_wconf 87' lang='grc'><strong>6.</strong></span> <span class='ocrx_word' id='word_1_155' title='bbox 356 2395 434 2467; x_wconf 82' lang='grc' dir='ltr'><strong><em>γένυι</em></strong></span> <span class='ocrx_word' id='word_1_156' title='bbox 452 2397 523 2452; x_wconf 81' lang='lat' dir='ltr'><strong>coni.</strong></span> <span class='ocrx_word' id='word_1_157' title='bbox 542 2396 685 2450; x_wconf 83' lang='lat' dir='ltr'><strong>Hermann</strong></span> <span class='ocrx_word' id='word_1_158' title='bbox 709 2427 741 2435; x_wconf 91' lang='lat'>-</span> <span class='ocrx_word' id='word_1_159' title='bbox 767 2393 909 2449; x_wconf 77' lang='grc' dir='ltr'><strong><em>οἰνάνθαν</em></strong></span> <span class='ocrx_word' id='word_1_160' title='bbox 932 2394 1044 2463; x_wconf 81' lang='grc' dir='ltr'><strong><em>ὀπώρας</em></strong></span> <span class='ocrx_word' id='word_1_161' title='bbox 1067 2394 1138 2449; x_wconf 81' lang='lat' dir='ltr'><strong>coni.</strong></span> <span class='ocrx_word' id='word_1_162' title='bbox 1158 2394 1243 2448; x_wconf 86' lang='lat' dir='ltr'><strong>Pauw</strong></span> <span class='ocrx_word' id='word_1_163' title='bbox 1261 2426 1296 2435; x_wconf 93' lang='lat'><em>-</em></span> <span class='ocrx_word' id='word_1_164' title='bbox 1316 2400 1339 2449; x_wconf 79' lang='lat'><strong>7.</strong></span> <span class='ocrx_word' id='word_1_165' title='bbox 1363 2395 1501 2464; x_wconf 78' lang='grc' dir='ltr'><strong><em>νηρελδων</em></strong></span> <span class='ocrx_word' id='word_1_166' title='bbox 1520 2396 1590 2451; x_wconf 86' lang='lat' dir='ltr'><strong>BD</strong></span> 
     </span>
    </p>
   </div>
   <div class='ocr_carea' id='block_1_6' title="bbox 151 2464 977 2539">
    <p class='ocr_par' dir='ltr' id='par_1_7' title="bbox 151 2464 977 2539">
     <span class='ocr_line' id='line_1_20' title="bbox 151 2464 977 2539; baseline -0.01 -13"><span class='ocrx_word' id='word_1_167' title='bbox 151 2518 156 2526; x_wconf 91' lang='lat'><em>.</em></span> <span class='ocrx_word' id='word_1_168' title='bbox 196 2509 204 2527; x_wconf 84' lang='lat'><em>.</em></span> <span class='ocrx_word' id='word_1_169' title='bbox 313 2501 346 2508; x_wconf 98' lang='lat'><em>-</em></span> <span class='ocrx_word' id='word_1_170' title='bbox 366 2474 390 2522; x_wconf 81' lang='grc'><strong>8.</strong></span> <span class='ocrx_word' id='word_1_171' title='bbox 410 2466 535 2539; x_wconf 70' lang='grc' dir='ltr'><strong><em>ἐγέραιρε</em></strong></span> <span class='ocrx_word' id='word_1_172' title='bbox 554 2468 630 2523; x_wconf 85' lang='lat' dir='ltr'><strong>BD:</strong></span> <span class='ocrx_word' id='word_1_173' title='bbox 650 2464 764 2537; x_wconf 78' lang='grc' dir='ltr'><strong><em>έγὲραρε</em></strong></span> <span class='ocrx_word' id='word_1_174' title='bbox 783 2466 825 2520; x_wconf 91' lang='lat' dir='ltr'><strong>ed.</strong></span> <span class='ocrx_word' id='word_1_175' title='bbox 845 2465 923 2520; x_wconf 84' lang='lat' dir='ltr'><strong>Rom.</strong></span> <span class='ocrx_word' id='word_1_176' title='bbox 945 2498 977 2505; x_wconf 96' lang='lat'><em>-</em></span> 
     </span>
    </p>
   </div>
   <div class='ocr_carea' id='block_1_7' title="bbox 311 2607 1590 2806">
    <p class='ocr_par' dir='ltr' id='par_1_8' title="bbox 311 2607 1590 2806">
     <span class='ocr_line' id='line_1_21' title="bbox 382 2607 1588 2680; baseline -0.002 -16"><span class='ocrx_word' id='word_1_177' title='bbox 382 2628 569 2664; x_wconf 66' lang='lat' dir='ltr'><strong>commun.</strong></span> <span class='ocrx_word' id='word_1_178' title='bbox 607 2628 632 2662; x_wconf 81' lang='lat' dir='ltr'><strong>s.</strong></span> <span class='ocrx_word' id='word_1_179' title='bbox 650 2616 663 2662; x_wconf 97' lang='lat'>1</span> <span class='ocrx_word' id='word_1_180' title='bbox 680 2627 714 2663; x_wconf 88' lang='lat' dir='ltr'><strong>ss.</strong></span> <span class='ocrx_word' id='word_1_181' title='bbox 740 2608 857 2662; x_wconf 81' lang='lat' dir='ltr'><strong>Carmen</strong></span> <span class='ocrx_word' id='word_1_182' title='bbox 880 2607 1030 2678; x_wconf 89' lang='lat' dir='ltr'><strong>epinicium</strong></span> <span class='ocrx_word' id='word_1_183' title='bbox 1050 2610 1145 2662; x_wconf 84' lang='lat' dir='ltr'><strong>statua</strong></span> <span class='ocrx_word' id='word_1_184' title='bbox 1163 2609 1258 2679; x_wconf 89' lang='lat' dir='ltr'><strong>potius</strong></span> <span class='ocrx_word' id='word_1_185' title='bbox 1281 2625 1342 2664; x_wconf 86' lang='lat' dir='ltr'><strong>esse</strong></span> <span class='ocrx_word' id='word_1_186' title='bbox 1365 2609 1491 2680; x_wconf 78' lang='lat' dir='ltr'><strong>exponit,</strong></span> <span class='ocrx_word' id='word_1_187' title='bbox 1511 2609 1588 2678; x_wconf 89' lang='lat' dir='ltr'><strong>quod</strong></span> 
     </span>
     <span class='ocr_line' id='line_1_22' title="bbox 311 2679 1590 2806; baseline -0.002 -70"><span class='ocrx_word' id='word_1_188' title='bbox 311 2699 366 2736; x_wconf 91' lang='lat' dir='ltr'><strong>non</strong></span> <span class='ocrx_word' id='word_1_189' title='bbox 385 2685 417 2735; x_wconf 89' lang='lat' dir='ltr'><strong>ut</strong></span> <span class='ocrx_word' id='word_1_190' title='bbox 436 2679 486 2735; x_wconf 91' lang='lat' dir='ltr'><strong>illa</strong></span> <span class='ocrx_word' id='word_1_191' title='bbox 509 2681 607 2735; x_wconf 90' lang='lat' dir='ltr'><strong>eodem</strong></span> <span class='ocrx_word' id='word_1_192' title='bbox 633 2680 694 2735; x_wconf 91' lang='lat' dir='ltr'><strong>loco</strong></span> <span class='ocrx_word' id='word_1_193' title='bbox 720 2680 805 2733; x_wconf 83' lang='lat' dir='ltr'><strong>fixum</strong></span> <span class='ocrx_word' id='word_1_194' title='bbox 829 2683 956 2748; x_wconf 88' lang='lat' dir='ltr'><strong>maneat,</strong></span> <span class='ocrx_word' id='word_1_195' title='bbox 982 2679 1032 2734; x_wconf 90' lang='lat' dir='ltr'><strong>sed</strong></span> <span class='ocrx_word' id='word_1_196' title='bbox 1057 2683 1202 2749; x_wconf 88' lang='lat' dir='ltr'><strong>tamquam</strong></span> <span class='ocrx_word' id='word_1_197' title='bbox 1227 2679 1371 2750; x_wconf 88' lang='lat' dir='ltr'><strong>navigium</strong></span> <span class='ocrx_word' id='word_1_198' title='bbox 1390 2697 1474 2806; x_wconf 55' lang='lat' dir='ltr'><strong>super</strong></span> <span class='ocrx_word' id='word_1_199' title='bbox 1491 2679 1590 2735; x_wconf 87' lang='lat' dir='ltr'><strong>omnia</strong></span> 
     </span>
    </p>
   </div>
   <div class='ocr_carea' id='block_1_8' title="bbox 310 2750 1590 4890">
    <p class='ocr_par' dir='ltr' id='par_1_9' title="bbox 310 2750 1590 4890">
     <span class='ocr_line' id='line_1_23' title="bbox 312 2750 1589 2822; baseline -0.002 -15"><span class='ocrx_word' id='word_1_200' title='bbox 312 2752 401 2807; x_wconf 88' lang='lat' dir='ltr'><strong>maria</strong></span> <span class='ocrx_word' id='word_1_201' title='bbox 419 2753 524 2806; x_wconf 83' lang='lat' dir='ltr'><strong>famam</strong></span> <span class='ocrx_word' id='word_1_202' title='bbox 539 2752 653 2807; x_wconf 83' lang='lat' dir='ltr'><strong>victoris</strong></span> <span class='ocrx_word' id='word_1_203' title='bbox 668 2751 817 2807; x_wconf 85' lang='lat' dir='ltr'><strong>diffundat.</strong></span> <span class='ocrx_word' id='word_1_204' title='bbox 844 2750 934 2805; x_wconf 89' lang='lat' dir='ltr'><strong>Huius</strong></span> <span class='ocrx_word' id='word_1_205' title='bbox 953 2767 1018 2805; x_wconf 83' lang='lat' dir='ltr'><strong>vero</strong></span> <span class='ocrx_word' id='word_1_206' title='bbox 1038 2751 1255 2821; x_wconf 88' lang='lat' dir='ltr'><strong>comparationis</strong></span> <span class='ocrx_word' id='word_1_207' title='bbox 1273 2750 1405 2822; x_wconf 89' lang='lat' dir='ltr'><strong>lepidam,</strong></span> <span class='ocrx_word' id='word_1_208' title='bbox 1439 2751 1493 2807; x_wconf 88' lang='lat' dir='ltr'><strong>&#39;oet</strong></span> <span class='ocrx_word' id='word_1_209' title='bbox 1512 2768 1589 2806; x_wconf 92' lang='lat' dir='ltr'><strong>com-</strong></span> 
     </span>
     <span class='ocr_line' id='line_1_24' title="bbox 310 2821 1589 2890; baseline -0.002 -12"><span class='ocrx_word' id='word_1_210' title='bbox 310 2823 486 2890; x_wconf 84' lang='lat' dir='ltr'><strong>menticiam,</strong></span> <span class='ocrx_word' id='word_1_211' title='bbox 510 2840 624 2878; x_wconf 87' lang='lat' dir='ltr'><strong>causam</strong></span> <span class='ocrx_word' id='word_1_212' title='bbox 647 2822 755 2878; x_wconf 90' lang='lat' dir='ltr'><strong>scholia</strong></span> <span class='ocrx_word' id='word_1_213' title='bbox 779 2822 900 2877; x_wconf 84' lang='lat' dir='ltr'><strong>afferunt</strong></span> <span class='ocrx_word' id='word_1_214' title='bbox 922 2822 1007 2878; x_wconf 88' lang='lat' dir='ltr'><strong>hanc:</strong></span> <span class='ocrx_word' id='word_1_215' title='bbox 1033 2821 1185 2876; x_wconf 86' lang='lat' dir='ltr'><strong>Pindarum</strong></span> <span class='ocrx_word' id='word_1_216' title='bbox 1204 2822 1336 2877; x_wconf 86' lang='lat' dir='ltr'><strong>carminis</strong></span> <span class='ocrx_word' id='word_1_217' title='bbox 1355 2823 1512 2878; x_wconf 88' lang='lat' dir='ltr'><strong>mercedem</strong></span> <span class='ocrx_word' id='word_1_218' title='bbox 1530 2822 1589 2877; x_wconf 89' lang='lat' dir='ltr'><strong>tria</strong></span> 
     </span>
     <span class='ocr_line' id='line_1_25' title="bbox 312 2893 1588 2966; baseline -0.002 -16"><span class='ocrx_word' id='word_1_219' title='bbox 312 2895 391 2950; x_wconf 88' lang='lat' dir='ltr'><strong>milia</strong></span> <span class='ocrx_word' id='word_1_220' title='bbox 410 2896 605 2950; x_wconf 85' lang='lat' dir='ltr'><strong>drachmarum</strong></span> <span class='ocrx_word' id='word_1_221' title='bbox 624 2894 793 2966; x_wconf 80' lang='lat' dir='ltr'><strong>poposcisse,</strong></span> <span class='ocrx_word' id='word_1_222' title='bbox 808 2894 882 2963; x_wconf 90' lang='lat' dir='ltr'><strong>quod</strong></span> <span class='ocrx_word' id='word_1_223' title='bbox 897 2894 1017 2965; x_wconf 89' lang='lat' dir='ltr'><strong>primum</strong></span> <span class='ocrx_word' id='word_1_224' title='bbox 1031 2910 1174 2948; x_wconf 76' lang='lat' dir='ltr'><strong>recusasse</strong></span> <span class='ocrx_word' id='word_1_225' title='bbox 1188 2893 1308 2964; x_wconf 74' lang='lat' dir='ltr'><strong>gentiles</strong></span> <span class='ocrx_word' id='word_1_226' title='bbox 1323 2894 1448 2964; x_wconf 80' lang='lat' dir='ltr'><strong>Pytheas</strong></span> <span class='ocrx_word' id='word_1_227' title='bbox 1462 2893 1588 2963; x_wconf 86' lang='lat' dir='ltr'><strong>victoris,</strong></span> 
     </span>
     <span class='ocr_line' id='line_1_26' title="bbox 311 2964 1589 3047; baseline -0.001 -26"><span class='ocrx_word' id='word_1_228' title='bbox 311 2967 423 3037; x_wconf 87' lang='lat' dir='ltr'><strong>quando</strong></span> <span class='ocrx_word' id='word_1_229' title='bbox 448 2966 559 3037; x_wconf 92' lang='lat' dir='ltr'><strong>signum</strong></span> <span class='ocrx_word' id='word_1_230' title='bbox 582 2983 699 3022; x_wconf 86' lang='lat' dir='ltr'><strong>aeneum</strong></span> <span class='ocrx_word' id='word_1_231' title='bbox 724 2968 805 3019; x_wconf 89' lang='lat' dir='ltr'><strong>tanta</strong></span> <span class='ocrx_word' id='word_1_232' title='bbox 828 2964 948 3035; x_wconf 86' lang='lat' dir='ltr'><strong>pecunia</strong></span> <span class='ocrx_word' id='word_1_233' title='bbox 967 2965 1123 3047; x_wconf 89' lang='lat' dir='ltr'><strong>comparari</strong></span> <span class='ocrx_word' id='word_1_234' title='bbox 1151 2968 1259 3035; x_wconf 91' lang='lat' dir='ltr'><strong>posset,</strong></span> <span class='ocrx_word' id='word_1_235' title='bbox 1278 2969 1377 3036; x_wconf 88' lang='lat' dir='ltr'><strong>postea</strong></span> <span class='ocrx_word' id='word_1_236' title='bbox 1395 2968 1503 3034; x_wconf 89' lang='lat' dir='ltr'><strong>autem,</strong></span> <span class='ocrx_word' id='word_1_237' title='bbox 1522 2983 1589 3021; x_wconf 89' lang='lat' dir='ltr'><strong>cum</strong></span> 
     </span>
     <span class='ocr_line' id='line_1_27' title="bbox 313 3035 1590 3165; baseline 0 -1"><span class='ocrx_word' id='word_1_238' title='bbox 313 3035 1590 3165; x_wconf 49' lang='lat' dir='ltr'><strong>{erletranstuleratlilithllttlfftt&#39;lllhtt31th</strong></span> 
     </span>
     <span class='ocr_line' id='line_1_28' title="bbox 313 3126 1588 3305; baseline -0.002 -67"><span class='ocrx_word' id='word_1_239' title='bbox 313 3127 440 3250; x_wconf 58' lang='lat' dir='ltr'><strong>reeduscitl</strong></span> <span class='ocrx_word' id='word_1_240' title='bbox 452 3129 549 3250; x_wconf 74' lang='grc' dir='ltr'><strong><em>μαίἰαο</em></strong></span> <span class='ocrx_word' id='word_1_241' title='bbox 573 3183 695 3236; x_wconf 68' lang='lat' dir='ltr'><strong>cocturas</strong></span> <span class='ocrx_word' id='word_1_242' title='bbox 715 3181 837 3251; x_wconf 70' lang='lat' dir='ltr'><strong>pugilem</strong></span> <span class='ocrx_word' id='word_1_243' title='bbox 860 3197 986 3303; x_wconf 34' lang='lat' dir='ltr'><strong>&amp;cumve</strong></span> <span class='ocrx_word' id='word_1_244' title='bbox 1002 3183 1007 3248; x_wconf 81' lang='grc' dir='ltr'>Ι</span> <span class='ocrx_word' id='word_1_245' title='bbox 1023 3151 1091 3234; x_wconf 70' lang='lat' dir='ltr'><strong>dicit</strong></span> <span class='ocrx_word' id='word_1_246' title='bbox 1109 3126 1385 3262; x_wconf 49' lang='lat' dir='ltr'><strong>et&#39;oeotomepiiiore</strong></span> <span class='ocrx_word' id='word_1_247' title='bbox 1403 3182 1492 3252; x_wconf 69' lang='lat' dir='ltr'><strong>sipoto</strong></span> <span class='ocrx_word' id='word_1_248' title='bbox 1504 3128 1588 3305; x_wconf 42' lang='lat' dir='ltr'><strong>,xiia</strong></span> 
     </span>
     <span class='ocr_line' id='line_1_29' title="bbox 313 3249 1588 3322; baseline -0.002 -13"><span class='ocrx_word' id='word_1_249' title='bbox 313 3271 376 3308; x_wconf 78' lang='lat' dir='ltr'><strong>uere</strong></span> <span class='ocrx_word' id='word_1_250' title='bbox 395 3254 487 3308; x_wconf 82' lang='lat' dir='ltr'><strong>donat.</strong></span> <span class='ocrx_word' id='word_1_251' title='bbox 525 3252 565 3305; x_wconf 90' lang='lat' dir='ltr'><strong>De</strong></span> <span class='ocrx_word' id='word_1_252' title='bbox 585 3252 686 3305; x_wconf 76' lang='lat' dir='ltr'><strong>statuis</strong></span> <span class='ocrx_word' id='word_1_253' title='bbox 705 3251 842 3305; x_wconf 84' lang='lat' dir='ltr'><strong>victorum</strong></span> <span class='ocrx_word' id='word_1_254' title='bbox 884 3249 976 3304; x_wconf 83' lang='lat' dir='ltr'><strong>indari</strong></span> <span class='ocrx_word' id='word_1_255' title='bbox 995 3252 1089 3304; x_wconf 87' lang='lat' dir='ltr'><strong>aetate</strong></span> <span class='ocrx_word' id='word_1_256' title='bbox 1108 3253 1207 3320; x_wconf 82' lang='lat' dir='ltr'><strong>positis</strong></span> <span class='ocrx_word' id='word_1_257' title='bbox 1227 3267 1339 3321; x_wconf 84' lang='lat' dir='ltr'><strong>copiose</strong></span> <span class='ocrx_word' id='word_1_258' title='bbox 1358 3250 1487 3322; x_wconf 90' lang='lat' dir='ltr'><strong>disputat</strong></span> <span class='ocrx_word' id='word_1_259' title='bbox 1522 3251 1588 3319; x_wconf 84' lang='lat' dir='ltr'><strong>abb,</strong></span> 
     </span>
     <span class='ocr_line' id='line_1_30' title="bbox 311 3321 1589 3392; baseline -0.002 -14"><span class='ocrx_word' id='word_1_260' title='bbox 311 3322 679 3378; x_wconf 85' lang='lat' dir='ltr'><strong>JonmalofHell.stud.111</strong></span> <span class='ocrx_word' id='word_1_261' title='bbox 695 3339 732 3377; x_wconf 79' lang='grc' dir='ltr'><strong>ιιι</strong></span> <span class='ocrx_word' id='word_1_262' title='bbox 747 3341 782 3377; x_wconf 89' lang='lat' dir='ltr'><strong>ss.</strong></span> <span class='ocrx_word' id='word_1_263' title='bbox 796 3355 825 3362; x_wconf 93' lang='lat'>-</span> <span class='ocrx_word' id='word_1_264' title='bbox 842 3322 930 3384; x_wconf 80' lang='grc' dir='ltr'><strong><em>αὐτᾶς</em></strong></span> <span class='ocrx_word' id='word_1_265' title='bbox 939 3348 973 3367; x_wconf 96' lang='lat'><em>=</em></span> <span class='ocrx_word' id='word_1_266' title='bbox 983 3330 1033 3385; x_wconf 82' lang='grc' dir='ltr'><strong><em>τᾶς</em></strong></span> <span class='ocrx_word' id='word_1_267' title='bbox 1042 3322 1137 3385; x_wconf 85' lang='grc' dir='ltr'><strong><em>αότᾶς,</em></strong></span> <span class='ocrx_word' id='word_1_268' title='bbox 1152 3321 1227 3391; x_wconf 91' lang='lat' dir='ltr'><strong>quod</strong></span> <span class='ocrx_word' id='word_1_269' title='bbox 1242 3321 1354 3376; x_wconf 87' lang='lat' dir='ltr'><strong>dicendi</strong></span> <span class='ocrx_word' id='word_1_270' title='bbox 1369 3339 1456 3392; x_wconf 92' lang='lat' dir='ltr'><strong>genus</strong></span> <span class='ocrx_word' id='word_1_271' title='bbox 1471 3321 1589 3376; x_wconf 87' lang='lat' dir='ltr'><strong>Pindari</strong></span> 
     </span>
     <span class='ocr_line' id='line_1_31' title="bbox 311 3391 1588 3465; baseline -0.002 -15"><span class='ocrx_word' id='word_1_272' title='bbox 311 3399 341 3450; x_wconf 90' lang='lat' dir='ltr'><strong>et</strong></span> <span class='ocrx_word' id='word_1_273' title='bbox 362 3395 476 3449; x_wconf 86' lang='lat' dir='ltr'><strong>Homeri</strong></span> <span class='ocrx_word' id='word_1_274' title='bbox 500 3410 560 3449; x_wconf 86' lang='lat' dir='ltr'><strong>esse</strong></span> <span class='ocrx_word' id='word_1_275' title='bbox 584 3398 747 3448; x_wconf 89' lang='lat' dir='ltr'><strong>constat-</strong></span> <span class='ocrx_word' id='word_1_276' title='bbox 772 3400 796 3449; x_wconf 77' lang='lat'><strong>2.</strong></span> <span class='ocrx_word' id='word_1_277' title='bbox 822 3396 886 3464; x_wconf 87' lang='lat' dir='ltr'><strong>apte</strong></span> <span class='ocrx_word' id='word_1_278' title='bbox 912 3397 997 3462; x_wconf 88' lang='lat' dir='ltr'><strong>poeta</strong></span> <span class='ocrx_word' id='word_1_279' title='bbox 1023 3392 1057 3447; x_wconf 90' lang='lat' dir='ltr'><strong>de</strong></span> <span class='ocrx_word' id='word_1_280' title='bbox 1081 3392 1186 3448; x_wconf 89' lang='lat' dir='ltr'><strong>maiore</strong></span> <span class='ocrx_word' id='word_1_281' title='bbox 1209 3393 1276 3447; x_wconf 86' lang='lat' dir='ltr'><strong>navi</strong></span> <span class='ocrx_word' id='word_1_282' title='bbox 1300 3393 1508 3465; x_wconf 84' lang='lat' dir='ltr'><strong>praepositione</strong></span> <span class='ocrx_word' id='word_1_283' title='bbox 1532 3391 1588 3462; x_wconf 76' lang='grc' dir='ltr'><strong><em>ἐπί,</em></strong></span> 
     </span>
     <span class='ocr_line' id='line_1_32' title="bbox 310 3463 1587 3547; baseline 0 -27"><span class='ocrx_word' id='word_1_284' title='bbox 310 3467 345 3520; x_wconf 91' lang='lat' dir='ltr'><strong>de</strong></span> <span class='ocrx_word' id='word_1_285' title='bbox 364 3483 452 3536; x_wconf 86' lang='lat' dir='ltr'><strong>parva</strong></span> <span class='ocrx_word' id='word_1_286' title='bbox 477 3465 561 3519; x_wconf 87' lang='lat' dir='ltr'><strong>lintre</strong></span> <span class='ocrx_word' id='word_1_287' title='bbox 585 3464 792 3547; x_wconf 87' lang='lat' dir='ltr'><strong>praepositione</strong></span> <span class='ocrx_word' id='word_1_288' title='bbox 819 3464 849 3518; x_wconf 80' lang='grc' dir='ltr'><strong><em>ἐν</em></strong></span> <span class='ocrx_word' id='word_1_289' title='bbox 874 3481 940 3518; x_wconf 89' lang='lat' dir='ltr'><strong>usus</strong></span> <span class='ocrx_word' id='word_1_290' title='bbox 967 3468 1025 3532; x_wconf 87' lang='lat' dir='ltr'><strong>est;</strong></span> <span class='ocrx_word' id='word_1_291' title='bbox 1050 3463 1121 3518; x_wconf 90' lang='lat' dir='ltr'><strong>bene</strong></span> <span class='ocrx_word' id='word_1_292' title='bbox 1147 3463 1222 3518; x_wconf 92' lang='lat' dir='ltr'><strong>idem</strong></span> <span class='ocrx_word' id='word_1_293' title='bbox 1245 3465 1275 3518; x_wconf 90' lang='lat' dir='ltr'><strong>in</strong></span> <span class='ocrx_word' id='word_1_294' title='bbox 1293 3464 1386 3519; x_wconf 92' lang='lat' dir='ltr'><strong>insula</strong></span> <span class='ocrx_word' id='word_1_295' title='bbox 1409 3468 1587 3520; x_wconf 88' lang='lat' dir='ltr'><strong>mercaturae</strong></span> 
     </span>
     <span class='ocr_line' id='line_1_33' title="bbox 311 3533 1587 3609; baseline 0 -18"><span class='ocrx_word' id='word_1_296' title='bbox 311 3537 439 3591; x_wconf 88' lang='lat' dir='ltr'><strong>studiosa</strong></span> <span class='ocrx_word' id='word_1_297' title='bbox 457 3536 580 3607; x_wconf 81' lang='lat' dir='ltr'><strong>imagine</strong></span> <span class='ocrx_word' id='word_1_298' title='bbox 599 3535 788 3609; x_wconf 83' lang='lat' dir='ltr'><strong>navigationis</strong></span> <span class='ocrx_word' id='word_1_299' title='bbox 808 3534 1031 3607; x_wconf 77' lang='lat' dir='ltr'><strong>divulgationem</strong></span> <span class='ocrx_word' id='word_1_300' title='bbox 1053 3534 1147 3589; x_wconf 83' lang='lat' dir='ltr'><strong>famae</strong></span> <span class='ocrx_word' id='word_1_301' title='bbox 1170 3535 1323 3591; x_wconf 86' lang='lat' dir='ltr'><strong>illustravit</strong></span> <span class='ocrx_word' id='word_1_302' title='bbox 1343 3569 1375 3578; x_wconf 96' lang='lat'>-</span> <span class='ocrx_word' id='word_1_303' title='bbox 1395 3541 1419 3591; x_wconf 83' lang='grc' dir='ltr'><strong>ὁ.</strong></span> <span class='ocrx_word' id='word_1_304' title='bbox 1444 3533 1508 3606; x_wconf 79' lang='grc' dir='ltr'><strong><em>νίκη</em></strong></span> <span class='ocrx_word' id='word_1_305' title='bbox 1529 3533 1587 3591; x_wconf 82' lang='lat' dir='ltr'><strong>ors&#39;·</strong></span> 
     </span>
     <span class='ocr_line' id='line_1_34' title="bbox 312 3605 1589 3678; baseline -0.001 -16"><span class='ocrx_word' id='word_1_306' title='bbox 312 3629 414 3678; x_wconf 79' lang='grc' dir='ltr'><strong><em>φανον,</em></strong></span> <span class='ocrx_word' id='word_1_307' title='bbox 434 3611 599 3663; x_wconf 82' lang='lat' dir='ltr'><strong>consecutus</strong></span> <span class='ocrx_word' id='word_1_308' title='bbox 618 3610 661 3662; x_wconf 85' lang='lat' dir='ltr'><strong>est</strong></span> <span class='ocrx_word' id='word_1_309' title='bbox 679 3607 798 3663; x_wconf 79' lang='lat' dir='ltr'><strong>victoria</strong></span> <span class='ocrx_word' id='word_1_310' title='bbox 817 3624 960 3673; x_wconf 77' lang='lat' dir='ltr'><strong>coronam3</strong></span> <span class='ocrx_word' id='word_1_311' title='bbox 985 3606 1024 3661; x_wconf 86' lang='lat' dir='ltr'><strong>sie</strong></span> <span class='ocrx_word' id='word_1_312' title='bbox 1044 3615 1127 3661; x_wconf 87' lang='grc' dir='ltr'><strong><em>νικᾶν</em></strong></span> <span class='ocrx_word' id='word_1_313' title='bbox 1150 3605 1253 3677; x_wconf 76' lang='grc' dir='ltr'><strong><em>χαλκόν</em></strong></span> <span class='ocrx_word' id='word_1_314' title='bbox 1276 3607 1310 3662; x_wconf 88' lang='lat' dir='ltr'><strong>N.</strong></span> <span class='ocrx_word' id='word_1_315' title='bbox 1330 3628 1347 3661; x_wconf 94' lang='lat' dir='ltr'><strong>x</strong></span> <span class='ocrx_word' id='word_1_316' title='bbox 1366 3624 1404 3676; x_wconf 71' lang='lat' dir='ltr'><strong>le,</strong></span> <span class='ocrx_word' id='word_1_317' title='bbox 1429 3615 1514 3661; x_wconf 84' lang='grc' dir='ltr'><strong><em>νικᾶν</em></strong></span> <span class='ocrx_word' id='word_1_318' title='bbox 1532 3605 1589 3676; x_wconf 87' lang='grc' dir='ltr'><strong><em>τρί-</em></strong></span> 
     </span>
     <span class='ocr_line' id='line_1_35' title="bbox 311 3676 1589 3750; baseline -0.001 -15"><span class='ocrx_word' id='word_1_319' title='bbox 311 3683 386 3735; x_wconf 85' lang='grc' dir='ltr'><strong><em>ποδα</em></strong></span> <span class='ocrx_word' id='word_1_320' title='bbox 405 3680 524 3750; x_wconf 88' lang='lat' dir='ltr'><strong>append.</strong></span> <span class='ocrx_word' id='word_1_321' title='bbox 540 3679 626 3750; x_wconf 84' lang='lat' dir='ltr'><strong>epigr.</strong></span> <span class='ocrx_word' id='word_1_322' title='bbox 643 3696 667 3734; x_wconf 79' lang='grc' dir='ltr'><strong>ιο</strong></span> <span class='ocrx_word' id='word_1_323' title='bbox 681 3711 716 3719; x_wconf 96' lang='grc'>-</span> <span class='ocrx_word' id='word_1_324' title='bbox 731 3685 755 3732; x_wconf 83' lang='grc'><strong>6.</strong></span> <span class='ocrx_word' id='word_1_325' title='bbox 794 3676 870 3747; x_wconf 86' lang='grc' dir='ltr'><strong><em>ατέρ’</em></strong></span> <span class='ocrx_word' id='word_1_326' title='bbox 888 3678 1027 3740; x_wconf 83' lang='grc' dir='ltr'><strong><em>οἰνάνθας</em></strong></span> <span class='ocrx_word' id='word_1_327' title='bbox 1045 3678 1160 3746; x_wconf 80' lang='grc' dir='ltr'><strong><em>ὀπώραν</em></strong></span> <span class='ocrx_word' id='word_1_328' title='bbox 1181 3677 1205 3731; x_wconf 87' lang='lat' dir='ltr'><strong>si</strong></span> <span class='ocrx_word' id='word_1_329' title='bbox 1225 3683 1299 3734; x_wconf 88' lang='lat' dir='ltr'><strong>recte</strong></span> <span class='ocrx_word' id='word_1_330' title='bbox 1319 3696 1348 3733; x_wconf 84' lang='lat' dir='ltr'><strong>se</strong></span> <span class='ocrx_word' id='word_1_331' title='bbox 1367 3678 1482 3747; x_wconf 87' lang='lat' dir='ltr'><strong>habent,</strong></span> <span class='ocrx_word' id='word_1_332' title='bbox 1500 3682 1589 3748; x_wconf 71' lang='lat' dir='ltr'><strong>poeta</strong></span> 
     </span>
     <span class='ocr_line' id='line_1_36' title="bbox 311 3748 1587 3820; baseline -0.002 -14"><span class='ocrx_word' id='word_1_333' title='bbox 311 3752 425 3820; x_wconf 83' lang='grc' dir='ltr'><strong><em>ὀπώραν</em></strong></span> <span class='ocrx_word' id='word_1_334' title='bbox 448 3768 503 3805; x_wconf 91' lang='lat' dir='ltr'><strong>non</strong></span> <span class='ocrx_word' id='word_1_335' title='bbox 530 3756 707 3818; x_wconf 90' lang='lat' dir='ltr'><strong>autumnum,</strong></span> <span class='ocrx_word' id='word_1_336' title='bbox 733 3767 762 3805; x_wconf 88' lang='lat' dir='ltr'><strong>se</strong></span> <span class='ocrx_word' id='word_1_337' title='bbox 808 3749 926 3804; x_wconf 89' lang='lat' dir='ltr'><strong>aestatis</strong></span> <span class='ocrx_word' id='word_1_338' title='bbox 952 3749 1073 3804; x_wconf 90' lang='lat' dir='ltr'><strong>calorem</strong></span> <span class='ocrx_word' id='word_1_339' title='bbox 1098 3748 1249 3818; x_wconf 83' lang='lat' dir='ltr'><strong>intellexit,</strong></span> <span class='ocrx_word' id='word_1_340' title='bbox 1277 3768 1362 3819; x_wconf 89' lang='lat' dir='ltr'><strong>quam</strong></span> <span class='ocrx_word' id='word_1_341' title='bbox 1388 3749 1509 3804; x_wconf 90' lang='lat' dir='ltr'><strong>similem</strong></span> <span class='ocrx_word' id='word_1_342' title='bbox 1528 3750 1587 3804; x_wconf 86' lang='lat' dir='ltr'><strong>vim</strong></span> 
     </span>
     <span class='ocr_line' id='line_1_37' title="bbox 310 3819 1588 3892; baseline -0.001 -16"><span class='ocrx_word' id='word_1_343' title='bbox 310 3822 376 3877; x_wconf 92' lang='lat' dir='ltr'><strong>huic</strong></span> <span class='ocrx_word' id='word_1_344' title='bbox 401 3821 539 3877; x_wconf 85' lang='lat' dir='ltr'><strong>vocabulo</strong></span> <span class='ocrx_word' id='word_1_345' title='bbox 565 3825 649 3892; x_wconf 88' lang='lat' dir='ltr'><strong>poeta</strong></span> <span class='ocrx_word' id='word_1_346' title='bbox 676 3822 776 3876; x_wconf 88' lang='lat' dir='ltr'><strong>tribuit</strong></span> <span class='ocrx_word' id='word_1_347' title='bbox 800 3822 821 3874; x_wconf 93' lang='lat' dir='ltr'><strong>I.</strong></span> <span class='ocrx_word' id='word_1_348' title='bbox 840 3840 861 3872; x_wconf 89' lang='lat'><strong>11</strong></span> <span class='ocrx_word' id='word_1_349' title='bbox 879 3838 906 3890; x_wconf 70' lang='grc' dir='ltr'><strong>ες</strong></span> <span class='ocrx_word' id='word_1_350' title='bbox 932 3819 967 3874; x_wconf 90' lang='lat' dir='ltr'><strong>de</strong></span> <span class='ocrx_word' id='word_1_351' title='bbox 993 3820 1201 3891; x_wconf 88' lang='lat' dir='ltr'><strong>comparatione</strong></span> <span class='ocrx_word' id='word_1_352' title='bbox 1227 3821 1368 3890; x_wconf 88' lang='lat' dir='ltr'><strong>lanuginis</strong></span> <span class='ocrx_word' id='word_1_353' title='bbox 1393 3821 1498 3876; x_wconf 90' lang='lat' dir='ltr'><strong>barbae</strong></span> <span class='ocrx_word' id='word_1_354' title='bbox 1523 3838 1588 3876; x_wconf 86' lang='lat' dir='ltr'><strong>cunr</strong></span> 
     </span>
     <span class='ocr_line' id='line_1_38' title="bbox 312 3888 1589 3963; baseline 0 -15"><span class='ocrx_word' id='word_1_355' title='bbox 312 3894 386 3949; x_wconf 83' lang='lat' dir='ltr'><strong>viteo</strong></span> <span class='ocrx_word' id='word_1_356' title='bbox 405 3894 530 3963; x_wconf 85' lang='lat' dir='ltr'><strong>germine</strong></span> <span class='ocrx_word' id='word_1_357' title='bbox 549 3895 643 3949; x_wconf 85' lang='lat' dir='ltr'><strong>confer</strong></span> <span class='ocrx_word' id='word_1_358' title='bbox 663 3894 725 3947; x_wconf 81' lang='lat' dir='ltr'><strong>Eur.</strong></span> <span class='ocrx_word' id='word_1_359' title='bbox 740 3892 844 3946; x_wconf 87' lang='lat' dir='ltr'><strong>Phoen.</strong></span> <span class='ocrx_word' id='word_1_360' title='bbox 860 3908 911 3946; x_wconf 70' lang='lat' dir='ltr'><strong>nau</strong></span> <span class='ocrx_word' id='word_1_361' title='bbox 926 3892 1049 3946; x_wconf 84' lang='grc' dir='ltr'><strong><em>οἰνωπὸν</em></strong></span> <span class='ocrx_word' id='word_1_362' title='bbox 1063 3888 1147 3960; x_wconf 86' lang='grc' dir='ltr'><strong><em>γένυν</em></strong></span> <span class='ocrx_word' id='word_1_363' title='bbox 1163 3924 1194 3933; x_wconf 90' lang='grc'>-</span> <span class='ocrx_word' id='word_1_364' title='bbox 1212 3899 1234 3947; x_wconf 86' lang='grc'><strong>7.</strong></span> <span class='ocrx_word' id='word_1_365' title='bbox 1255 3892 1354 3948; x_wconf 85' lang='lat' dir='ltr'><strong>schol:</strong></span> <span class='ocrx_word' id='word_1_366' title='bbox 1374 3892 1404 3946; x_wconf 77' lang='grc' dir='ltr'><strong>ἐκ</strong></span> <span class='ocrx_word' id='word_1_367' title='bbox 1424 3891 1454 3946; x_wconf 65' lang='grc' dir='ltr'><strong>δὲ</strong></span> <span class='ocrx_word' id='word_1_368' title='bbox 1474 3891 1589 3960; x_wconf 76' lang='grc' dir='ltr'><strong><em>Κρόνον</em></strong></span> 
     </span>
     <span class='ocr_line' id='line_1_39' title="bbox 311 3962 1589 4034; baseline -0.001 -14"><span class='ocrx_word' id='word_1_369' title='bbox 311 3966 359 4020; x_wconf 80' lang='grc' dir='ltr'><strong>καλ</strong></span> <span class='ocrx_word' id='word_1_370' title='bbox 381 3963 480 4034; x_wconf 88' lang='grc' dir='ltr'><strong><em>Ζηνός·</em></strong></span> <span class='ocrx_word' id='word_1_371' title='bbox 503 3967 634 4034; x_wconf 84' lang='grc' dir='ltr'><strong><em>Τελαμὼν</em></strong></span> <span class='ocrx_word' id='word_1_372' title='bbox 652 3965 700 4018; x_wconf 86' lang='grc' dir='ltr'><strong>καλ</strong></span> <span class='ocrx_word' id='word_1_373' title='bbox 719 3963 836 4032; x_wconf 73' lang='grc' dir='ltr'><strong><em>Πηλεύς,</em></strong></span> <span class='ocrx_word' id='word_1_374' title='bbox 855 3962 904 4031; x_wconf 91' lang='lat' dir='ltr'><strong>qui</strong></span> <span class='ocrx_word' id='word_1_375' title='bbox 921 3963 974 4016; x_wconf 89' lang='lat' dir='ltr'><strong>filii</strong></span> <span class='ocrx_word' id='word_1_376' title='bbox 993 3964 1087 4031; x_wconf 75' lang='lat' dir='ltr'><strong>Aeaci,</strong></span> <span class='ocrx_word' id='word_1_377' title='bbox 1106 3963 1158 4017; x_wconf 86' lang='lat' dir='ltr'><strong>lilii</strong></span> <span class='ocrx_word' id='word_1_378' title='bbox 1176 3963 1263 4032; x_wconf 85' lang='lat' dir='ltr'><strong>Jovis,</strong></span> <span class='ocrx_word' id='word_1_379' title='bbox 1282 3967 1311 4019; x_wconf 89' lang='lat' dir='ltr'><strong>et</strong></span> <span class='ocrx_word' id='word_1_380' title='bbox 1329 3963 1474 4033; x_wconf 84' lang='lat' dir='ltr'><strong>Eudaidis,</strong></span> <span class='ocrx_word' id='word_1_381' title='bbox 1492 3980 1529 4019; x_wconf 90' lang='lat' dir='ltr'><strong>ne</strong></span> <span class='ocrx_word' id='word_1_382' title='bbox 1550 3964 1589 4019; x_wconf 92' lang='lat' dir='ltr'><strong>tis</strong></span> 
     </span>
     <span class='ocr_line' id='line_1_40' title="bbox 312 4032 1588 4104; baseline -0.002 -12"><span class='ocrx_word' id='word_1_383' title='bbox 312 4037 433 4103; x_wconf 86' lang='lat' dir='ltr'><strong>Saturni,</strong></span> <span class='ocrx_word' id='word_1_384' title='bbox 453 4041 546 4101; x_wconf 83' lang='lat' dir='ltr'><strong>erant3</strong></span> <span class='ocrx_word' id='word_1_385' title='bbox 570 4036 668 4090; x_wconf 85' lang='lat' dir='ltr'><strong>schol:</strong></span> <span class='ocrx_word' id='word_1_386' title='bbox 693 4032 804 4102; x_wconf 83' lang='grc' dir='ltr'><strong><em>Κρόνου</em></strong></span> <span class='ocrx_word' id='word_1_387' title='bbox 827 4032 878 4104; x_wconf 77' lang='grc' dir='ltr'><strong><em>μὲν</em></strong></span> <span class='ocrx_word' id='word_1_388' title='bbox 896 4033 951 4104; x_wconf 82' lang='grc' dir='ltr'><strong><em>γὰρ</em></strong></span> <span class='ocrx_word' id='word_1_389' title='bbox 969 4037 1078 4102; x_wconf 79' lang='grc' dir='ltr'><strong><em>Χείρων</em></strong></span> <span class='ocrx_word' id='word_1_390' title='bbox 1096 4035 1144 4087; x_wconf 80' lang='grc' dir='ltr'><strong>καὶ</strong></span> <span class='ocrx_word' id='word_1_391' title='bbox 1164 4035 1296 4104; x_wconf 76' lang='grc' dir='ltr'><strong><em>Φιλύρας,</em></strong></span> <span class='ocrx_word' id='word_1_392' title='bbox 1319 4034 1459 4104; x_wconf 82' lang='grc' dir='ltr'><strong><em>Χείρωνος</em></strong></span> <span class='ocrx_word' id='word_1_393' title='bbox 1477 4034 1508 4089; x_wconf 76' lang='grc' dir='ltr'><strong>δὲ</strong></span> <span class='ocrx_word' id='word_1_394' title='bbox 1534 4039 1588 4090; x_wconf 75' lang='lat' dir='ltr'><strong>Ev-</strong></span> 
     </span>
     <span class='ocr_line' id='line_1_41' title="bbox 313 4105 1588 4176; baseline -0.002 -14"><span class='ocrx_word' id='word_1_395' title='bbox 313 4109 382 4176; x_wconf 77' lang='grc' dir='ltr'><strong><em>δηίς,</em></strong></span> <span class='ocrx_word' id='word_1_396' title='bbox 399 4106 546 4176; x_wconf 77' lang='grc' dir='ltr'><strong><em>Ἐνδηίδος</em></strong></span> <span class='ocrx_word' id='word_1_397' title='bbox 565 4105 595 4161; x_wconf 74' lang='grc' dir='ltr'><strong>δὲ</strong></span> <span class='ocrx_word' id='word_1_398' title='bbox 613 4108 745 4176; x_wconf 87' lang='grc' dir='ltr'><strong><em>Τελαμὼν</em></strong></span> <span class='ocrx_word' id='word_1_399' title='bbox 761 4107 809 4159; x_wconf 86' lang='grc' dir='ltr'><strong><em>καί</em></strong></span> <span class='ocrx_word' id='word_1_400' title='bbox 823 4107 932 4175; x_wconf 80' lang='grc' dir='ltr'><strong><em>Πηλεὺς</em></strong></span> <span class='ocrx_word' id='word_1_401' title='bbox 951 4105 979 4172; x_wconf 75' lang='grc' dir='ltr'><strong>ἐξ</strong></span> <span class='ocrx_word' id='word_1_402' title='bbox 994 4105 1106 4159; x_wconf 83' lang='grc' dir='ltr'><strong><em>Αἰακοῦ.</em></strong></span> <span class='ocrx_word' id='word_1_403' title='bbox 1135 4106 1227 4174; x_wconf 82' lang='lat' dir='ltr'><strong>Atque</strong></span> <span class='ocrx_word' id='word_1_404' title='bbox 1246 4106 1299 4160; x_wconf 86' lang='lat' dir='ltr'><strong>hoc</strong></span> <span class='ocrx_word' id='word_1_405' title='bbox 1313 4105 1426 4175; x_wconf 86' lang='lat' dir='ltr'><strong>quidem</strong></span> <span class='ocrx_word' id='word_1_406' title='bbox 1446 4107 1507 4160; x_wconf 87' lang='lat' dir='ltr'><strong>loco</strong></span> <span class='ocrx_word' id='word_1_407' title='bbox 1522 4107 1588 4161; x_wconf 88' lang='lat' dir='ltr'><strong>Pin·</strong></span> 
     </span>
     <span class='ocr_line' id='line_1_42' title="bbox 312 4176 1588 4248; baseline 0.002 -17"><span class='ocrx_word' id='word_1_408' title='bbox 312 4178 396 4232; x_wconf 86' lang='lat' dir='ltr'><strong>darus</strong></span> <span class='ocrx_word' id='word_1_409' title='bbox 415 4195 444 4233; x_wconf 89' lang='lat' dir='ltr'><strong>re</strong></span> <span class='ocrx_word' id='word_1_410' title='bbox 463 4196 529 4232; x_wconf 81' lang='lat' dir='ltr'><strong>vera</strong></span> <span class='ocrx_word' id='word_1_411' title='bbox 548 4177 704 4233; x_wconf 83' lang='lat' dir='ltr'><strong>Eudaidem</strong></span> <span class='ocrx_word' id='word_1_412' title='bbox 726 4194 776 4248; x_wconf 89' lang='lat' dir='ltr'><strong>pro</strong></span> <span class='ocrx_word' id='word_1_413' title='bbox 796 4176 924 4231; x_wconf 84' lang='lat' dir='ltr'><strong>Chironis</strong></span> <span class='ocrx_word' id='word_1_414' title='bbox 947 4176 1007 4230; x_wconf 89' lang='lat' dir='ltr'><strong>filia</strong></span> <span class='ocrx_word' id='word_1_415' title='bbox 1026 4176 1194 4246; x_wconf 83' lang='lat' dir='ltr'><strong>Saturnique</strong></span> <span class='ocrx_word' id='word_1_416' title='bbox 1213 4180 1296 4247; x_wconf 90' lang='lat' dir='ltr'><strong>nepte</strong></span> <span class='ocrx_word' id='word_1_417' title='bbox 1314 4176 1447 4232; x_wconf 87' lang='lat' dir='ltr'><strong>habuisse</strong></span> <span class='ocrx_word' id='word_1_418' title='bbox 1466 4177 1588 4246; x_wconf 84' lang='lat' dir='ltr'><strong>videtur,</strong></span> 
     </span>
     <span class='ocr_line' id='line_1_43' title="bbox 331 4247 1588 4319; baseline 0 -15"><span class='ocrx_word' id='word_1_419' title='bbox 331 4266 463 4319; x_wconf 86' lang='lat' dir='ltr'><strong>uamqam</strong></span> <span class='ocrx_word' id='word_1_420' title='bbox 489 4249 554 4304; x_wconf 89' lang='lat' dir='ltr'><strong>aliis</strong></span> <span class='ocrx_word' id='word_1_421' title='bbox 579 4248 648 4304; x_wconf 88' lang='lat' dir='ltr'><strong>locis</strong></span> <span class='ocrx_word' id='word_1_422' title='bbox 674 4249 833 4317; x_wconf 88' lang='lat' dir='ltr'><strong>Chironem,</strong></span> <span class='ocrx_word' id='word_1_423' title='bbox 859 4248 963 4317; x_wconf 91' lang='lat' dir='ltr'><strong>quipe</strong></span> <span class='ocrx_word' id='word_1_424' title='bbox 988 4264 1071 4318; x_wconf 92' lang='lat' dir='ltr'><strong>quem</strong></span> <span class='ocrx_word' id='word_1_425' title='bbox 1088 4247 1206 4302; x_wconf 89' lang='lat' dir='ltr'><strong>Achillis</strong></span> <span class='ocrx_word' id='word_1_426' title='bbox 1230 4253 1259 4303; x_wconf 91' lang='lat' dir='ltr'><strong>st</strong></span> <span class='ocrx_word' id='word_1_427' title='bbox 1285 4248 1393 4303; x_wconf 88' lang='lat' dir='ltr'><strong>Iasonis</strong></span> <span class='ocrx_word' id='word_1_428' title='bbox 1418 4248 1588 4319; x_wconf 88' lang='lat' dir='ltr'><strong>magistrum</strong></span> 
     </span>
     <span class='ocr_line' id='line_1_44' title="bbox 333 4268 1588 4392; baseline -0.001 -17"><span class='ocrx_word' id='word_1_429' title='bbox 333 4320 422 4389; x_wconf 83' lang='lat' dir='ltr'><strong>&#39;xerit,</strong></span> <span class='ocrx_word' id='word_1_430' title='bbox 435 4320 571 4375; x_wconf 90' lang='lat' dir='ltr'><strong>minorem</strong></span> <span class='ocrx_word' id='word_1_431' title='bbox 585 4338 622 4375; x_wconf 92' lang='lat' dir='ltr'><strong>na</strong></span> <span class='ocrx_word' id='word_1_432' title='bbox 636 4339 654 4374; x_wconf 96' lang='lat' dir='ltr'><strong>u</strong></span> <span class='ocrx_word' id='word_1_433' title='bbox 668 4336 752 4390; x_wconf 89' lang='lat' dir='ltr'><strong>quam</strong></span> <span class='ocrx_word' id='word_1_434' title='bbox 767 4322 889 4374; x_wconf 82' lang='lat' dir='ltr'><strong>Aeacum</strong></span> <span class='ocrx_word' id='word_1_435' title='bbox 903 4268 990 4374; x_wconf 67' lang='lat' dir='ltr'><strong>lhisse</strong></span> <span class='ocrx_word' id='word_1_436' title='bbox 1005 4319 1105 4373; x_wconf 88' lang='lat' dir='ltr'><strong>statuit</strong></span> <span class='ocrx_word' id='word_1_437' title='bbox 1119 4323 1148 4374; x_wconf 90' lang='lat' dir='ltr'><strong>et</strong></span> <span class='ocrx_word' id='word_1_438' title='bbox 1162 4319 1212 4374; x_wconf 86' lang='lat' dir='ltr'><strong>alii</strong></span> <span class='ocrx_word' id='word_1_439' title='bbox 1227 4319 1375 4392; x_wconf 89' lang='lat' dir='ltr'><strong>scriptores</strong></span> <span class='ocrx_word' id='word_1_440' title='bbox 1389 4323 1425 4383; x_wconf 84' lang='lat' dir='ltr'><strong>(v.</strong></span> <span class='ocrx_word' id='word_1_441' title='bbox 1436 4319 1509 4375; x_wconf 91' lang='lat' dir='ltr'><strong>Prol.</strong></span> <span class='ocrx_word' id='word_1_442' title='bbox 1523 4326 1588 4387; x_wconf 81' lang='lat' dir='ltr'><strong>cxx)</strong></span> 
     </span>
     <span class='ocr_line' id='line_1_45' title="bbox 311 4390 1587 4461; baseline 0 -15"><span class='ocrx_word' id='word_1_443' title='bbox 311 4392 467 4447; x_wconf 81' lang='lat' dir='ltr'><strong>Endaidem</strong></span> <span class='ocrx_word' id='word_1_444' title='bbox 490 4410 545 4447; x_wconf 91' lang='lat' dir='ltr'><strong>non</strong></span> <span class='ocrx_word' id='word_1_445' title='bbox 565 4392 705 4458; x_wconf 85' lang='lat' dir='ltr'><strong>Chironis,</strong></span> <span class='ocrx_word' id='word_1_446' title='bbox 729 4392 778 4445; x_wconf 92' lang='lat' dir='ltr'><strong>sed</strong></span> <span class='ocrx_word' id='word_1_447' title='bbox 803 4391 924 4446; x_wconf 86' lang='lat' dir='ltr'><strong>Scironis</strong></span> <span class='ocrx_word' id='word_1_448' title='bbox 950 4390 1037 4445; x_wconf 86' lang='lat' dir='ltr'><strong>filiam</strong></span> <span class='ocrx_word' id='word_1_449' title='bbox 1060 4391 1146 4445; x_wconf 82' lang='lat' dir='ltr'><strong>fuisse</strong></span> <span class='ocrx_word' id='word_1_450' title='bbox 1164 4392 1359 4461; x_wconf 86' lang='lat' dir='ltr'><strong>perhibebant.</strong></span> <span class='ocrx_word' id='word_1_451' title='bbox 1396 4391 1537 4447; x_wconf 87' lang='lat' dir='ltr'><strong>Nimirum</strong></span> <span class='ocrx_word' id='word_1_452' title='bbox 1556 4396 1587 4447; x_wconf 92' lang='lat' dir='ltr'><strong>in</strong></span> 
     </span>
     <span class='ocr_line' id='line_1_46' title="bbox 311 4462 1588 4533; baseline 0 -16"><span class='ocrx_word' id='word_1_453' title='bbox 311 4464 476 4533; x_wconf 89' lang='lat' dir='ltr'><strong>permutatis</strong></span> <span class='ocrx_word' id='word_1_454' title='bbox 501 4464 546 4518; x_wconf 93' lang='lat' dir='ltr'><strong>his</strong></span> <span class='ocrx_word' id='word_1_455' title='bbox 572 4463 731 4518; x_wconf 91' lang='lat' dir='ltr'><strong>nominibus</strong></span> <span class='ocrx_word' id='word_1_456' title='bbox 756 4462 895 4533; x_wconf 87' lang='lat' dir='ltr'><strong>(Chironis</strong></span> <span class='ocrx_word' id='word_1_457' title='bbox 915 4465 943 4517; x_wconf 91' lang='lat' dir='ltr'><strong>et</strong></span> <span class='ocrx_word' id='word_1_458' title='bbox 962 4462 1094 4531; x_wconf 88' lang='lat' dir='ltr'><strong>Scironis)</strong></span> <span class='ocrx_word' id='word_1_459' title='bbox 1109 4462 1254 4517; x_wconf 84' lang='lat' dir='ltr'><strong>historiae</strong></span> <span class='ocrx_word' id='word_1_460' title='bbox 1280 4463 1417 4518; x_wconf 81' lang='lat' dir='ltr'><strong>fabularis</strong></span> <span class='ocrx_word' id='word_1_461' title='bbox 1443 4462 1588 4519; x_wconf 86' lang='lat' dir='ltr'><strong>scintillae</strong></span> 
     </span>
     <span class='ocr_line' id='line_1_47' title="bbox 312 4533 1588 4605; baseline 0.001 -17"><span class='ocrx_word' id='word_1_462' title='bbox 312 4534 466 4590; x_wconf 87' lang='lat' dir='ltr'><strong>simultatis</strong></span> <span class='ocrx_word' id='word_1_463' title='bbox 481 4535 693 4590; x_wconf 83' lang='lat' dir='ltr'><strong>Atheniensium</strong></span> <span class='ocrx_word' id='word_1_464' title='bbox 713 4538 742 4589; x_wconf 93' lang='lat' dir='ltr'><strong>et</strong></span> <span class='ocrx_word' id='word_1_465' title='bbox 756 4533 955 4605; x_wconf 77' lang='lat' dir='ltr'><strong>Aeginetarnm</strong></span> <span class='ocrx_word' id='word_1_466' title='bbox 974 4533 1074 4601; x_wconf 88' lang='lat' dir='ltr'><strong>latent,</strong></span> <span class='ocrx_word' id='word_1_467' title='bbox 1092 4550 1181 4602; x_wconf 91' lang='lat' dir='ltr'><strong>neque</strong></span> <span class='ocrx_word' id='word_1_468' title='bbox 1201 4533 1258 4588; x_wconf 91' lang='lat' dir='ltr'><strong>scio</strong></span> <span class='ocrx_word' id='word_1_469' title='bbox 1278 4552 1315 4588; x_wconf 92' lang='lat' dir='ltr'><strong>an</strong></span> <span class='ocrx_word' id='word_1_470' title='bbox 1333 4534 1471 4588; x_wconf 88' lang='lat' dir='ltr'><strong>Pindarus</strong></span> <span class='ocrx_word' id='word_1_471' title='bbox 1488 4534 1518 4588; x_wconf 92' lang='lat' dir='ltr'><strong>in</strong></span> <span class='ocrx_word' id='word_1_472' title='bbox 1532 4533 1588 4590; x_wconf 84' lang='lat' dir='ltr'><strong>hac</strong></span> 
     </span>
     <span class='ocr_line' id='line_1_48' title="bbox 311 4604 1588 4677; baseline 0.002 -19"><span class='ocrx_word' id='word_1_473' title='bbox 311 4606 409 4661; x_wconf 83' lang='lat' dir='ltr'><strong>sabula</strong></span> <span class='ocrx_word' id='word_1_474' title='bbox 427 4611 456 4662; x_wconf 91' lang='lat' dir='ltr'><strong>et</strong></span> <span class='ocrx_word' id='word_1_475' title='bbox 474 4606 504 4660; x_wconf 93' lang='lat' dir='ltr'><strong>in</strong></span> <span class='ocrx_word' id='word_1_476' title='bbox 522 4623 564 4675; x_wconf 88' lang='lat' dir='ltr'><strong>ea,</strong></span> <span class='ocrx_word' id='word_1_477' title='bbox 584 4625 668 4677; x_wconf 85' lang='lat' dir='ltr'><strong>quam</strong></span> <span class='ocrx_word' id='word_1_478' title='bbox 687 4606 721 4659; x_wconf 93' lang='lat' dir='ltr'><strong>de</strong></span> <span class='ocrx_word' id='word_1_479' title='bbox 741 4605 828 4660; x_wconf 82' lang='lat' dir='ltr'><strong>Aeaci</strong></span> <span class='ocrx_word' id='word_1_480' title='bbox 847 4605 952 4660; x_wconf 88' lang='lat' dir='ltr'><strong>auxilio</strong></span> <span class='ocrx_word' id='word_1_481' title='bbox 967 4622 985 4660; x_wconf 90' lang='lat' dir='ltr'><strong>a</strong></span> <span class='ocrx_word' id='word_1_482' title='bbox 999 4604 1113 4660; x_wconf 83' lang='lat' dir='ltr'><strong>Graecis</strong></span> <span class='ocrx_word' id='word_1_483' title='bbox 1134 4605 1262 4660; x_wconf 91' lang='lat' dir='ltr'><strong>omnibus</strong></span> <span class='ocrx_word' id='word_1_484' title='bbox 1282 4605 1432 4675; x_wconf 90' lang='lat' dir='ltr'><strong>implorato</strong></span> <span class='ocrx_word' id='word_1_485' title='bbox 1447 4605 1482 4660; x_wconf 90' lang='lat' dir='ltr'><strong>N.</strong></span> <span class='ocrx_word' id='word_1_486' title='bbox 1496 4625 1547 4660; x_wconf 84' lang='lat' dir='ltr'><strong>vm</strong></span> <span class='ocrx_word' id='word_1_487' title='bbox 1562 4624 1588 4661; x_wconf 87' lang='grc' dir='ltr'><strong>ιο</strong></span> 
     </span>
     <span class='ocr_line' id='line_1_49' title="bbox 312 4675 1587 4748; baseline -0.001 -16"><span class='ocrx_word' id='word_1_488' title='bbox 312 4678 456 4747; x_wconf 89' lang='lat' dir='ltr'><strong>exposuit,</strong></span> <span class='ocrx_word' id='word_1_489' title='bbox 476 4681 573 4732; x_wconf 88' lang='lat' dir='ltr'><strong>auctor</strong></span> <span class='ocrx_word' id='word_1_490' title='bbox 591 4677 778 4748; x_wconf 86' lang='lat' dir='ltr'><strong>interpolatae</strong></span> <span class='ocrx_word' id='word_1_491' title='bbox 797 4680 826 4732; x_wconf 90' lang='lat' dir='ltr'><strong>et</strong></span> <span class='ocrx_word' id='word_1_492' title='bbox 845 4694 924 4731; x_wconf 90' lang='lat' dir='ltr'><strong>corru</strong></span> <span class='ocrx_word' id='word_1_493' title='bbox 944 4680 991 4731; x_wconf 88' lang='lat' dir='ltr'><strong>tae</strong></span> <span class='ocrx_word' id='word_1_494' title='bbox 1009 4676 1112 4731; x_wconf 81' lang='lat' dir='ltr'><strong>veteris</strong></span> <span class='ocrx_word' id='word_1_495' title='bbox 1131 4675 1293 4731; x_wconf 88' lang='lat' dir='ltr'><strong>traditionis</strong></span> <span class='ocrx_word' id='word_1_496' title='bbox 1312 4675 1454 4732; x_wconf 90' lang='lat' dir='ltr'><strong>exstiterit</strong></span> <span class='ocrx_word' id='word_1_497' title='bbox 1473 4709 1505 4717; x_wconf 92' lang='grc'><strong>-</strong></span> <span class='ocrx_word' id='word_1_498' title='bbox 1526 4679 1587 4746; x_wconf 88' lang='grc' dir='ltr'><strong>Νη-</strong></span> 
     </span>
     <span class='ocr_line' id='line_1_50' title="bbox 313 4696 1586 4818; baseline 0 -15"><span class='ocrx_word' id='word_1_499' title='bbox 313 4751 428 4817; x_wconf 82' lang='grc' dir='ltr'><strong><em>ρηίδων·</em></strong></span> <span class='ocrx_word' id='word_1_500' title='bbox 453 4767 487 4803; x_wconf 88' lang='lat' dir='ltr'><strong>ex</strong></span> <span class='ocrx_word' id='word_1_501' title='bbox 510 4749 611 4818; x_wconf 88' lang='lat' dir='ltr'><strong>quibus</strong></span> <span class='ocrx_word' id='word_1_502' title='bbox 635 4751 664 4802; x_wconf 91' lang='lat' dir='ltr'><strong>et</strong></span> <span class='ocrx_word' id='word_1_503' title='bbox 681 4748 790 4802; x_wconf 84' lang='lat' dir='ltr'><strong>Phocus</strong></span> <span class='ocrx_word' id='word_1_504' title='bbox 810 4749 896 4803; x_wconf 78' lang='lat' dir='ltr'><strong>Aeaci</strong></span> <span class='ocrx_word' id='word_1_505' title='bbox 914 4696 989 4803; x_wconf 71' lang='lat' dir='ltr'><strong>{iiius</strong></span> <span class='ocrx_word' id='word_1_506' title='bbox 1007 4751 1037 4803; x_wconf 91' lang='lat' dir='ltr'><strong>et</strong></span> <span class='ocrx_word' id='word_1_507' title='bbox 1054 4747 1177 4801; x_wconf 82' lang='lat' dir='ltr'><strong>Achilles</strong></span> <span class='ocrx_word' id='word_1_508' title='bbox 1197 4747 1274 4802; x_wconf 90' lang='lat' dir='ltr'><strong>Pelei</strong></span> <span class='ocrx_word' id='word_1_509' title='bbox 1293 4748 1368 4802; x_wconf 84' lang='lat' dir='ltr'><strong>lilius</strong></span> <span class='ocrx_word' id='word_1_510' title='bbox 1386 4748 1447 4802; x_wconf 87' lang='lat' dir='ltr'><strong>nati</strong></span> <span class='ocrx_word' id='word_1_511' title='bbox 1467 4752 1533 4803; x_wconf 93' lang='lat' dir='ltr'><strong>sunt</strong></span> <span class='ocrx_word' id='word_1_512' title='bbox 1552 4780 1586 4789; x_wconf 93' lang='lat'>-</span> 
     </span>
     <span class='ocr_line' id='line_1_51' title="bbox 313 4818 1586 4890; baseline 0.002 -18"><span class='ocrx_word' id='word_1_513' title='bbox 313 4827 336 4874; x_wconf 81' lang='lat'><strong>8.</strong></span> <span class='ocrx_word' id='word_1_514' title='bbox 357 4818 539 4890; x_wconf 85' lang='grc' dir='ltr'><strong><em>ματρόπολιν·</em></strong></span> <span class='ocrx_word' id='word_1_515' title='bbox 558 4820 605 4876; x_wconf 90' lang='lat' dir='ltr'><strong>hic</strong></span> <span class='ocrx_word' id='word_1_516' title='bbox 624 4821 722 4875; x_wconf 87' lang='lat' dir='ltr'><strong>matris</strong></span> <span class='ocrx_word' id='word_1_517' title='bbox 741 4819 837 4874; x_wconf 86' lang='lat' dir='ltr'><strong>urbem</strong></span> <span class='ocrx_word' id='word_1_518' title='bbox 857 4819 915 4874; x_wconf 81' lang='lat' dir='ltr'><strong>sire</strong></span> <span class='ocrx_word' id='word_1_519' title='bbox 935 4819 1119 4874; x_wconf 77' lang='lat' dir='ltr'><strong>Aeacidarum</strong></span> <span class='ocrx_word' id='word_1_520' title='bbox 1138 4819 1259 4890; x_wconf 83' lang='lat' dir='ltr'><strong>patriani</strong></span> <span class='ocrx_word' id='word_1_521' title='bbox 1279 4821 1324 4889; x_wconf 86' lang='lat' dir='ltr'><strong>(cf.</strong></span> <span class='ocrx_word' id='word_1_522' title='bbox 1344 4819 1427 4890; x_wconf 88' lang='lat' dir='ltr'><strong>Soph.</strong></span> <span class='ocrx_word' id='word_1_523' title='bbox 1449 4821 1513 4877; x_wconf 81' lang='lat' dir='ltr'><strong>Aut.</strong></span> <span class='ocrx_word' id='word_1_524' title='bbox 1533 4837 1586 4875; x_wconf 75' lang='lat' dir='ltr'><strong>ura</strong></span> 
     </span>
    </p>
   </div>
   <div class='ocr_carea' id='block_1_9' title="bbox 0 0 1726 5550">
    <p class='ocr_par' dir='ltr' id='par_1_10' title="bbox 0 0 1726 5550">
     <span class='ocr_line' id='line_1_52' title="bbox 0 0 1726 5550; baseline 0 0"><span class='ocrx_word' id='word_1_525' title='bbox 0 0 1726 5550; x_wconf 95' lang='lat' dir='ltr'><strong> </strong></span> 
     </span>
    </p>
   </div>
  </div>
 </body>
</html>
