3442 5550
761 435 894 485 PYTHIA
913 435 945 487 V.
1428 433 1488 496 171

216 602 399 662 clarissimus
429 602 586 680 iudicavit,
611 603 718 678 prioris
746 602 886 662 carminis
915 602 1063 661 cardinem
1088 603 1184 682 magis
1208 603 1287 663 circa
1309 604 1374 661 fata
1397 603 1492 681 Argo·

217 695 380 751 nautarum
403 695 434 750 ct
456 691 627 768 Demophili
651 695 761 751 sortem
784 711 875 767 quam
899 691 978 752 circa
996 691 1153 752 victoriam
1171 692 1317 752 Arcesilai
1335 692 1421 769 verti,
1441 691 1492 751 sod

218 782 285 840 inde
313 781 444 841 nondum
473 782 561 858 illud,
590 782 669 857 quod
697 782 733 841 de
761 781 891 840 carmine
919 781 1024 856 quinto
1048 784 1118 841 ante
1146 785 1289 858 quartum
1312 783 1392 841 facto
1423 801 1491 841 con-

218 871 316 948 clusit,
342 871 543 946 consequitur.
579 870 674 930 Immo
697 871 835 946 pluribus
857 870 956 930 causis
979 870 1010 929 in
1033 871 1213 931 contrariam
1237 871 1416 931 sententiam
1439 890 1493 930 nos

217 960 400 1019 deducimur.
438 960 574 1018 Primum
598 960 678 1020 enim
702 963 793 1036 poeta
815 960 846 1018 in
869 960 999 1020 carmine
1020 960 1052 1021 P.
1072 980 1091 1021 v
1110 961 1203 1020 situm
1225 961 1307 1020 urbis
1331 964 1393 1019 tam
1417 960 1491 1020 vivi-

217 1050 262 1108 dis
291 1053 321 1108 et
348 1049 426 1108 veris
455 1049 604 1109 coloribus
631 1049 778 1128 depinxit,
805 1053 842 1108 ut
868 1069 936 1109 eum
959 1054 1025 1109 tum
1048 1050 1111 1111 suis
1134 1051 1193 1109 iam
1218 1051 1312 1110 oculis
1335 1050 1439 1110 urbem
1462 1054 1492 1110 et

217 1159 324 1216 agrum
349 1139 545 1215 Cyrenaicum
576 1140 718 1199 lustrasse
749 1139 872 1215 sentias3
903 1139 968 1198 eius
998 1142 1099 1199 autem
1129 1140 1173 1199 rei
1202 1159 1271 1200 cum
1301 1140 1332 1199 in
1362 1139 1492 1199 carmine

217 1229 249 1288 P.
269 1247 301 1287 1v
320 1228 405 1293 nulla
423 1247 544 1304 prorsus
563 1228 673 1288 indicia
692 1231 892 1307 compareant,
914 1229 971 1288 hoc
993 1248 1112 1289 carmen
1135 1229 1288 1306 probabile
1311 1229 1346 1289 fit
1363 1231 1491 1307 poetam,

216 1318 393 1394 priusquam
408 1307 554 1395 C'yrenam
568 1318 673 1377 urbem
686 1318 818 1397 vidisset,
832 1318 1041 1394 composuisse.
1072 1319 1185 1378 Deinde
1201 1318 1315 1378 Carnea
1330 1319 1492 1396 quotannis

217 1407 344 1482 septimo
364 1407 411 1466 die
430 1408 539 1467 mensis
557 1407 783 1486 Metngitnionis
806 1411 875 1468 acta
898 1427 961 1467 esse
981 1429 1016 1468 ex
1034 1409 1114 1470 Plut.
1130 1428 1224 1485 symp.
1238 1428 1293 1468 vm
1314 1421 1338 1486 1,
1358 1420 1382 1484 2,
1401 1408 1491 1484 paulo

217 1500 287 1554 ante
308 1494 449 1572 Olympia
467 1490 524 1577 (sic
543 1496 645 1575 Unger
662 1497 770 1557 Philol.
789 1509 832 1573 33,
852 1509 913 1575 ⁶231,
935 1502 1031 1574 recte;
1053 1518 1113 1558 non
1136 1499 1231 1557 multo
1255 1501 1324 1574 post
1343 1495 1492 1576 Olympia,

217 1586 324 1645 Nissen
347 1585 402 1644 Rh.
421 1587 497 1645 Mus.
520 1598 568 1663 40,
587 1578 653 1667 35⁴2)
684 1606 720 1646 ex
749 1586 857 1646 Herod
881 1605 936 1646 vu1
961 1598 993 1647 72
1019 1586 1160 1664 efficitur,
1191 1587 1269 1646 unde
1298 1607 1358 1647 non
1388 1587 1493 1646 eodem

217 1694 276 1750 quo
304 1675 431 1734 victoria
458 1676 583 1752 Delphis
610 1679 699 1752 parta
726 1679 772 1736 est
799 1695 876 1735 anno
909 1695 1028 1736 carmen
1060 1677 1092 1737 P.
1118 1696 1137 1736 v
1164 1676 1265 1754 scribi,
1301 1676 1411 1735 nedum
1441 1677 1491 1754 agi

216 1764 330 1842 potuit,
363 1765 414 1823 sed
445 1785 505 1825 uno
538 1766 711 1841 pluribusve
744 1765 829 1824 annis
861 1764 1033 1826 interiectis.
1079 1766 1215 1842 Denique
1243 1766 1301 1825 duo
1329 1765 1387 1825 loci
1420 1769 1491 1825 sunt

217 1854 356 1913 carminis
385 1855 417 1917 P.
441 1874 460 1914 v
484 1867 517 1914 29
542 1859 572 1914 et
595 1866 641 1933 62,
670 1855 779 1931 quibus
806 1858 896 1931 poeta
923 1855 986 1931 ipse
1016 1875 1062 1915 res
1091 1855 1122 1913 in
1152 1856 1282 1916 carmine
1313 1858 1421 1932 quarto
1444 1875 1489 1914 re·

217 1943 294 2001 latas
322 1944 466 2019 respicere
493 1945 639 2003 videatur.
687 1945 768 2014 Quae
801 1964 869 2004 cum
898 1944 943 2003 ita
974 1945 1046 2020 sint,
1079 1945 1218 2021 equidem
1249 1945 1352 2004 nullus
1384 1944 1489 2019 dubito

217 2033 382 2092 sententiae
405 2034 542 2092 accedere
565 2034 709 2110 Leopoldi
732 2033 898 2110 Schmidtii,
917 2034 1001 2094 Pind.
1020 2034 1091 2093 Leb.
1109 2055 1138 2110 p.
1158 2045 1218 2111 ⁸283,
1238 2038 1269 2094 et
1286 2034 1405 2093 Rehmii
1423 2024 1490 2111 mei,

218 2120 328 2181 Canem.
348 2122 450 2197 philol.
471 2123 584 2183 lionae.
603 2143 632 2199 p.
653 2135 716 2199 150,
740 2123 792 2199 qui
811 2122 843 2181 P.
863 2142 882 2181 v
902 2124 1057 2200 aliquanto
1083 2126 1153 2199 post
1176 2124 1209 2183 P.
1228 2143 1269 2200 iv,
1293 2142 1361 2182 cum
1385 2123 1491 2201 auriga

217 2210 363 2271 Arcesilai
395 2211 558 2271 Carrhotus
590 2233 625 2270 ex
658 2212 783 2271 Graecia
814 2212 963 2289 rediisset,
998 2212 1142 2289 scriptum
1176 2216 1207 2272 et
1240 2215 1396 2272 cantatum
1429 2230 1491 2271 esso

217 2302 396 2359 statuerunt.
439 2300 592 2376 Quantum
615 2306 717 2360 autem
739 2302 881 2377 temporis
906 2302 983 2361 inter
1005 2302 1162 2362 victoriam
1184 2302 1342 2379 Pythicam
1367 2305 1397 2360 et
1421 2303 1490 2360 Car-

217 2409 281 2466 nea,
305 2390 413 2465 quibus
436 2391 491 2450 hoc
515 2410 632 2449 carrucn
656 2390 843 2467 cantabatur,
866 2392 1064 2467 interlapsum
1087 2392 1138 2469 sit,
1166 2392 1256 2451 huius
1278 2391 1323 2450 rei
1346 2391 1490 2450 indicium

216 2478 309 2538 latere
341 2479 460 2539 videtur
490 2480 521 2537 in
554 2479 610 2539 fine
643 2480 795 2558 carminis,
828 2500 887 2557 quo
920 2482 1071 2541 Arcesilao
1103 2482 1261 2541 victoriam
1293 2479 1490 2558 Olympicam,

217 2587 309 2645 quam
328 2588 396 2627 eum
416 2567 461 2628 Ol.
481 2580 515 2628 80
534 2572 726 2628 consecutum
745 2588 808 2629 esse
831 2571 920 2630 schol.
945 2571 982 2629 ad
1006 2572 1037 2630 P.
1057 2590 1088 2629 1v
1107 2571 1193 2631 iuscr.
1214 2573 1377 2648 testantur,
1401 2574 1492 2647 poeta

218 2661 392 2735 auguratur.
426 2659 539 2717 Verum
562 2659 636 2718 certi
658 2659 733 2718 nihil
757 2659 825 2719 inde
848 2659 925 2719 effici
948 2664 1056 2737 potest,
1080 2660 1152 2737 quia
1175 2665 1206 2719 et
1229 2679 1320 2736 quam
1338 2659 1369 2718 in
1389 2658 1491 2736 Olym-

216 2746 335 2822 piadem
365 2747 489 2822 Pythias
519 2748 668 2808 tricesima
697 2749 795 2825 prima
824 2749 963 2809 inciderit
991 2749 1049 2809 viri
1078 2748 1158 2809 docti
1185 2749 1321 2827 litigant,
1350 2752 1380 2808 et
1403 2749 1490 2809 facile

217 2834 280 2894 fieri
310 2837 422 2914 potnit,
455 2841 490 2895 ut
518 2838 688 2898 Arcesilaus
718 2839 778 2897 iam
802 2836 847 2898 01.
869 2849 901 2896 79
926 2839 1089 2898 certamina
1112 2837 1270 2914 Olympios
1300 2837 1409 2915 obiret,
1440 2839 1490 2897 sed

219 2945 276 2985 non
301 2926 356 2984 hac
380 2927 430 2985 sed
454 2927 589 3002 proxima
613 2927 789 3003 Olympiade
813 2928 946 3002 palmam
969 2928 1110 2987 victoriae
1134 2929 1233 2988 ferret.

306 3015 463 3091 Multiplex
494 3020 705 3093 argumentum
739 3016 877 3075 carminis
907 3036 942 3075 ex
972 3017 1064 3075 variis
1093 3017 1180 3074 rebus
1210 3016 1409 3092 compositum
1437 3020 1491 3092 cst,

217 3124 294 3181 quae
323 3107 359 3163 ut
387 3105 470 3163 tenui
498 3105 548 3164 filo
577 3125 644 3164 cum
672 3105 795 3164 consilio
824 3109 930 3181 poetae
961 3105 1117 3164 victoriam
1145 3106 1290 3165 Arcesilai
1322 3104 1491 3165 celebrandi

217 3194 385 3270 cohaerent,
408 3195 453 3252 ita
476 3195 567 3270 paulo
591 3195 703 3254 arctius
726 3213 795 3254 cum
818 3198 949 3269 tempore
974 3198 1004 3253 et
1027 3195 1100 3270 loco,
1123 3195 1232 3272 quibus
1250 3214 1370 3255 carmen
1389 3198 1490 3254 canta·

216 3282 319 3360 batur,
348 3284 523 3343 coniunctae
551 3288 629 3342 sunt.
675 3284 710 3341 In
739 3282 891 3359 prooemio
919 3283 1014 3362 igitur
1041 3283 1163 3343 divitias
1190 3303 1258 3343 curn
1281 3284 1394 3343 virtute
1423 3303 1490 3344 con·

216 3372 335 3430 iunctas
358 3376 447 3448 poeta
471 3374 588 3450 laudat,
617 3373 726 3449 quibus
749 3372 932 3449 Arcesilaus,
963 3373 1011 3432 cui
1035 3372 1174 3433 beneficio
1199 3373 1331 3433 Castoris
1355 3376 1386 3432 et
1408 3373 1491 3451 regia

216 3463 350 3536 potestas
378 3465 448 3537 post
477 3463 578 3522 civiles
609 3463 712 3521 turbas
741 3462 883 3521 restituta
913 3463 953 3521 sit
981 3465 1012 3521 ct
1034 3461 1192 3540 magnifica
1213 3463 1340 3522 victoria
1363 3462 1491 3540 Pythiea

217 3550 382 3626 obvenerit,
416 3571 493 3610 nnnc
526 3572 594 3611 cum
626 3552 752 3610 marimo
785 3552 913 3611 eminere
951 3552 1141 3628 praedicatur
1173 3544 1299 3633 (1-22).
1350 3552 1490 3627 Inprimis

218 3638 396 3699 Carrhotum
421 3642 557 3719 aurigam
581 3661 635 3701 sua
658 3642 746 3700 laude
771 3642 937 3700 ornandum
961 3661 1033 3719 esse,
1057 3641 1108 3717 qui
1131 3661 1166 3699 er
1189 3660 1298 3719 magno
1322 3641 1491 3719 naufragio,

218 3748 276 3805 quo
310 3730 511 3808 qnadraginta
543 3750 647 3789 currus
679 3730 803 3807 Delphis
833 3736 1019 3809 corruerant,
1051 3731 1167 3808 integer
1194 3734 1225 3789 et
1246 3731 1343 3790 victor
1369 3730 1490 3788 domum

217 3819 339 3877 redierit
377 3811 519 3898 (as-53).
575 3819 686 3889 Quodsi
726 3819 882 3879 victoriam
920 3820 971 3879 ille
1007 3840 1060 3896 per
1095 3820 1226 3879 laborem
1264 3819 1492 3894 comparaverit,

217 3907 247 3965 id
280 3927 298 3966 a
330 3908 418 3967 rebus
456 3909 553 3985 Batti,
590 3909 751 3969 conditoris
784 3909 867 3968 urbis
899 3908 1097 3985 Cyrenarum,
1135 3929 1193 3968 non
1230 3908 1401 3986 abhorrere,
1439 3909 1491 3985 qui

218 3997 354 4072 quamvis
383 3998 532 4056 aerumnis
560 4019 619 4057 non
647 3998 789 4076 caruerit,
817 4001 916 4057 tamen
948 3998 1062 4076 insigne
1093 3999 1182 4058 decus
1213 4018 1283 4058 suae
1314 3999 1412 4077 gentis
1443 4018 1490 4057 ex-

217 4087 343 4163 stiterit,
377 4087 407 4144 in
437 4087 589 4147 condenda
619 4087 691 4146 urbe
724 4087 844 4146 numine
877 4088 1027 4163 Apollinis
1061 4088 1183 4146 adiutus
1218 4081 1369 4168 (54-69),
1405 4088 1491 4148 cuius

218 4175 351 4234 eiusdem
381 4175 428 4234 dei
459 4177 579 4235 oraculo
611 4177 702 4235 etiam
732 4176 869 4236 Herculis
902 4177 955 4235 tilii
988 4178 1025 4236 ad
1058 4178 1260 4253 occupandam
1295 4178 1490 4237 [lacedaemo-

216 4284 283 4324 nem
313 4265 458 4340 compulsi
489 4265 556 4324 sint.
602 4267 646 4324 Es
676 4285 748 4344 agro
772 4265 1006 4326 Lacedaemonio
1038 4267 1166 4343 Aegidas
1201 4267 1330 4342 primum
1362 4267 1489 4325 Theram

216 4354 360 4429 insulam,
389 4355 494 4413 deinde
522 4354 552 4412 in
578 4355 702 4430 Libyam
726 4355 853 4432 venisse,
878 4358 992 4414 Darnea
1020 4374 1104 4414 sacra
1132 4376 1166 4415 ex
1194 4356 1352 4432 metropoli
1381 4356 1410 4413 in
1441 4374 1487 4414 co·

217 4443 312 4503 lonias
343 4445 470 4502 ferentes
502 4439 652 4524 (sss-81l3
685 4444 815 4521 Cyrenas
843 4447 945 4504 autem
973 4464 1042 4504 cum
1070 4451 1159 4505 antea
1186 4445 1387 4504 Antenoridae
1417 4445 1489 4503 Tro·

217 4532 277 4591 iani
308 4531 518 4610 obtinuissent,
542 4535 667 4592 Battum
691 4535 778 4610 quasi
808 4533 905 4593 denuo
935 4534 1099 4594 condidisse
1128 4537 1159 4593 ct
1185 4534 1340 4612 magnifice
1372 4534 1489 4592 auxisse

218 4613 361 4703 (sa-93).
408 4623 544 4699 Denique
569 4643 587 4681 a
609 4623 761 4683 conditore
785 4623 867 4681 urbis
890 4623 1100 4700 veteribusque
1128 4623 1261 4701 regibus,
1290 4642 1417 4697 quorum
1447 4642 1490 4681 se-

218 4712 323 4787 pulcra
345 4732 455 4787 pompa
482 4713 764 4787 praetervehebatur
789 4706 955 4791 (sl-101),
981 4713 1018 4770 ad
1044 4712 1190 4770 Arcesilai
1216 4713 1343 4770 virtutos
1373 4711 1489 4787 praedi-

219 4801 327 4860 candas
350 4804 439 4877 poeta
468 4801 544 4859 redit
572 4806 602 4860 ct
627 4821 680 4877 pro
706 4801 770 4860 eius
797 4802 900 4860 lutura
925 4802 1023 4860 salute
1048 4801 1234 4876 victoriaque
1259 4798 1416 4876 Olympica
1439 4801 1490 4877 pia

219 4892 289 4950 vota
312 4890 386 4949 facit
408 4881 586 4970 (ros-124).
