<?xml version="1.0" encoding="UTF-8"?>
<!DOCTYPE html PUBLIC "-//W3C//DTD XHTML 1.0 Transitional//EN"
    "http://www.w3.org/TR/xhtml1/DTD/xhtml1-transitional.dtd">
<html xmlns="http://www.w3.org/1999/xhtml" xml:lang="en" lang="en">
 <head>
  <title>
</title>
<meta http-equiv="Content-Type" content="text/html;charset=utf-8" />
  <meta name='ocr-system' content='tesseract 3.04.00' />
  <meta name='ocr-capabilities' content='ocr_page ocr_carea ocr_par ocr_line ocrx_word'/>
</head>
<body>
  <div class='ocr_page' id='page_1' title='image "./pindaricarminap00chrigoog_0524.png"; bbox 0 0 3442 5550; ppageno 0'>
   <div class='ocr_carea' id='block_1_1' title="bbox 696 427 1031 497">
    <p class='ocr_par' dir='ltr' id='par_1_1' title="bbox 696 427 1031 497">
     <span class='ocr_line' id='line_1_1' title="bbox 696 427 1031 497; baseline 0.006 -19"><span class='ocrx_word' id='word_1_1' title='bbox 696 429 845 480; x_wconf 76' lang='lat' dir='ltr'>rsranm</span> <span class='ocrx_word' id='word_1_2' title='bbox 863 430 929 479; x_wconf 80' lang='lat' dir='ltr'>vul</span> <span class='ocrx_word' id='word_1_3' title='bbox 947 427 1031 497; x_wconf 74' lang='lat' dir='ltr'>[vm.</span> 
     </span>
    </p>
   </div>
   <div class='ocr_carea' id='block_1_2' title="bbox 227 588 987 1315">
    <p class='ocr_par' dir='ltr' id='par_1_2' title="bbox 227 588 987 1315">
     <span class='ocr_line' id='line_1_2' title="bbox 306 588 966 675; baseline 0.003 -23"><span class='ocrx_word' id='word_1_4' title='bbox 306 591 430 675; x_wconf 80' lang='grc' dir='ltr'><em>Αἰγίνᾳ</em></span> <span class='ocrx_word' id='word_1_5' title='bbox 453 593 606 674; x_wconf 80' lang='grc' dir='ltr'><strong><em>Χαρίτων</em></strong></span> <span class='ocrx_word' id='word_1_6' title='bbox 629 591 753 655; x_wconf 87' lang='grc' dir='ltr'><strong><em>ἀω-τον</em></strong></span> <span class='ocrx_word' id='word_1_7' title='bbox 774 588 966 675; x_wconf 79' lang='grc' dir='ltr'><em>προνέμειν,</em></span> 
     </span>
     <span class='ocr_line' id='line_1_3' title="bbox 306 695 808 782; baseline 0.004 -22"><span class='ocrx_word' id='word_1_8' title='bbox 306 697 429 781; x_wconf 88' lang='grc' dir='ltr'><strong><em>πατρὸς</em></strong></span> <span class='ocrx_word' id='word_1_9' title='bbox 452 697 572 761; x_wconf 78' lang='grc' dir='ltr'><strong><em>οὕνεκα</em></strong></span> <span class='ocrx_word' id='word_1_10' title='bbox 596 698 733 782; x_wconf 77' lang='grc' dir='ltr'><strong><em>δίδυμαι</em></strong></span> <span class='ocrx_word' id='word_1_11' title='bbox 755 695 808 780; x_wconf 83' lang='grc' dir='ltr'><strong><em>γε’-</em></strong></span> 
     </span>
     <span class='ocr_line' id='line_1_4' title="bbox 352 803 862 890; baseline 0.002 -23"><span class='ocrx_word' id='word_1_12' title='bbox 352 826 449 868; x_wconf 94' lang='grc' dir='ltr'><strong><em>νοντο</em></strong></span> <span class='ocrx_word' id='word_1_13' title='bbox 472 804 635 890; x_wconf 79' lang='grc' dir='ltr'><em>θύγατρες</em></span> <span class='ocrx_word' id='word_1_14' title='bbox 652 803 862 870; x_wconf 83' lang='grc' dir='ltr'><strong><em>Ἀ-σωπίδων</em></strong></span> 
     </span>
     <span class='ocr_line' id='line_1_5' title="bbox 227 909 987 994; baseline 0.001 -20"><span class='ocrx_word' id='word_1_15' title='bbox 227 919 282 984; x_wconf 75' lang='lat'>(20)</span> <span class='ocrx_word' id='word_1_16' title='bbox 306 909 497 994; x_wconf 80' lang='grc' dir='ltr'><strong><em>ὁπλόταται,</em></strong></span> <span class='ocrx_word' id='word_1_17' title='bbox 523 913 609 992; x_wconf 85' lang='grc' dir='ltr'><strong><em>Ζηνί</em></strong></span> <span class='ocrx_word' id='word_1_18' title='bbox 628 933 663 974; x_wconf 86' lang='grc' dir='ltr'>τε</span> <span class='ocrx_word' id='word_1_19' title='bbox 684 911 791 975; x_wconf 76' lang='grc' dir='ltr'><strong><em>ίάδον</em></strong></span> <span class='ocrx_word' id='word_1_20' title='bbox 813 951 826 960; x_wconf 97' lang='grc'>-</span> <span class='ocrx_word' id='word_1_21' title='bbox 850 910 987 994; x_wconf 80' lang='grc' dir='ltr'><strong><em>βασιλέι.</em></strong></span> 
     </span>
     <span class='ocr_line' id='line_1_6' title="bbox 306 1014 788 1106; baseline 0 -25"><span class='ocrx_word' id='word_1_22' title='bbox 306 1015 324 1081; x_wconf 87' lang='grc' dir='ltr'><strong><em>δ</em></strong></span> <span class='ocrx_word' id='word_1_23' title='bbox 347 1017 408 1081; x_wconf 86' lang='grc' dir='ltr'><strong><em>τάν</em></strong></span> <span class='ocrx_word' id='word_1_24' title='bbox 430 1014 491 1101; x_wconf 72' lang='grc' dir='ltr'>μὲν</span> <span class='ocrx_word' id='word_1_25' title='bbox 513 1016 601 1101; x_wconf 92' lang='grc' dir='ltr'>παρά</span> <span class='ocrx_word' id='word_1_26' title='bbox 624 1019 788 1106; x_wconf 76' lang='grc' dir='ltr'><strong><em>καλλιρόῳ</em></strong></span> 
     </span>
     <span class='ocr_line' id='line_1_7' title="bbox 235 1123 885 1212; baseline 0.002 -24"><span class='ocrx_word' id='word_1_27' title='bbox 235 1141 269 1188; x_wconf 80' lang='lat'>20</span> <span class='ocrx_word' id='word_1_28' title='bbox 305 1126 414 1210; x_wconf 81' lang='grc' dir='ltr'><strong><em>Δίρκᾳ</em></strong></span> <span class='ocrx_word' id='word_1_29' title='bbox 437 1125 646 1209; x_wconf 79' lang='grc' dir='ltr'><strong><em>φιλαρμάτου</em></strong></span> <span class='ocrx_word' id='word_1_30' title='bbox 669 1164 682 1172; x_wconf 99' lang='grc'>-</span> <span class='ocrx_word' id='word_1_31' title='bbox 705 1127 821 1201; x_wconf 89' lang='grc' dir='ltr'><strong><em>πόλιος</em></strong></span> <span class='ocrx_word' id='word_1_32' title='bbox 843 1123 885 1212; x_wconf 78' lang='grc' dir='ltr'>ᾤ-</span> 
     </span>
     <span class='ocr_line' id='line_1_8' title="bbox 349 1230 644 1315; baseline 0 -20"><span class='ocrx_word' id='word_1_33' title='bbox 349 1248 462 1296; x_wconf 90' lang='grc' dir='ltr'><strong><em>κισσεν</em></strong></span> <span class='ocrx_word' id='word_1_34' title='bbox 485 1230 644 1315; x_wconf 81' lang='grc' dir='ltr'>ἁγεμόνα·</span> 
     </span>
    </p>
   </div>
   <div class='ocr_carea' id='block_1_3' title="bbox 221 1406 1499 2782">
    <p class='ocr_par' dir='ltr' id='par_1_3' title="bbox 221 1406 1499 2782">
     <span class='ocr_line' id='line_1_9' title="bbox 306 1406 1499 1499; baseline 0.004 -26"><span class='ocrx_word' id='word_1_35' title='bbox 306 1406 341 1474; x_wconf 71' lang='grc' dir='ltr'>ολ</span> <span class='ocrx_word' id='word_1_36' title='bbox 365 1408 394 1474; x_wconf 83' lang='grc' dir='ltr'>δ’</span> <span class='ocrx_word' id='word_1_37' title='bbox 423 1408 457 1486; x_wconf 77' lang='grc' dir='ltr'>ἐς</span> <span class='ocrx_word' id='word_1_38' title='bbox 478 1418 582 1474; x_wconf 84' lang='grc' dir='ltr'><em>νᾶσον</em></span> <span class='ocrx_word' id='word_1_39' title='bbox 607 1411 772 1475; x_wconf 79' lang='grc' dir='ltr'>Οἰνοπίαν</span> <span class='ocrx_word' id='word_1_40' title='bbox 795 1409 937 1493; x_wconf 79' lang='grc' dir='ltr'><em>ἐνεγκὼν</em></span> <span class='ocrx_word' id='word_1_41' title='bbox 1275 1417 1355 1499; x_wconf 88' lang='grc' dir='ltr'><strong><em>Στρ.</em></strong></span> <span class='ocrx_word' id='word_1_42' title='bbox 1379 1413 1418 1495; x_wconf 86' lang='grc' dir='ltr'>γ’.</span> <span class='ocrx_word' id='word_1_43' title='bbox 1464 1431 1499 1479; x_wconf 74' lang='lat'>45</span> 
     </span>
     <span class='ocr_line' id='line_1_10' title="bbox 305 1515 773 1601; baseline 0 -20"><span class='ocrx_word' id='word_1_44' title='bbox 305 1526 455 1601; x_wconf 80' lang='grc' dir='ltr'>κοιμᾶτο,</span> <span class='ocrx_word' id='word_1_45' title='bbox 479 1517 554 1581; x_wconf 83' lang='grc' dir='ltr'><strong><em>δῖον</em></strong></span> <span class='ocrx_word' id='word_1_46' title='bbox 577 1519 661 1581; x_wconf 81' lang='grc' dir='ltr'><strong><em>ἔνθα</em></strong></span> <span class='ocrx_word' id='word_1_47' title='bbox 684 1515 773 1593; x_wconf 79' lang='grc' dir='ltr'><strong><em>τέκες</em></strong></span> 
     </span>
     <span class='ocr_line' id='line_1_11' title="bbox 306 1623 704 1710; baseline -0.003 -22"><span class='ocrx_word' id='word_1_48' title='bbox 306 1625 433 1689; x_wconf 84' lang='grc' dir='ltr'><strong><em>Αίακδν</em></strong></span> <span class='ocrx_word' id='word_1_49' title='bbox 456 1623 704 1710; x_wconf 77' lang='grc' dir='ltr'><strong><em>βαρυσφαράγῳ</em></strong></span> 
     </span>
     <span class='ocr_line' id='line_1_12' title="bbox 349 1728 1030 1816; baseline 0.001 -21"><span class='ocrx_word' id='word_1_50' title='bbox 349 1728 449 1816; x_wconf 81' lang='grc' dir='ltr'><strong><em>πατρὶ</em></strong></span> <span class='ocrx_word' id='word_1_51' title='bbox 472 1731 670 1796; x_wconf 78' lang='grc' dir='ltr'>κεδνότατον</span> <span class='ocrx_word' id='word_1_52' title='bbox 693 1729 909 1814; x_wconf 79' lang='grc' dir='ltr'><strong><em>ἐπιχθονίων·</em></strong></span> <span class='ocrx_word' id='word_1_53' title='bbox 933 1731 951 1796; x_wconf 87' lang='grc' dir='ltr'><strong><em>δ</em></strong></span> <span class='ocrx_word' id='word_1_54' title='bbox 975 1731 1030 1797; x_wconf 81' lang='grc' dir='ltr'>καὶ</span> 
     </span>
     <span class='ocr_line' id='line_1_13' title="bbox 225 1835 720 1922; baseline -0.006 -19"><span class='ocrx_word' id='word_1_55' title='bbox 225 1849 280 1912; x_wconf 78' lang='lat'>(25)</span> <span class='ocrx_word' id='word_1_56' title='bbox 305 1840 496 1922; x_wconf 82' lang='grc' dir='ltr'><strong><em>δαιμόνεσσι</em></strong></span> <span class='ocrx_word' id='word_1_57' title='bbox 520 1838 614 1914; x_wconf 80' lang='grc' dir='ltr'><strong><em>δίκας</em></strong></span> <span class='ocrx_word' id='word_1_58' title='bbox 638 1835 720 1902; x_wconf 79' lang='grc' dir='ltr'><strong><em>ἐπεί-</em></strong></span> 
     </span>
     <span class='ocr_line' id='line_1_14' title="bbox 349 1941 794 2030; baseline 0 -21"><span class='ocrx_word' id='word_1_59' title='bbox 349 1965 455 2030; x_wconf 85' lang='grc' dir='ltr'><strong><em>ραινε·</em></strong></span> <span class='ocrx_word' id='word_1_60' title='bbox 479 1952 538 2009; x_wconf 89' lang='grc' dir='ltr'>τοῦ</span> <span class='ocrx_word' id='word_1_61' title='bbox 561 1941 622 2029; x_wconf 66' lang='grc' dir='ltr'>μὲν</span> <span class='ocrx_word' id='word_1_62' title='bbox 644 1943 794 2010; x_wconf 75' lang='grc' dir='ltr'><strong><em>ἀντίθεοι</em></strong></span> 
     </span>
     <span class='ocr_line' id='line_1_15' title="bbox 233 2049 661 2138; baseline -0.005 -20"><span class='ocrx_word' id='word_1_63' title='bbox 233 2070 266 2118; x_wconf 73' lang='grc' dir='ltr'>ιο</span> <span class='ocrx_word' id='word_1_64' title='bbox 304 2052 479 2138; x_wconf 83' lang='grc' dir='ltr'><strong><em>ἀρίστευον</em></strong></span> <span class='ocrx_word' id='word_1_65' title='bbox 502 2049 588 2128; x_wconf 78' lang='grc' dir='ltr'><strong><em>νίέες</em></strong></span> <span class='ocrx_word' id='word_1_66' title='bbox 610 2053 661 2116; x_wconf 88' lang='grc' dir='ltr'>υί-</span> 
     </span>
     <span class='ocr_line' id='line_1_16' title="bbox 347 2157 979 2249; baseline -0.003 -25"><span class='ocrx_word' id='word_1_67' title='bbox 347 2161 411 2249; x_wconf 79' lang='grc' dir='ltr'><strong><em>έῳν</em></strong></span> <span class='ocrx_word' id='word_1_68' title='bbox 433 2165 464 2224; x_wconf 70' lang='grc' dir='ltr'>τ’</span> <span class='ocrx_word' id='word_1_69' title='bbox 489 2158 660 2244; x_wconf 84' lang='grc' dir='ltr'><strong><em>ἀρηίφιλοι</em></strong></span> <span class='ocrx_word' id='word_1_70' title='bbox 684 2199 697 2207; x_wconf 93' lang='grc'><strong>-</strong></span> <span class='ocrx_word' id='word_1_71' title='bbox 720 2159 837 2234; x_wconf 81' lang='grc' dir='ltr'><strong><em>παῖδες</em></strong></span> <span class='ocrx_word' id='word_1_72' title='bbox 858 2157 979 2245; x_wconf 83' lang='grc' dir='ltr'><strong><em>ἀνορεά</em></strong></span> 
     </span>
     <span class='ocr_line' id='line_1_17' title="bbox 346 2263 1062 2352; baseline -0.001 -21"><span class='ocrx_word' id='word_1_73' title='bbox 346 2269 485 2352; x_wconf 81' lang='grc' dir='ltr'><strong><em>χάλκεον</em></strong></span> <span class='ocrx_word' id='word_1_74' title='bbox 507 2263 672 2331; x_wconf 85' lang='grc' dir='ltr'><strong><em>στονόεντ’</em></strong></span> <span class='ocrx_word' id='word_1_75' title='bbox 700 2305 713 2314; x_wconf 95' lang='grc'>-</span> <span class='ocrx_word' id='word_1_76' title='bbox 738 2264 900 2349; x_wconf 79' lang='grc' dir='ltr'><strong><em>ἀμφέπειν</em></strong></span> <span class='ocrx_word' id='word_1_77' title='bbox 923 2265 1062 2351; x_wconf 84' lang='grc' dir='ltr'><strong><em>όμαδον·</em></strong></span> 
     </span>
     <span class='ocr_line' id='line_1_18' title="bbox 346 2371 1124 2460; baseline 0 -21"><span class='ocrx_word' id='word_1_78' title='bbox 346 2372 518 2460; x_wconf 78' lang='grc' dir='ltr'><strong><em>σώφρονές</em></strong></span> <span class='ocrx_word' id='word_1_79' title='bbox 541 2371 569 2437; x_wconf 90' lang='grc' dir='ltr'>τ’</span> <span class='ocrx_word' id='word_1_80' title='bbox 599 2371 752 2456; x_wconf 80' lang='grc' dir='ltr'><strong><em>ἐγένοντο</em></strong></span> <span class='ocrx_word' id='word_1_81' title='bbox 775 2375 926 2437; x_wconf 88' lang='grc' dir='ltr'><strong><em>πινυ-τοί</em></strong></span> <span class='ocrx_word' id='word_1_82' title='bbox 946 2396 981 2437; x_wconf 89' lang='grc' dir='ltr'>τε</span> <span class='ocrx_word' id='word_1_83' title='bbox 1004 2376 1124 2458; x_wconf 84' lang='grc' dir='ltr'><strong><em>θυμόν.</em></strong></span> 
     </span>
     <span class='ocr_line' id='line_1_19' title="bbox 302 2477 1031 2565; baseline 0 -20"><span class='ocrx_word' id='word_1_84' title='bbox 302 2490 403 2546; x_wconf 85' lang='grc' dir='ltr'><strong><em>ταῦτα</em></strong></span> <span class='ocrx_word' id='word_1_85' title='bbox 427 2478 481 2544; x_wconf 80' lang='grc' dir='ltr'>καλ</span> <span class='ocrx_word' id='word_1_86' title='bbox 504 2481 662 2565; x_wconf 86' lang='grc' dir='ltr'><strong><em>μακάρων</em></strong></span> <span class='ocrx_word' id='word_1_87' title='bbox 686 2477 870 2564; x_wconf 77' lang='grc' dir='ltr'><strong><em>ἐμέμναντ’</em></strong></span> <span class='ocrx_word' id='word_1_88' title='bbox 898 2479 1031 2565; x_wconf 88' lang='grc' dir='ltr'><strong><em>ἀγοραί,</em></strong></span> 
     </span>
     <span class='ocr_line' id='line_1_20' title="bbox 221 2585 1495 2671; baseline 0.002 -17"><span class='ocrx_word' id='word_1_89' title='bbox 221 2599 277 2660; x_wconf 78' lang='grc'>(30)</span> <span class='ocrx_word' id='word_1_90' title='bbox 303 2591 386 2664; x_wconf 89' lang='grc' dir='ltr'><strong><em>Ζεὺς</em></strong></span> <span class='ocrx_word' id='word_1_91' title='bbox 409 2585 456 2653; x_wconf 87' lang='grc' dir='ltr'>ὅτ’</span> <span class='ocrx_word' id='word_1_92' title='bbox 485 2585 569 2671; x_wconf 75' lang='grc' dir='ltr'><strong><em>ἀμφὶ</em></strong></span> <span class='ocrx_word' id='word_1_93' title='bbox 595 2585 710 2664; x_wconf 81' lang='grc' dir='ltr'><strong><em>Θέτιος</em></strong></span> <span class='ocrx_word' id='word_1_94' title='bbox 732 2586 830 2669; x_wconf 85' lang='grc' dir='ltr'><strong><em>ἀγλα·</em></strong></span> <span class='ocrx_word' id='word_1_95' title='bbox 1461 2607 1495 2656; x_wconf 85' lang='grc' dir='ltr'>οο</span> 
     </span>
     <span class='ocr_line' id='line_1_21' title="bbox 346 2693 911 2782; baseline -0.002 -23"><span class='ocrx_word' id='word_1_96' title='bbox 346 2699 381 2771; x_wconf 88' lang='grc' dir='ltr'>ός</span> <span class='ocrx_word' id='word_1_97' title='bbox 404 2693 431 2758; x_wconf 91' lang='grc' dir='ltr'>τ’</span> <span class='ocrx_word' id='word_1_98' title='bbox 459 2697 574 2779; x_wconf 82' lang='grc' dir='ltr'><strong><em>ἔρισαν</em></strong></span> <span class='ocrx_word' id='word_1_99' title='bbox 597 2694 782 2759; x_wconf 83' lang='grc' dir='ltr'><strong><em>Ποσει-δᾶν</em></strong></span> <span class='ocrx_word' id='word_1_100' title='bbox 805 2694 911 2782; x_wconf 90' lang='grc' dir='ltr'><strong><em>γάμῳ,</em></strong></span> 
     </span>
    </p>
   </div>
   <div class='ocr_carea' id='block_1_4' title="bbox 221 2822 431 2830">
    <p class='ocr_par' dir='ltr' id='par_1_4' title="bbox 221 2822 431 2830">
     <span class='ocr_line' id='line_1_22' title="bbox 221 2822 431 2830; baseline -0.01 0"><span class='ocrx_word' id='word_1_101' title='bbox 221 2822 431 2830; x_wconf 76' lang='lat'>——-—.</span> 
     </span>
    </p>
   </div>
   <div class='ocr_carea' id='block_1_5' title="bbox 220 2882 1495 3240">
    <p class='ocr_par' dir='ltr' id='par_1_5' title="bbox 220 2882 1495 3240">
     <span class='ocr_line' id='line_1_23' title="bbox 293 2882 1495 2957; baseline 0.002 -16"><span class='ocrx_word' id='word_1_102' title='bbox 293 2892 333 2941; x_wconf 83' lang='grc'>17.</span> <span class='ocrx_word' id='word_1_103' title='bbox 349 2886 488 2956; x_wconf 78' lang='grc' dir='ltr'>θύγατρες</span> <span class='ocrx_word' id='word_1_104' title='bbox 502 2886 599 2942; x_wconf 70' lang='lat' dir='ltr'>Trici:</span> <span class='ocrx_word' id='word_1_105' title='bbox 618 2882 772 2955; x_wconf 72' lang='grc' dir='ltr'><strong><em>θυγατέρες</em></strong></span> <span class='ocrx_word' id='word_1_106' title='bbox 786 2886 816 2940; x_wconf 92' lang='lat' dir='ltr'><em>D</em></span> <span class='ocrx_word' id='word_1_107' title='bbox 830 2917 863 2926; x_wconf 92' lang='lat'>—</span> <span class='ocrx_word' id='word_1_108' title='bbox 875 2884 1030 2941; x_wconf 72' lang='grc' dir='ltr'><strong><em>Ἀσωπίδων</em></strong></span> <span class='ocrx_word' id='word_1_109' title='bbox 1043 2885 1077 2941; x_wconf 80' lang='grc' dir='ltr'>δ’</span> <span class='ocrx_word' id='word_1_110' title='bbox 1095 2887 1153 2943; x_wconf 90' lang='grc' dir='ltr'><strong><em>δπλ.</em></strong></span> <span class='ocrx_word' id='word_1_111' title='bbox 1170 2887 1259 2957; x_wconf 62' lang='lat' dir='ltr'>codd,</span> <span class='ocrx_word' id='word_1_112' title='bbox 1276 2887 1310 2943; x_wconf 79' lang='grc' dir='ltr'>δ’</span> <span class='ocrx_word' id='word_1_113' title='bbox 1327 2888 1393 2944; x_wconf 83' lang='lat' dir='ltr'>eiee.</span> <span class='ocrx_word' id='word_1_114' title='bbox 1409 2889 1495 2944; x_wconf 84' lang='lat' dir='ltr'>Pauw</span> 
     </span>
     <span class='ocr_line' id='line_1_24' title="bbox 221 2955 1494 3027; baseline 0.002 -14"><span class='ocrx_word' id='word_1_115' title='bbox 221 2976 311 3027; x_wconf 90' lang='lat' dir='ltr'>neque</span> <span class='ocrx_word' id='word_1_116' title='bbox 330 2957 432 3027; x_wconf 80' lang='lat' dir='ltr'>legisse</span> <span class='ocrx_word' id='word_1_117' title='bbox 452 2958 583 3012; x_wconf 89' lang='lat' dir='ltr'>videntur</span> <span class='ocrx_word' id='word_1_118' title='bbox 602 2956 687 3012; x_wconf 88' lang='lat' dir='ltr'>schol.</span> <span class='ocrx_word' id='word_1_119' title='bbox 708 2989 741 2997; x_wconf 92' lang='lat'>—</span> <span class='ocrx_word' id='word_1_120' title='bbox 762 2962 803 3012; x_wconf 81' lang='lat'>18.</span> <span class='ocrx_word' id='word_1_121' title='bbox 823 2955 974 3012; x_wconf 86' lang='grc' dir='ltr'><strong><em>όπλόταται</em></strong></span> <span class='ocrx_word' id='word_1_122' title='bbox 988 2958 1084 3013; x_wconf 80' lang='lat' dir='ltr'>Tbicl.:</span> <span class='ocrx_word' id='word_1_123' title='bbox 1105 2956 1244 3013; x_wconf 81' lang='grc' dir='ltr'><strong><em>δπλότστα</em></strong></span> <span class='ocrx_word' id='word_1_124' title='bbox 1260 2960 1289 3014; x_wconf 92' lang='lat' dir='ltr'><em>D</em></span> <span class='ocrx_word' id='word_1_125' title='bbox 1302 2992 1337 3000; x_wconf 92' lang='lat'>-</span> <span class='ocrx_word' id='word_1_126' title='bbox 1352 2967 1393 3016; x_wconf 82' lang='lat'>20.</span> <span class='ocrx_word' id='word_1_127' title='bbox 1413 2961 1494 3015; x_wconf 78' lang='grc' dir='ltr'><strong><em>ὤκισ-</em></strong></span> 
     </span>
     <span class='ocr_line' id='line_1_25' title="bbox 221 3027 1495 3107; baseline 0.002 -23"><span class='ocrx_word' id='word_1_128' title='bbox 221 3048 269 3085; x_wconf 85' lang='grc' dir='ltr'><strong><em>οεν</em></strong></span> <span class='ocrx_word' id='word_1_129' title='bbox 288 3029 384 3085; x_wconf 84' lang='lat' dir='ltr'>Tn’ol.:</span> <span class='ocrx_word' id='word_1_130' title='bbox 404 3028 505 3102; x_wconf 80' lang='grc' dir='ltr'><strong><em>ᾤκισεν</em></strong></span> <span class='ocrx_word' id='word_1_131' title='bbox 519 3029 549 3083; x_wconf 92' lang='lat' dir='ltr'><em>D</em></span> <span class='ocrx_word' id='word_1_132' title='bbox 567 3061 600 3069; x_wconf 92' lang='lat'>—</span> <span class='ocrx_word' id='word_1_133' title='bbox 621 3035 663 3084; x_wconf 77' lang='lat'>21.</span> <span class='ocrx_word' id='word_1_134' title='bbox 683 3027 776 3098; x_wconf 72' lang='grc' dir='ltr'><strong><em>ἔνεγκε</em></strong></span> <span class='ocrx_word' id='word_1_135' title='bbox 794 3033 878 3103; x_wconf 75' lang='grc' dir='ltr'><strong><em>κοιμᾷ</em></strong></span> <span class='ocrx_word' id='word_1_136' title='bbox 892 3048 921 3083; x_wconf 86' lang='grc' dir='ltr'>τε</span> <span class='ocrx_word' id='word_1_137' title='bbox 937 3029 1006 3083; x_wconf 87' lang='lat' dir='ltr'>coni.</span> <span class='ocrx_word' id='word_1_138' title='bbox 1021 3030 1165 3085; x_wconf 77' lang='lat' dir='ltr'><strong>Hermann</strong></span> <span class='ocrx_word' id='word_1_139' title='bbox 1179 3063 1213 3070; x_wconf 95' lang='lat'>—</span> <span class='ocrx_word' id='word_1_140' title='bbox 1228 3037 1269 3085; x_wconf 78' lang='lat'>23.</span> <span class='ocrx_word' id='word_1_141' title='bbox 1290 3031 1495 3107; x_wconf 81' lang='grc' dir='ltr'><strong><em>βαρυομαράγῳ</em></strong></span> 
     </span>
     <span class='ocr_line' id='line_1_26' title="bbox 221 3097 1493 3169; baseline 0.003 -14"><span class='ocrx_word' id='word_1_142' title='bbox 221 3101 291 3156; x_wconf 87' lang='lat' dir='ltr'>coni.</span> <span class='ocrx_word' id='word_1_143' title='bbox 311 3101 480 3155; x_wconf 84' lang='lat' dir='ltr'>Herwerden</span> <span class='ocrx_word' id='word_1_144' title='bbox 504 3132 537 3141; x_wconf 89' lang='lat'>-</span> <span class='ocrx_word' id='word_1_145' title='bbox 561 3106 602 3154; x_wconf 76' lang='lat'>24.</span> <span class='ocrx_word' id='word_1_146' title='bbox 628 3100 768 3168; x_wconf 77' lang='grc' dir='ltr'><strong><em>ἐπείραινε</em></strong></span> <span class='ocrx_word' id='word_1_147' title='bbox 792 3099 887 3156; x_wconf 82' lang='lat' dir='ltr'>Trich:</span> <span class='ocrx_word' id='word_1_148' title='bbox 913 3097 1043 3169; x_wconf 75' lang='grc' dir='ltr'><strong><em>ἐπέραινε</em></strong></span> <span class='ocrx_word' id='word_1_149' title='bbox 1067 3101 1097 3155; x_wconf 92' lang='lat' dir='ltr'><em>D</em></span> <span class='ocrx_word' id='word_1_150' title='bbox 1115 3133 1147 3142; x_wconf 94' lang='lat'><em>-</em></span> <span class='ocrx_word' id='word_1_151' title='bbox 1173 3107 1214 3158; x_wconf 76' lang='lat'>25.</span> <span class='ocrx_word' id='word_1_152' title='bbox 1235 3101 1375 3157; x_wconf 84' lang='grc' dir='ltr'><strong><em>στονόεντ’</em></strong></span> <span class='ocrx_word' id='word_1_153' title='bbox 1396 3103 1493 3161; x_wconf 74' lang='lat' dir='ltr'>Trici:</span> 
     </span>
     <span class='ocr_line' id='line_1_27' title="bbox 220 3170 1298 3240; baseline -0.001 -12"><span class='ocrx_word' id='word_1_154' title='bbox 220 3171 416 3228; x_wconf 74' lang='grc' dir='ltr'><strong><em>στονόεντα·τ’</em></strong></span> <span class='ocrx_word' id='word_1_155' title='bbox 438 3172 468 3226; x_wconf 93' lang='lat' dir='ltr'><em>D</em></span> <span class='ocrx_word' id='word_1_156' title='bbox 487 3203 520 3213; x_wconf 95' lang='lat'>-</span> <span class='ocrx_word' id='word_1_157' title='bbox 540 3177 581 3226; x_wconf 79' lang='lat'>27.</span> <span class='ocrx_word' id='word_1_158' title='bbox 603 3171 697 3239; x_wconf 82' lang='grc' dir='ltr'><strong><em>ἔρισαν</em></strong></span> <span class='ocrx_word' id='word_1_159' title='bbox 716 3188 750 3226; x_wconf 87' lang='lat' dir='ltr'>ex</span> <span class='ocrx_word' id='word_1_160' title='bbox 769 3170 883 3226; x_wconf 81' lang='lat' dir='ltr'>scholiis</span> <span class='ocrx_word' id='word_1_161' title='bbox 902 3171 1086 3229; x_wconf 80' lang='lat' dir='ltr'>Benedictus:</span> <span class='ocrx_word' id='word_1_162' title='bbox 1107 3172 1199 3240; x_wconf 80' lang='grc' dir='ltr'><strong><em>ἔρισας</em></strong></span> <span class='ocrx_word' id='word_1_163' title='bbox 1218 3173 1247 3227; x_wconf 92' lang='lat' dir='ltr'><em>D</em></span> <span class='ocrx_word' id='word_1_164' title='bbox 1267 3205 1298 3214; x_wconf 95' lang='lat'>-</span> 
     </span>
    </p>
   </div>
   <div class='ocr_carea' id='block_1_6' title="bbox 293 3313 1494 3440">
    <p class='ocr_par' dir='ltr' id='par_1_6' title="bbox 293 3313 1494 3440">
     <span class='ocr_line' id='line_1_28' title="bbox 293 3313 1494 3440; baseline 0.001 -71"><span class='ocrx_word' id='word_1_165' title='bbox 293 3323 332 3371; x_wconf 77' lang='lat'>17.</span> <span class='ocrx_word' id='word_1_166' title='bbox 353 3313 469 3382; x_wconf 88' lang='grc' dir='ltr'><strong><em>πατρός·</em></strong></span> <span class='ocrx_word' id='word_1_167' title='bbox 489 3319 598 3384; x_wconf 88' lang='lat' dir='ltr'>patrem</span> <span class='ocrx_word' id='word_1_168' title='bbox 617 3317 674 3369; x_wconf 91' lang='lat' dir='ltr'>Aso</span> <span class='ocrx_word' id='word_1_169' title='bbox 695 3332 750 3383; x_wconf 90' lang='lat' dir='ltr'>um,</span> <span class='ocrx_word' id='word_1_170' title='bbox 770 3313 885 3368; x_wconf 79' lang='lat' dir='ltr'>fluvium</span> <span class='ocrx_word' id='word_1_171' title='bbox 904 3314 1046 3384; x_wconf 78' lang='lat' dir='ltr'>Boeotiae,</span> <span class='ocrx_word' id='word_1_172' title='bbox 1066 3315 1153 3370; x_wconf 79' lang='lat' dir='ltr'>fuisse</span> <span class='ocrx_word' id='word_1_173' title='bbox 1162 3314 1365 3440; x_wconf 38' lang='lat' dir='ltr'>&#39;patronymico</span> <span class='ocrx_word' id='word_1_174' title='bbox 1382 3315 1494 3370; x_wconf 85' lang='lat' dir='ltr'>nomine</span> 
     </span>
    </p>
   </div>
   <div class='ocr_carea' id='block_1_7' title="bbox 214 3385 1494 4958">
    <p class='ocr_par' dir='ltr' id='par_1_7' title="bbox 214 3385 1494 4958">
     <span class='ocr_line' id='line_1_29' title="bbox 219 3385 1494 3457; baseline -0.001 -16"><span class='ocrx_word' id='word_1_175' title='bbox 219 3388 339 3441; x_wconf 85' lang='lat' dir='ltr'>filiarum</span> <span class='ocrx_word' id='word_1_176' title='bbox 358 3385 514 3441; x_wconf 81' lang='grc' dir='ltr'><strong><em>Ἀσωπίδων</em></strong></span> <span class='ocrx_word' id='word_1_177' title='bbox 533 3389 616 3457; x_wconf 85' lang='lat' dir='ltr'>poeta</span> <span class='ocrx_word' id='word_1_178' title='bbox 635 3385 664 3440; x_wconf 92' lang='lat' dir='ltr'>in</span> <span class='ocrx_word' id='word_1_179' title='bbox 686 3385 779 3441; x_wconf 86' lang='lat' dir='ltr'>ioavit.</span> <span class='ocrx_word' id='word_1_180' title='bbox 818 3386 904 3456; x_wconf 80' lang='lat' dir='ltr'>Asopi</span> <span class='ocrx_word' id='word_1_181' title='bbox 928 3385 1051 3456; x_wconf 87' lang='lat' dir='ltr'>quinque</span> <span class='ocrx_word' id='word_1_182' title='bbox 1069 3386 1143 3440; x_wconf 85' lang='lat' dir='ltr'>filias</span> <span class='ocrx_word' id='word_1_183' title='bbox 1193 3386 1249 3441; x_wconf 88' lang='lat' dir='ltr'>isse</span> <span class='ocrx_word' id='word_1_184' title='bbox 1267 3385 1357 3440; x_wconf 91' lang='lat' dir='ltr'>tradit</span> <span class='ocrx_word' id='word_1_185' title='bbox 1375 3386 1456 3442; x_wconf 83' lang='lat' dir='ltr'>Pauo.</span> <span class='ocrx_word' id='word_1_186' title='bbox 1476 3406 1494 3440; x_wconf 85' lang='lat' dir='ltr'>v</span> 
     </span>
     <span class='ocr_line' id='line_1_30' title="bbox 219 3456 1493 3528; baseline -0.001 -14"><span class='ocrx_word' id='word_1_187' title='bbox 219 3475 254 3528; x_wconf 77' lang='grc' dir='ltr'><strong><em>ιι,</em></strong></span> <span class='ocrx_word' id='word_1_188' title='bbox 268 3476 289 3528; x_wconf 85' lang='grc' dir='ltr'><strong><em>ο,</em></strong></span> <span class='ocrx_word' id='word_1_189' title='bbox 307 3458 423 3513; x_wconf 88' lang='lat' dir='ltr'>Pindari</span> <span class='ocrx_word' id='word_1_190' title='bbox 442 3457 554 3527; x_wconf 87' lang='lat' dir='ltr'>quidem</span> <span class='ocrx_word' id='word_1_191' title='bbox 574 3456 623 3511; x_wconf 90' lang='lat' dir='ltr'>ille</span> <span class='ocrx_word' id='word_1_192' title='bbox 642 3457 803 3512; x_wconf 88' lang='lat' dir='ltr'>testimonio</span> <span class='ocrx_word' id='word_1_193' title='bbox 823 3475 897 3526; x_wconf 84' lang='lat' dir='ltr'>usus,</span> <span class='ocrx_word' id='word_1_194' title='bbox 916 3475 1012 3512; x_wconf 86' lang='lat' dir='ltr'>verum</span> <span class='ocrx_word' id='word_1_195' title='bbox 1030 3459 1166 3526; x_wconf 75' lang='lat' dir='ltr'>nephec,</span> <span class='ocrx_word' id='word_1_196' title='bbox 1186 3457 1236 3512; x_wconf 88' lang='lat' dir='ltr'>sed</span> <span class='ocrx_word' id='word_1_197' title='bbox 1254 3457 1378 3528; x_wconf 87' lang='lat' dir='ltr'>pleniore</span> <span class='ocrx_word' id='word_1_198' title='bbox 1397 3457 1493 3528; x_wconf 90' lang='lat' dir='ltr'>aliquo</span> 
     </span>
     <span class='ocr_line' id='line_1_31' title="bbox 223 3528 1493 3617; baseline 0.002 -32"><span class='ocrx_word' id='word_1_199' title='bbox 223 3531 253 3587; x_wconf 83' lang='lat' dir='ltr'>fr.</span> <span class='ocrx_word' id='word_1_200' title='bbox 268 3547 314 3585; x_wconf 78' lang='lat' dir='ltr'>ssu.</span> <span class='ocrx_word' id='word_1_201' title='bbox 349 3530 429 3583; x_wconf 87' lang='lat' dir='ltr'>Hunc</span> <span class='ocrx_word' id='word_1_202' title='bbox 447 3530 539 3600; x_wconf 90' lang='lat' dir='ltr'>ipsum</span> <span class='ocrx_word' id='word_1_203' title='bbox 558 3529 650 3583; x_wconf 90' lang='lat' dir='ltr'>locum</span> <span class='ocrx_word' id='word_1_204' title='bbox 668 3529 783 3600; x_wconf 84' lang='lat' dir='ltr'>respicit</span> <span class='ocrx_word' id='word_1_205' title='bbox 807 3528 876 3584; x_wconf 88' lang='lat' dir='ltr'>civis</span> <span class='ocrx_word' id='word_1_206' title='bbox 899 3528 993 3583; x_wconf 86' lang='lat' dir='ltr'>nescio</span> <span class='ocrx_word' id='word_1_207' title='bbox 1016 3529 1080 3617; x_wconf 65' lang='lat' dir='ltr'>quis</span> <span class='ocrx_word' id='word_1_208' title='bbox 1099 3529 1262 3597; x_wconf 78' lang='lat' dir='ltr'>Thebanus,</span> <span class='ocrx_word' id='word_1_209' title='bbox 1285 3545 1368 3599; x_wconf 83' lang='lat' dir='ltr'>quem</span> <span class='ocrx_word' id='word_1_210' title='bbox 1391 3529 1493 3587; x_wconf 84' lang='lat' dir='ltr'>Herod.</span> 
     </span>
     <span class='ocr_line' id='line_1_32' title="bbox 218 3597 1494 3674; baseline -0.001 -18"><span class='ocrx_word' id='word_1_211' title='bbox 218 3621 237 3656; x_wconf 87' lang='lat' dir='ltr'>v</span> <span class='ocrx_word' id='word_1_212' title='bbox 254 3618 280 3656; x_wconf 82' lang='lat' dir='ltr'>so</span> <span class='ocrx_word' id='word_1_213' title='bbox 299 3601 339 3655; x_wconf 85' lang='lat' dir='ltr'>sic</span> <span class='ocrx_word' id='word_1_214' title='bbox 358 3601 566 3655; x_wconf 74' lang='lat' dir='ltr'>contionantem</span> <span class='ocrx_word' id='word_1_215' title='bbox 586 3599 666 3655; x_wconf 88' lang='lat' dir='ltr'>facit:</span> <span class='ocrx_word' id='word_1_216' title='bbox 689 3599 809 3656; x_wconf 84' lang='grc' dir='ltr'><strong><em>’Λσαποῦ</em></strong></span> <span class='ocrx_word' id='word_1_217' title='bbox 827 3597 954 3670; x_wconf 80' lang='grc' dir='ltr'><strong><em>λέγονται</em></strong></span> <span class='ocrx_word' id='word_1_218' title='bbox 973 3605 1107 3670; x_wconf 80' lang='grc' dir='ltr'><strong><em>γενεσθαι</em></strong></span> <span class='ocrx_word' id='word_1_219' title='bbox 1124 3598 1279 3671; x_wconf 73' lang='grc' dir='ltr'><strong><em>θυγατέρες</em></strong></span> <span class='ocrx_word' id='word_1_220' title='bbox 1299 3599 1359 3674; x_wconf 79' lang='grc' dir='ltr'>Θήβ</span> <span class='ocrx_word' id='word_1_221' title='bbox 1396 3620 1426 3654; x_wconf 84' lang='grc' dir='ltr'>τε</span> <span class='ocrx_word' id='word_1_222' title='bbox 1445 3604 1494 3656; x_wconf 84' lang='grc' dir='ltr'>καλ</span> 
     </span>
     <span class='ocr_line' id='line_1_33' title="bbox 218 3621 1493 3742; baseline -0.002 -14"><span class='ocrx_word' id='word_1_223' title='bbox 218 3673 317 3742; x_wconf 79' lang='grc' dir='ltr'><strong><em>Αίγινα</em></strong></span> <span class='ocrx_word' id='word_1_224' title='bbox 343 3677 410 3741; x_wconf 86' lang='grc' dir='ltr'><strong><em>κτλ,</em></strong></span> <span class='ocrx_word' id='word_1_225' title='bbox 438 3690 611 3741; x_wconf 84' lang='lat' dir='ltr'>quamquam</span> <span class='ocrx_word' id='word_1_226' title='bbox 636 3672 807 3740; x_wconf 79' lang='lat' dir='ltr'>Herodotus,</span> <span class='ocrx_word' id='word_1_227' title='bbox 834 3689 897 3725; x_wconf 86' lang='lat' dir='ltr'>eum</span> <span class='ocrx_word' id='word_1_228' title='bbox 921 3689 979 3726; x_wconf 90' lang='lat' dir='ltr'>rem</span> <span class='ocrx_word' id='word_1_229' title='bbox 1005 3676 1070 3726; x_wconf 87' lang='lat' dir='ltr'>ante</span> <span class='ocrx_word' id='word_1_230' title='bbox 1095 3673 1168 3726; x_wconf 86' lang='lat' dir='ltr'>hauc</span> <span class='ocrx_word' id='word_1_231' title='bbox 1192 3671 1338 3727; x_wconf 83' lang='lat' dir='ltr'>victoriam</span> <span class='ocrx_word' id='word_1_232' title='bbox 1360 3621 1493 3726; x_wconf 70' lang='lat' dir='ltr'>illeandri</span> 
     </span>
     <span class='ocr_line' id='line_1_34' title="bbox 218 3742 1493 3813; baseline 0 -15"><span class='ocrx_word' id='word_1_233' title='bbox 218 3747 327 3813; x_wconf 85' lang='lat' dir='ltr'>gestum</span> <span class='ocrx_word' id='word_1_234' title='bbox 346 3743 396 3797; x_wconf 93' lang='lat' dir='ltr'>illo</span> <span class='ocrx_word' id='word_1_235' title='bbox 416 3743 478 3798; x_wconf 89' lang='lat' dir='ltr'>loco</span> <span class='ocrx_word' id='word_1_236' title='bbox 498 3747 632 3813; x_wconf 81' lang='lat' dir='ltr'>exponat,</span> <span class='ocrx_word' id='word_1_237' title='bbox 654 3743 696 3797; x_wconf 82' lang='lat' dir='ltr'>ita</span> <span class='ocrx_word' id='word_1_238' title='bbox 715 3742 847 3812; x_wconf 86' lang='lat' dir='ltr'>loquitur,</span> <span class='ocrx_word' id='word_1_239' title='bbox 867 3749 1012 3812; x_wconf 83' lang='lat' dir='ltr'>tamquam</span> <span class='ocrx_word' id='word_1_240' title='bbox 1032 3746 1126 3798; x_wconf 87' lang='lat' dir='ltr'>orator</span> <span class='ocrx_word' id='word_1_241' title='bbox 1144 3743 1198 3798; x_wconf 85' lang='lat' dir='ltr'>iste</span> <span class='ocrx_word' id='word_1_242' title='bbox 1216 3747 1310 3798; x_wconf 82' lang='lat' dir='ltr'>vetere</span> <span class='ocrx_word' id='word_1_243' title='bbox 1329 3742 1418 3812; x_wconf 79' lang='lat' dir='ltr'>fama,</span> <span class='ocrx_word' id='word_1_244' title='bbox 1437 3761 1493 3798; x_wconf 88' lang='lat' dir='ltr'>non</span> 
     </span>
     <span class='ocr_line' id='line_1_35' title="bbox 218 3814 1493 3896; baseline 0 -26"><span class='ocrx_word' id='word_1_245' title='bbox 218 3815 345 3870; x_wconf 83' lang='lat' dir='ltr'>Thebani</span> <span class='ocrx_word' id='word_1_246' title='bbox 364 3815 439 3868; x_wconf 85' lang='lat' dir='ltr'>vatis</span> <span class='ocrx_word' id='word_1_247' title='bbox 459 3814 619 3869; x_wconf 86' lang='lat' dir='ltr'>testimonio</span> <span class='ocrx_word' id='word_1_248' title='bbox 644 3814 759 3869; x_wconf 77' lang='lat' dir='ltr'>nitatur.</span> <span class='ocrx_word' id='word_1_249' title='bbox 796 3814 937 3868; x_wconf 88' lang='lat' dir='ltr'>Immerito</span> <span class='ocrx_word' id='word_1_250' title='bbox 961 3817 1056 3869; x_wconf 86' lang='lat' dir='ltr'>autom</span> <span class='ocrx_word' id='word_1_251' title='bbox 1079 3814 1211 3883; x_wconf 86' lang='lat' dir='ltr'>Phliasii‚</span> <span class='ocrx_word' id='word_1_252' title='bbox 1236 3817 1268 3868; x_wconf 91' lang='lat' dir='ltr'>ut</span> <span class='ocrx_word' id='word_1_253' title='bbox 1291 3831 1359 3869; x_wconf 86' lang='lat' dir='ltr'>suae</span> <span class='ocrx_word' id='word_1_254' title='bbox 1381 3814 1493 3896; x_wconf 82' lang='lat' dir='ltr'>patriae</span> 
     </span>
     <span class='ocr_line' id='line_1_36' title="bbox 218 3884 1493 3963; baseline 0.001 -23"><span class='ocrx_word' id='word_1_255' title='bbox 218 3887 331 3942; x_wconf 84' lang='lat' dir='ltr'>laudem</span> <span class='ocrx_word' id='word_1_256' title='bbox 349 3890 494 3963; x_wconf 66' lang='lat' dir='ltr'>augerent,</span> <span class='ocrx_word' id='word_1_257' title='bbox 513 3885 639 3940; x_wconf 87' lang='lat' dir='ltr'>Thebam</span> <span class='ocrx_word' id='word_1_258' title='bbox 658 3887 687 3940; x_wconf 92' lang='lat' dir='ltr'>et</span> <span class='ocrx_word' id='word_1_259' title='bbox 704 3885 841 3956; x_wconf 84' lang='lat' dir='ltr'>Aeginam</span> <span class='ocrx_word' id='word_1_260' title='bbox 859 3884 932 3939; x_wconf 88' lang='lat' dir='ltr'>filias</span> <span class='ocrx_word' id='word_1_261' title='bbox 952 3885 1038 3941; x_wconf 83' lang='lat' dir='ltr'>fuisse</span> <span class='ocrx_word' id='word_1_262' title='bbox 1056 3886 1203 3941; x_wconf 86' lang='lat' dir='ltr'>iactabant</span> <span class='ocrx_word' id='word_1_263' title='bbox 1220 3903 1276 3940; x_wconf 89' lang='lat' dir='ltr'>non</span> <span class='ocrx_word' id='word_1_264' title='bbox 1290 3885 1424 3955; x_wconf 84' lang='lat' dir='ltr'>Boeotrci‚</span> <span class='ocrx_word' id='word_1_265' title='bbox 1444 3886 1493 3941; x_wconf 86' lang='lat' dir='ltr'>sed</span> 
     </span>
     <span class='ocr_line' id='line_1_37' title="bbox 217 3955 1493 4040; baseline -0.001 -28"><span class='ocrx_word' id='word_1_266' title='bbox 217 3959 262 4012; x_wconf 82' lang='lat' dir='ltr'>sui</span> <span class='ocrx_word' id='word_1_267' title='bbox 280 3958 357 4012; x_wconf 88' lang='lat' dir='ltr'>fluvii</span> <span class='ocrx_word' id='word_1_268' title='bbox 377 3958 473 4028; x_wconf 80' lang='lat' dir='ltr'>Asopi,</span> <span class='ocrx_word' id='word_1_269' title='bbox 493 3976 549 4027; x_wconf 84' lang='lat' dir='ltr'>quo</span> <span class='ocrx_word' id='word_1_270' title='bbox 568 3958 602 4011; x_wconf 88' lang='lat' dir='ltr'>de</span> <span class='ocrx_word' id='word_1_271' title='bbox 622 3975 651 4012; x_wconf 86' lang='lat' dir='ltr'>ro</span> <span class='ocrx_word' id='word_1_272' title='bbox 670 3976 694 4012; x_wconf 87' lang='lat' dir='ltr'>v.</span> <span class='ocrx_word' id='word_1_273' title='bbox 711 3957 792 4011; x_wconf 81' lang='lat' dir='ltr'>Pauo.</span> <span class='ocrx_word' id='word_1_274' title='bbox 807 3976 828 4010; x_wconf 89' lang='lat' dir='ltr'>rr</span> <span class='ocrx_word' id='word_1_275' title='bbox 842 3973 863 4026; x_wconf 83' lang='grc' dir='ltr'><strong><em>ο,</em></strong></span> <span class='ocrx_word' id='word_1_276' title='bbox 881 3973 893 4010; x_wconf 82' lang='lat'>2</span> <span class='ocrx_word' id='word_1_277' title='bbox 914 3990 946 3997; x_wconf 90' lang='lat'><em>-</em></span> <span class='ocrx_word' id='word_1_278' title='bbox 967 3964 1007 4012; x_wconf 76' lang='lat'>17.</span> <span class='ocrx_word' id='word_1_279' title='bbox 1028 3955 1151 4028; x_wconf 85' lang='grc' dir='ltr'><strong><em>δίδυμαι,</em></strong></span> <span class='ocrx_word' id='word_1_280' title='bbox 1170 3957 1307 4040; x_wconf 78' lang='lat' dir='ltr'>geminae,</span> <span class='ocrx_word' id='word_1_281' title='bbox 1327 3974 1384 4012; x_wconf 89' lang='lat' dir='ltr'>non</span> <span class='ocrx_word' id='word_1_282' title='bbox 1402 3958 1493 4013; x_wconf 82' lang='lat' dir='ltr'>solum</span> 
     </span>
     <span class='ocr_line' id='line_1_38' title="bbox 217 4028 1492 4111; baseline -0.001 -28"><span class='ocrx_word' id='word_1_283' title='bbox 217 4031 303 4098; x_wconf 84' lang='lat' dir='ltr'>duae,</span> <span class='ocrx_word' id='word_1_284' title='bbox 328 4047 383 4098; x_wconf 87' lang='lat' dir='ltr'>quo</span> <span class='ocrx_word' id='word_1_285' title='bbox 408 4028 526 4082; x_wconf 83' lang='lat' dir='ltr'>arctiore</span> <span class='ocrx_word' id='word_1_286' title='bbox 546 4029 659 4084; x_wconf 85' lang='lat' dir='ltr'>vinculo</span> <span class='ocrx_word' id='word_1_287' title='bbox 678 4028 805 4083; x_wconf 87' lang='lat' dir='ltr'>Thebani</span> <span class='ocrx_word' id='word_1_288' title='bbox 824 4030 853 4083; x_wconf 90' lang='lat' dir='ltr'>et</span> <span class='ocrx_word' id='word_1_289' title='bbox 870 4028 1025 4111; x_wconf 73' lang='lat' dir='ltr'>Aeginetae</span> <span class='ocrx_word' id='word_1_290' title='bbox 1045 4029 1133 4084; x_wconf 89' lang='lat' dir='ltr'>teneri</span> <span class='ocrx_word' id='word_1_291' title='bbox 1151 4029 1313 4083; x_wconf 78' lang='lat' dir='ltr'>viderentur</span> <span class='ocrx_word' id='word_1_292' title='bbox 1330 4061 1366 4068; x_wconf 94' lang='lat'><strong>—</strong></span> <span class='ocrx_word' id='word_1_293' title='bbox 1384 4034 1426 4084; x_wconf 76' lang='lat'>20.</span> <span class='ocrx_word' id='word_1_294' title='bbox 1447 4050 1492 4098; x_wconf 84' lang='grc' dir='ltr'>φι-</span> 
     </span>
     <span class='ocr_line' id='line_1_39' title="bbox 217 4099 1492 4171; baseline -0.001 -16"><span class='ocrx_word' id='word_1_295' title='bbox 217 4100 359 4171; x_wconf 83' lang='grc' dir='ltr'><strong><em>λαρμάτου</em></strong></span> <span class='ocrx_word' id='word_1_296' title='bbox 377 4099 483 4164; x_wconf 84' lang='grc' dir='ltr'><strong><em>πόλιος·</em></strong></span> <span class='ocrx_word' id='word_1_297' title='bbox 511 4100 672 4154; x_wconf 87' lang='lat' dir='ltr'>Thebarum</span> <span class='ocrx_word' id='word_1_298' title='bbox 690 4099 832 4154; x_wconf 87' lang='lat' dir='ltr'>curulibus</span> <span class='ocrx_word' id='word_1_299' title='bbox 852 4099 953 4154; x_wconf 81' lang='lat' dir='ltr'>studiis</span> <span class='ocrx_word' id='word_1_300' title='bbox 973 4100 1138 4170; x_wconf 76' lang='lat' dir='ltr'>insigninm3</span> <span class='ocrx_word' id='word_1_301' title='bbox 1163 4103 1247 4168; x_wconf 87' lang='lat' dir='ltr'>atque</span> <span class='ocrx_word' id='word_1_302' title='bbox 1265 4099 1348 4153; x_wconf 93' lang='lat' dir='ltr'>multi</span> <span class='ocrx_word' id='word_1_303' title='bbox 1366 4100 1492 4170; x_wconf 81' lang='lat' dir='ltr'>profecto</span> 
     </span>
     <span class='ocr_line' id='line_1_40' title="bbox 217 4170 1491 4244; baseline -0.001 -18"><span class='ocrx_word' id='word_1_304' title='bbox 217 4172 353 4240; x_wconf 88' lang='lat' dir='ltr'>Thebani,</span> <span class='ocrx_word' id='word_1_305' title='bbox 373 4173 528 4244; x_wconf 81' lang='lat' dir='ltr'>Aeginetae</span> <span class='ocrx_word' id='word_1_306' title='bbox 546 4171 616 4225; x_wconf 90' lang='lat' dir='ltr'>nulli</span> <span class='ocrx_word' id='word_1_307' title='bbox 636 4171 781 4241; x_wconf 79' lang='lat' dir='ltr'>quadrigis</span> <span class='ocrx_word' id='word_1_308' title='bbox 796 4170 896 4226; x_wconf 84' lang='lat' dir='ltr'>vicisse</span> <span class='ocrx_word' id='word_1_309' title='bbox 914 4171 1041 4225; x_wconf 84' lang='lat' dir='ltr'>feruntur</span> <span class='ocrx_word' id='word_1_310' title='bbox 1062 4203 1089 4211; x_wconf 90' lang='lat'><em>-</em></span> <span class='ocrx_word' id='word_1_311' title='bbox 1113 4178 1154 4225; x_wconf 80' lang='lat'>21.</span> <span class='ocrx_word' id='word_1_312' title='bbox 1175 4188 1216 4226; x_wconf 86' lang='grc' dir='ltr'><strong><em>σε·</em></strong></span> <span class='ocrx_word' id='word_1_313' title='bbox 1237 4171 1390 4240; x_wconf 73' lang='lat' dir='ltr'>Aeginam3</span> <span class='ocrx_word' id='word_1_314' title='bbox 1409 4189 1491 4225; x_wconf 83' lang='lat' dir='ltr'>voca-</span> 
     </span>
     <span class='ocr_line' id='line_1_41' title="bbox 218 4240 1491 4313; baseline -0.002 -14"><span class='ocrx_word' id='word_1_315' title='bbox 218 4243 315 4312; x_wconf 83' lang='lat' dir='ltr'>tivum,</span> <span class='ocrx_word' id='word_1_316' title='bbox 330 4240 351 4299; x_wconf 81' lang='grc' dir='ltr'><strong>ὦ</strong></span> <span class='ocrx_word' id='word_1_317' title='bbox 366 4244 403 4298; x_wconf 78' lang='lat' dir='ltr'>Al</span> <span class='ocrx_word' id='word_1_318' title='bbox 417 4264 473 4312; x_wconf 88' lang='grc' dir='ltr'><strong><em>ινα,</em></strong></span> <span class='ocrx_word' id='word_1_319' title='bbox 494 4243 623 4313; x_wconf 86' lang='lat' dir='ltr'>supplere</span> <span class='ocrx_word' id='word_1_320' title='bbox 638 4241 818 4297; x_wconf 86' lang='lat' dir='ltr'>audientibus</span> <span class='ocrx_word' id='word_1_321' title='bbox 833 4245 862 4296; x_wconf 90' lang='lat' dir='ltr'>et</span> <span class='ocrx_word' id='word_1_322' title='bbox 875 4242 1034 4312; x_wconf 82' lang='lat' dir='ltr'>legentibus</span> <span class='ocrx_word' id='word_1_323' title='bbox 1049 4259 1082 4297; x_wconf 90' lang='lat' dir='ltr'>eo</span> <span class='ocrx_word' id='word_1_324' title='bbox 1097 4241 1208 4296; x_wconf 83' lang='lat' dir='ltr'>facilius</span> <span class='ocrx_word' id='word_1_325' title='bbox 1227 4242 1389 4313; x_wconf 88' lang='lat' dir='ltr'>permittere</span> <span class='ocrx_word' id='word_1_326' title='bbox 1407 4245 1491 4312; x_wconf 85' lang='lat' dir='ltr'>poeta</span> 
     </span>
     <span class='ocr_line' id='line_1_42' title="bbox 216 4265 1491 4387; baseline 0 -19"><span class='ocrx_word' id='word_1_327' title='bbox 216 4315 317 4387; x_wconf 75' lang='lat' dir='ltr'>potuit</span> <span class='ocrx_word' id='word_1_328' title='bbox 337 4265 415 4384; x_wconf 68' lang='lat' dir='ltr'>quoii</span> <span class='ocrx_word' id='word_1_329' title='bbox 431 4332 533 4370; x_wconf 89' lang='lat' dir='ltr'>nomen</span> <span class='ocrx_word' id='word_1_330' title='bbox 552 4314 661 4368; x_wconf 86' lang='lat' dir='ltr'>insulae</span> <span class='ocrx_word' id='word_1_331' title='bbox 681 4314 822 4384; x_wconf 88' lang='lat' dir='ltr'>poeticum</span> <span class='ocrx_word' id='word_1_332' title='bbox 839 4312 978 4368; x_wconf 82' lang='grc' dir='ltr'><strong><em>Οἰνοπίαν</em></strong></span> <span class='ocrx_word' id='word_1_333' title='bbox 997 4313 1103 4368; x_wconf 88' lang='lat' dir='ltr'>adiecit</span> <span class='ocrx_word' id='word_1_334' title='bbox 1121 4317 1150 4368; x_wconf 90' lang='lat' dir='ltr'>et</span> <span class='ocrx_word' id='word_1_335' title='bbox 1168 4313 1254 4368; x_wconf 88' lang='lat' dir='ltr'>Aeaci</span> <span class='ocrx_word' id='word_1_336' title='bbox 1274 4317 1394 4367; x_wconf 86' lang='lat' dir='ltr'>matrem</span> <span class='ocrx_word' id='word_1_337' title='bbox 1408 4313 1491 4383; x_wconf 84' lang='lat' dir='ltr'>Aegi·</span> 
     </span>
     <span class='ocr_line' id='line_1_43' title="bbox 216 4385 1491 4454; baseline -0.001 -14"><span class='ocrx_word' id='word_1_338' title='bbox 216 4404 282 4440; x_wconf 86' lang='lat' dir='ltr'>nam</span> <span class='ocrx_word' id='word_1_339' title='bbox 308 4386 394 4440; x_wconf 82' lang='lat' dir='ltr'>fuisse</span> <span class='ocrx_word' id='word_1_340' title='bbox 420 4386 559 4440; x_wconf 89' lang='lat' dir='ltr'>neminem</span> <span class='ocrx_word' id='word_1_341' title='bbox 585 4385 695 4440; x_wconf 86' lang='lat' dir='ltr'>latebat</span> <span class='ocrx_word' id='word_1_342' title='bbox 712 4418 746 4425; x_wconf 90' lang='lat'>-</span> <span class='ocrx_word' id='word_1_343' title='bbox 768 4385 920 4439; x_wconf 75' lang='grc' dir='ltr'><strong><em>Οἰνοπίαν·</em></strong></span> <span class='ocrx_word' id='word_1_344' title='bbox 947 4385 1029 4439; x_wconf 88' lang='lat' dir='ltr'>metri</span> <span class='ocrx_word' id='word_1_345' title='bbox 1055 4402 1140 4439; x_wconf 84' lang='lat' dir='ltr'>eausa</span> <span class='ocrx_word' id='word_1_346' title='bbox 1163 4388 1298 4439; x_wconf 83' lang='lat' dir='ltr'>novatum</span> <span class='ocrx_word' id='word_1_347' title='bbox 1321 4401 1422 4439; x_wconf 86' lang='lat' dir='ltr'>nomen</span> <span class='ocrx_word' id='word_1_348' title='bbox 1440 4402 1491 4454; x_wconf 91' lang='lat' dir='ltr'>pro</span> 
     </span>
     <span class='ocr_line' id='line_1_44' title="bbox 219 4454 1491 4529; baseline -0.002 -16"><span class='ocrx_word' id='word_1_349' title='bbox 219 4459 350 4513; x_wconf 77' lang='grc' dir='ltr'><strong><em>Οἰνώναν</em></strong></span> <span class='ocrx_word' id='word_1_350' title='bbox 365 4490 398 4498; x_wconf 92' lang='lat'>-</span> <span class='ocrx_word' id='word_1_351' title='bbox 414 4465 454 4511; x_wconf 75' lang='lat'>23.</span> <span class='ocrx_word' id='word_1_352' title='bbox 471 4455 680 4529; x_wconf 82' lang='grc' dir='ltr'><strong><em>βαρυσφαράγῳ</em></strong></span> <span class='ocrx_word' id='word_1_353' title='bbox 694 4454 790 4524; x_wconf 80' lang='grc' dir='ltr'><strong><em>πατρί·</em></strong></span> <span class='ocrx_word' id='word_1_354' title='bbox 806 4456 873 4525; x_wconf 79' lang='lat' dir='ltr'>Iovi,</span> <span class='ocrx_word' id='word_1_355' title='bbox 888 4455 937 4526; x_wconf 89' lang='lat' dir='ltr'>qui</span> <span class='ocrx_word' id='word_1_356' title='bbox 951 4457 1070 4510; x_wconf 83' lang='lat' dir='ltr'>Homero</span> <span class='ocrx_word' id='word_1_357' title='bbox 1085 4460 1130 4510; x_wconf 81' lang='lat' dir='ltr'>est</span> <span class='ocrx_word' id='word_1_358' title='bbox 1144 4456 1309 4527; x_wconf 74' lang='grc' dir='ltr'><strong><em>ἐρίγδουπος</em></strong></span> <span class='ocrx_word' id='word_1_359' title='bbox 1323 4459 1352 4510; x_wconf 83' lang='lat' dir='ltr'>et</span> <span class='ocrx_word' id='word_1_360' title='bbox 1367 4455 1491 4525; x_wconf 82' lang='grc' dir='ltr'><strong><em>εάρόοπα</em></strong></span> 
     </span>
     <span class='ocr_line' id='line_1_45' title="bbox 219 4526 1490 4598; baseline -0.002 -15"><span class='ocrx_word' id='word_1_361' title='bbox 219 4562 249 4570; x_wconf 93' lang='grc'><strong>-</strong></span> <span class='ocrx_word' id='word_1_362' title='bbox 270 4535 312 4583; x_wconf 77' lang='lat'>24.</span> <span class='ocrx_word' id='word_1_363' title='bbox 333 4527 495 4598; x_wconf 87' lang='grc' dir='ltr'><strong><em>δαιμόνεσσι</em></strong></span> <span class='ocrx_word' id='word_1_364' title='bbox 514 4532 594 4592; x_wconf 84' lang='grc' dir='ltr'><strong><em>δίκας</em></strong></span> <span class='ocrx_word' id='word_1_365' title='bbox 613 4528 766 4597; x_wconf 80' lang='grc' dir='ltr'><strong><em>ἐπείραινε·</em></strong></span> <span class='ocrx_word' id='word_1_366' title='bbox 786 4529 882 4581; x_wconf 86' lang='lat' dir='ltr'>fiotum</span> <span class='ocrx_word' id='word_1_367' title='bbox 901 4527 953 4581; x_wconf 89' lang='lat' dir='ltr'>hoc</span> <span class='ocrx_word' id='word_1_368' title='bbox 968 4545 1028 4582; x_wconf 88' lang='lat' dir='ltr'>esse</span> <span class='ocrx_word' id='word_1_369' title='bbox 1043 4527 1155 4582; x_wconf 83' lang='lat' dir='ltr'>videtur</span> <span class='ocrx_word' id='word_1_370' title='bbox 1170 4545 1201 4582; x_wconf 85' lang='lat' dir='ltr'>ex</span> <span class='ocrx_word' id='word_1_371' title='bbox 1217 4544 1258 4594; x_wconf 89' lang='lat' dir='ltr'>eo,</span> <span class='ocrx_word' id='word_1_372' title='bbox 1277 4526 1352 4596; x_wconf 88' lang='lat' dir='ltr'>quod</span> <span class='ocrx_word' id='word_1_373' title='bbox 1369 4527 1490 4582; x_wconf 85' lang='lat' dir='ltr'>Aeacum</span> 
     </span>
     <span class='ocr_line' id='line_1_46' title="bbox 215 4598 1491 4670; baseline -0.002 -15"><span class='ocrx_word' id='word_1_374' title='bbox 215 4600 338 4656; x_wconf 88' lang='lat' dir='ltr'>iudicem</span> <span class='ocrx_word' id='word_1_375' title='bbox 364 4601 441 4670; x_wconf 89' lang='lat' dir='ltr'>apud</span> <span class='ocrx_word' id='word_1_376' title='bbox 466 4599 569 4654; x_wconf 87' lang='lat' dir='ltr'>inferos</span> <span class='ocrx_word' id='word_1_377' title='bbox 594 4616 654 4654; x_wconf 89' lang='lat' dir='ltr'>esse</span> <span class='ocrx_word' id='word_1_378' title='bbox 672 4598 859 4670; x_wconf 86' lang='lat' dir='ltr'>perhibebant</span> <span class='ocrx_word' id='word_1_379' title='bbox 881 4601 917 4665; x_wconf 85' lang='lat' dir='ltr'>(v.</span> <span class='ocrx_word' id='word_1_380' title='bbox 938 4599 1182 4669; x_wconf 75' lang='lat' dir='ltr'>Plat.Apol.41·,</span> <span class='ocrx_word' id='word_1_381' title='bbox 1208 4598 1290 4668; x_wconf 87' lang='lat' dir='ltr'>Gorg.</span> <span class='ocrx_word' id='word_1_382' title='bbox 1310 4602 1390 4668; x_wconf 71' lang='grc' dir='ltr'><strong><em>ενοι),</em></strong></span> <span class='ocrx_word' id='word_1_383' title='bbox 1416 4601 1491 4654; x_wconf 88' lang='lat' dir='ltr'>certe</span> 
     </span>
     <span class='ocr_line' id='line_1_47' title="bbox 216 4670 1491 4742; baseline -0.002 -16"><span class='ocrx_word' id='word_1_384' title='bbox 216 4689 287 4742; x_wconf 87' lang='lat' dir='ltr'>quas</span> <span class='ocrx_word' id='word_1_385' title='bbox 307 4672 371 4726; x_wconf 90' lang='lat' dir='ltr'>lites</span> <span class='ocrx_word' id='word_1_386' title='bbox 391 4670 446 4725; x_wconf 88' lang='lat' dir='ltr'>diis</span> <span class='ocrx_word' id='word_1_387' title='bbox 466 4670 671 4739; x_wconf 71' lang='lat' dir='ltr'>diiudicarent,</span> <span class='ocrx_word' id='word_1_388' title='bbox 691 4670 761 4724; x_wconf 89' lang='lat' dir='ltr'>nihil</span> <span class='ocrx_word' id='word_1_389' title='bbox 776 4670 927 4724; x_wconf 89' lang='lat' dir='ltr'>memoriae</span> <span class='ocrx_word' id='word_1_390' title='bbox 941 4670 1082 4740; x_wconf 89' lang='lat' dir='ltr'>proditum</span> <span class='ocrx_word' id='word_1_391' title='bbox 1097 4672 1141 4725; x_wconf 83' lang='lat' dir='ltr'>eat</span> <span class='ocrx_word' id='word_1_392' title='bbox 1156 4703 1188 4710; x_wconf 89' lang='lat'>-</span> <span class='ocrx_word' id='word_1_393' title='bbox 1205 4676 1246 4725; x_wconf 80' lang='lat'>25.</span> <span class='ocrx_word' id='word_1_394' title='bbox 1266 4672 1413 4738; x_wconf 80' lang='grc' dir='ltr'><strong><em>ἀρίστευον</em></strong></span> <span class='ocrx_word' id='word_1_395' title='bbox 1427 4688 1491 4724; x_wconf 88' lang='lat' dir='ltr'>cum</span> 
     </span>
     <span class='ocr_line' id='line_1_48' title="bbox 215 4737 1490 4813; baseline -0.001 -16"><span class='ocrx_word' id='word_1_396' title='bbox 215 4744 291 4799; x_wconf 87' lang='lat' dir='ltr'>idem</span> <span class='ocrx_word' id='word_1_397' title='bbox 315 4744 391 4813; x_wconf 86' lang='lat' dir='ltr'>quod</span> <span class='ocrx_word' id='word_1_398' title='bbox 414 4743 503 4797; x_wconf 78' lang='grc' dir='ltr'><strong><em>δεινοὶ</em></strong></span> <span class='ocrx_word' id='word_1_399' title='bbox 526 4737 598 4811; x_wconf 81' lang='grc' dir='ltr'><strong><em>ἦσαν</em></strong></span> <span class='ocrx_word' id='word_1_400' title='bbox 616 4741 725 4810; x_wconf 83' lang='lat' dir='ltr'>valeat,</span> <span class='ocrx_word' id='word_1_401' title='bbox 750 4759 812 4795; x_wconf 91' lang='lat' dir='ltr'>cum</span> <span class='ocrx_word' id='word_1_402' title='bbox 832 4740 971 4796; x_wconf 86' lang='lat' dir='ltr'>infinitivo</span> <span class='ocrx_word' id='word_1_403' title='bbox 990 4741 1131 4812; x_wconf 74' lang='grc' dir='ltr'><strong><em>ἀμφέπειν</em></strong></span> <span class='ocrx_word' id='word_1_404' title='bbox 1150 4742 1276 4796; x_wconf 85' lang='lat' dir='ltr'>iunctum</span> <span class='ocrx_word' id='word_1_405' title='bbox 1295 4745 1339 4795; x_wconf 88' lang='lat' dir='ltr'>est</span> <span class='ocrx_word' id='word_1_406' title='bbox 1358 4773 1390 4781; x_wconf 83' lang='lat'><em>-</em></span> <span class='ocrx_word' id='word_1_407' title='bbox 1409 4740 1490 4808; x_wconf 79' lang='grc' dir='ltr'><strong><em>νλίες,</em></strong></span> 
     </span>
     <span class='ocr_line' id='line_1_49' title="bbox 216 4812 1490 4882; baseline -0.002 -11"><span class='ocrx_word' id='word_1_408' title='bbox 216 4815 316 4871; x_wconf 88' lang='lat' dir='ltr'>Peleus</span> <span class='ocrx_word' id='word_1_409' title='bbox 336 4816 471 4870; x_wconf 83' lang='lat' dir='ltr'>Telamon</span> <span class='ocrx_word' id='word_1_410' title='bbox 493 4813 615 4881; x_wconf 84' lang='lat' dir='ltr'>Phocus,</span> <span class='ocrx_word' id='word_1_411' title='bbox 639 4812 723 4868; x_wconf 78' lang='grc' dir='ltr'><strong><em>υἱέων</em></strong></span> <span class='ocrx_word' id='word_1_412' title='bbox 745 4815 856 4876; x_wconf 81' lang='grc' dir='ltr'><strong><em>παῖδες,</em></strong></span> <span class='ocrx_word' id='word_1_413' title='bbox 874 4812 1000 4868; x_wconf 87' lang='lat' dir='ltr'>Achilles</span> <span class='ocrx_word' id='word_1_414' title='bbox 1018 4813 1090 4867; x_wconf 83' lang='lat' dir='ltr'>Aiax</span> <span class='ocrx_word' id='word_1_415' title='bbox 1109 4813 1215 4868; x_wconf 88' lang='lat' dir='ltr'>Teucer</span> <span class='ocrx_word' id='word_1_416' title='bbox 1235 4845 1266 4852; x_wconf 92' lang='lat'>-</span> <span class='ocrx_word' id='word_1_417' title='bbox 1291 4818 1333 4868; x_wconf 78' lang='lat'>26.</span> <span class='ocrx_word' id='word_1_418' title='bbox 1356 4812 1490 4882; x_wconf 85' lang='grc' dir='ltr'><strong><em>μακάρων</em></strong></span> 
     </span>
     <span class='ocr_line' id='line_1_50' title="bbox 214 4882 1462 4958; baseline -0.005 -15"><span class='ocrx_word' id='word_1_419' title='bbox 214 4886 328 4958; x_wconf 74' lang='grc' dir='ltr'><strong><em>ἀγοραί</em></strong></span> <span class='ocrx_word' id='word_1_420' title='bbox 349 4887 390 4941; x_wconf 92' lang='lat' dir='ltr'>dii</span> <span class='ocrx_word' id='word_1_421' title='bbox 409 4885 582 4940; x_wconf 81' lang='lat' dir='ltr'>immortales</span> <span class='ocrx_word' id='word_1_422' title='bbox 600 4885 630 4939; x_wconf 93' lang='lat' dir='ltr'>in</span> <span class='ocrx_word' id='word_1_423' title='bbox 649 4884 779 4939; x_wconf 87' lang='lat' dir='ltr'>contione</span> <span class='ocrx_word' id='word_1_424' title='bbox 797 4883 987 4940; x_wconf 83' lang='lat' dir='ltr'>deliberantes</span> <span class='ocrx_word' id='word_1_425' title='bbox 1007 4917 1040 4926; x_wconf 91' lang='lat'><em>-</em></span> <span class='ocrx_word' id='word_1_426' title='bbox 1060 4891 1102 4941; x_wconf 77' lang='lat'>27.</span> <span class='ocrx_word' id='word_1_427' title='bbox 1122 4886 1196 4956; x_wconf 79' lang='grc' dir='ltr'><strong><em>ἀμφὶ</em></strong></span> <span class='ocrx_word' id='word_1_428' title='bbox 1216 4882 1313 4949; x_wconf 77' lang='grc' dir='ltr'><strong><em>Θέτιος</em></strong></span> <span class='ocrx_word' id='word_1_429' title='bbox 1331 4883 1410 4958; x_wconf 77' lang='grc' dir='ltr'><strong><em>γάμῳ</em></strong></span> <span class='ocrx_word' id='word_1_430' title='bbox 1430 4918 1462 4926; x_wconf 98' lang='grc'>-</span> 
     </span>
    </p>
   </div>
   <div class='ocr_carea' id='block_1_8' title="bbox 0 0 1726 5550">
    <p class='ocr_par' dir='ltr' id='par_1_8' title="bbox 0 0 1726 5550">
     <span class='ocr_line' id='line_1_51' title="bbox 0 0 1726 5550; baseline 0 4"><span class='ocrx_word' id='word_1_431' title='bbox 0 0 1726 5550; x_wconf 95' lang='lat' dir='ltr'> </span> 
     </span>
    </p>
   </div>
  </div>
 </body>
</html>
