3442 5550
639 1368 798 1422 NEMEON.
819 1366 858 1421 ς’.

353 1529 735 1616 ΑΛΚΙΜΙΔΗι
781 1531 1147 1616 ΑΙΓΙΝΗΤΗι

586 1726 689 1776 ΠΑΙΔΙ
707 1726 917 1778 ulamma.

663 2009 839 2081 strophae.

636 3740 879 3821 Argnnnlin.

213 3869 362 3929 Alcimida
391 3889 479 3947 puer,
507 3870 555 3928 eui
583 3870 639 3930 hoc
669 3889 787 3929 carmen
816 3871 960 3947 seriptum
989 3874 1047 3947 est,
1075 3889 1090 3927 e
1118 3869 1284 3927 clarissima
1312 3871 1400 3944 gente
1471 3900 1473 3904 ⁴

124 3960 299 4037 Aeginetica
328 3960 522 4019 Bassidarum
552 3953 593 4039 (r.
614 3952 663 4040 31)
692 3960 837 4019 oriundus
867 3963 943 4035 erat,
975 3958 1103 4017 Theonis
1133 3956 1227 4034 filius,
1256 3958 1398 4016 Praxida-

125 4049 236 4107 mantis
254 4068 354 4125 nepos,
375 4048 509 4108 Soolidae
527 4066 682 4125 pronepos,
701 4048 892 4128 Agesimaohi
911 4047 1050 4122 abnepos.
1093 4046 1175 4105 Idem
1202 4065 1270 4106 eum
1297 4047 1400 4106 Ascle-

125 4137 212 4212 piade
242 4141 318 4197 teste
347 4131 390 4217 (v.
409 4138 499 4198 schol.
519 4138 557 4196 ad
580 4131 682 4219 inser.)
710 4137 794 4214 Ores,
822 4157 881 4196 non
904 4136 1054 4215 Aegineta
1080 4136 1272 4195 renuntiatus
1295 4136 1346 4212 sit,
1370 4136 1401 4194 iu

127 4224 271 4303 Cydonia,
295 4226 413 4286 Cretica
435 4227 553 4287 colonia
575 4227 804 4305 Aeginetarum,
828 4226 951 4302 praedia
974 4225 1113 4285 habuisse
1136 4224 1264 4284 videtur.
1310 4223 1401 4284 Cuius

125 4315 203 4374 enim
236 4316 363 4392 quisque
394 4317 527 4375 civitatis
557 4317 630 4376 civis
661 4316 896 4392 renuntiaretur,
927 4313 1052 4374 arbitrio
1079 4315 1202 4374 victoris
1224 4314 1401 4391 permissum

126 4405 232 4481 fuisse,
264 4405 432 4482 exemplum
462 4406 601 4465 Hieronis
631 4405 718 4465 modo
749 4405 945 4482 Syracusani,
975 4403 1063 4463 modo
1087 4405 1213 4463 Aetnaei
1238 4402 1402 4463 renuntiati

125 4494 219 4553 docet.
267 4494 346 4554 Gens
374 4495 568 4554 Bassidarum
595 4515 688 4571 paene
717 4494 880 4553 innumeris
911 4493 1044 4553 victoriis
1068 4494 1190 4552 ludicris
1214 4493 1295 4553 olara
1325 4492 1402 4550 inter

125 4583 255 4645 Graecos
283 4585 355 4660 suit,
386 4605 453 4644 nam
484 4603 561 4661 quae
585 4584 622 4643 ab
646 4584 794 4642 Alcimida
817 4603 910 4660 puero
934 4586 1088 4659 reportata
1110 4583 1251 4660 pugilatu
1274 4581 1402 4640 viatoria

124 4673 179 4732 hae
210 4673 267 4732 oda
297 4674 500 4751 praedicatur,
529 4674 668 4733 vioeeima
698 4673 805 4750 quinta
835 4673 895 4731 luit
924 4673 1017 4732 saeris
1049 4672 1169 4749 quidem
1202 4670 1280 4728 ludis
1314 4673 1401 4745 parta

124 4754 167 4840 (v.
181 4754 240 4842 68).
264 4762 504 4822 Praxidamantis
523 4782 601 4840 vero,
620 4762 669 4821 evi
688 4763 781 4821 nostri
797 4762 972 4839 Alcimidae,
991 4761 1132 4840 pugilatu
1150 4759 1272 4819 victoris
1288 4756 1333 4817 01.
1350 4761 1401 4836 59,

123 4851 251 4927 primam
270 4855 403 4910 statuam
423 4849 581 4927 Olympiae
600 4852 728 4927 positam
748 4869 810 4910 esse
830 4852 997 4910 Pausanias
1016 4869 1047 4910 v1
1067 4861 1108 4928 18,
1129 4861 1143 4910 7
1163 4849 1261 4908 refert.
1280 4880 1320 4890 -
1336 4847 1401 4920 Quo

1138 4950 1190 5002 18*
