3442 5550
685 421 844 472 ornaris
862 422 937 473 τιτι.
1403 422 1446 486 65

256 580 394 654 Ξάνθον
421 580 526 664 ἤπειγ’
554 580 574 664 ἢ
604 580 658 646 καί
685 579 863 666 Ἀμαζόνας
892 582 1053 659 εὐίππους
1081 582 1136 648 καὶ
1169 583 1202 661 ἐς
1224 583 1357 671 Ἵστρον

808 689 966 754 ἐλαύνων.

252 795 482 881 Ὀρσοτρίαινα
505 795 535 858 d’
564 795 611 860 ἐπ’
634 795 757 884 Ἰσθμῷ
781 800 901 884 ποντίᾳ

255 904 342 988 ἀρμα
367 904 452 968 θοὸν
475 902 611 985 τάνυεν,

168 1027 178 1053 f
255 1009 458 1107 ἀποπέμπων
480 1011 610 1075 Αἰακὸν

1204 1241 1290 1307 Ἀντ.
1339 1243 1357 1308 ’.

257 1329 311 1395 καὶ
335 1333 511 1417 Κορίνθου
534 1330 660 1417 δειράδ’
689 1330 892 1415 ἐποψόμενος
915 1332 1137 1396 δαιτικλυτάν.
1314 1268 1334 1326 γ

256 1439 398 1522 τερπνὸν
421 1436 451 1501 d'
479 1436 515 1501 ἐν
539 1437 733 1522 ἀνθρώποις
756 1444 831 1503 ίσον
853 1441 981 1503 ἔσσεται
1005 1437 1114 1503 οὐδέν.
1412 1457 1445 1504 τυ

257 1546 288 1608 εί
309 1542 339 1607 d’
367 1543 429 1626 ἐγὼ
454 1548 609 1631 Μελησίᾳ
632 1543 664 1621 ἐξ
688 1544 846 1626 ἀγενείων
869 1546 970 1620 κῦδος
994 1545 1182 1630 ἀνέδραμον
1204 1546 1313 1631 ὕμνῳ,

167 1667 201 1712 55
255 1653 299 1734 μὴ
322 1649 447 1734 βαλέτω
471 1675 510 1735 με
533 1655 620 1738 λίθῳ
644 1663 759 1736 τραχεῖ
778 1654 921 1736 φθόνος·

255 1755 310 1821 καὶ
332 1756 444 1844 Νεμέᾳ
467 1759 530 1842 γὰρ
554 1758 642 1842 ὁμῶς

238 1954 280 2002 47.
301 1949 410 2014 ξάνθον
428 1968 457 2004 τε
473 1950 508 2017 A,
527 1948 637 2016 ξάνθον
657 1949 685 2003 δ’
703 1951 732 2005 D
750 1953 794 2018 (ον
808 1948 836 2003 δ’
853 1948 906 2018 lit.)
927 1981 958 1989 -
980 1949 1073 2021 iinery’
1090 1949 1107 2019 ἢ
1123 1952 1227 2022 Bergk:
1247 1951 1344 2023 ἤπειγε
1362 1957 1446 2023 (μιν)

167 2019 247 2074 codd.
262 2024 291 2073 et.
305 2021 390 2075 schol.
407 2053 439 2060 —
455 2019 584 2084 εὐίπποις
598 2024 626 2076 Β
641 2054 673 2060 -
690 2021 717 2084 ἐς
733 2038 788 2075 om.
804 2022 831 2074 B
847 2053 878 2060 -
894 2027 935 2075 48.
956 2021 1061 2076 ποντία
1078 2024 1133 2077 0⁸⁰
1151 2055 1181 2063 —
1202 2030 1244 2077 ὑλ.
1264 2025 1446 2078 δαιτικλυτάν

167 2091 271 2161 Bergk:
296 2095 378 2146 δαῖτα
398 2092 502 2146 κλυτάν
521 2094 655 2160 ABCD,
681 2109 735 2160 quo
756 2095 866 2162 recepto
885 2095 950 2161 post
969 2080 1080 2161 δειράδ’
1101 2094 1118 2148 i.
1134 2111 1156 2148 e.
1173 2094 1283 2162 δειράδι
1303 2095 1445 2165 interpun-

167 2165 317 2215 rerunt-
338 2171 380 2217 54.
405 2161 520 2237 μελησίᾳ
541 2165 599 2218 AB
606 2188 612 2218 :
636 2161 753 2234 μελησία
773 2164 828 2218 01)
848 2196 879 2203 -
903 2160 999 2233 ὕμνων
1018 2166 1082 2219 Α110
1102 2198 1134 2205 -
1160 2172 1201 2221 ht.
1226 2163 1346 2239 βαλλέτω
1364 2170 1392 2223 A
1413 2200 1444 2206 —

168 2310 248 2374 pater
262 2305 385 2360 Achilles
396 2308 462 2360 ante
476 2305 577 2360 Troiae
587 2306 698 2360 moenia
708 2306 865 2373 occidisset,
876 2306 977 2360 iterum
987 2308 1084 2361 urbem
1095 2308 1177 2377 cepit,
1192 2308 1266 2363 unde
1280 2307 1390 2378 τρίτοις,
1402 2310 1446 2363 vel

168 2377 243 2444 quod
257 2377 411 2430 Ahrensius
426 2377 534 2430 invenit
551 2376 701 2444 τερτάτοις,
720 2394 776 2430 non
790 2376 932 2445 τετράτοις
946 2381 1030 2447 poeta
1047 2379 1139 2433 dicere
1158 2379 1293 2447 debebat,
1313 2381 1353 2433 sic
1371 2380 1445 2434 enim

169 2464 245 2501 more
265 2447 403 2516 Madvigii
423 2448 527 2502 sentire
545 2448 621 2502 malo
640 2465 726 2516 quam
744 2448 968 2502 emendationem
988 2449 1123 2503 incertam
1142 2450 1232 2505 textui
1251 2450 1393 2506 intrudere
1412 2484 1446 2491 —

169 2525 210 2572 47.
230 2519 363 2577 Ξάνθον·
384 2518 499 2588 Lycium
518 2519 643 2587 flurium,
657 2537 713 2572 non
727 2519 878 2573 Troianum
895 2520 1037 2589 intellego,
1054 2521 1157 2584 Λάκιος
1171 2525 1266 2576 autem
1281 2522 1382 2591 Apollo
1398 2540 1446 2577 au-

167 2590 266 2644 diebat
296 2607 360 2644 cum
386 2591 460 2659 apud
487 2589 559 2644 alios
585 2594 645 2643 tum
672 2591 747 2659 apud
774 2591 926 2644 Pindarum
952 2591 1044 2661 ipsum
1063 2592 1091 2647 P.
1108 2612 1117 2644 1
1133 2610 1170 2660 ειη
1196 2596 1352 2648 Amazones
1380 2611 1446 2648 vero

169 2664 265 2731 petere
285 2660 401 2729 dicitur,
421 2662 496 2729 quod
515 2661 552 2715 ab
567 2661 601 2715 iis
621 2661 714 2715 Diana
737 2678 814 2715 soror
838 2662 995 2733 colebatur,
1022 2666 1051 2715 et
1074 2680 1091 2717 a
1114 2663 1335 2734 Thermodonta,
1362 2682 1445 2733 quem

168 2734 325 2787 Amazones
349 2731 527 2802 accolebant,
547 2733 583 2786 ad
602 2733 811 2803 Hyperboreos,
830 2734 942 2787 accolas
961 2733 1025 2787 Istri
1045 2736 1080 2797 (v.
1097 2734 1127 2788 tl.
1143 2754 1172 2787 ιιι
1188 2738 1232 2804 ιιι),
1253 2735 1306 2789 iter
1325 2736 1448 2791 ducebat

167 2836 201 2844 ·-
220 2809 262 2858 ⁶3.
287 2803 325 2858 Ut
345 2803 504 2875 Apollinem
524 2804 560 2857 ab
580 2804 767 2858 Amazonibus
794 2805 831 2857 ad
855 2805 1058 2875 Hyperboreos,
1083 2805 1123 2859 sic
1148 2806 1311 2875 Neptunum
1338 2807 1375 2860 ab
1395 2809 1446 2861 Ae-

168 2875 236 2946 gina
255 2875 292 2929 ad
310 2875 447 2928 Isthmum
466 2874 640 2929 Corinthium
660 2875 881 2944 proticiscentem
920 2879 986 2929 oeta
1009 2876 1091 2943 facit,
1115 2894 1169 2943 quo
1193 2880 1277 2946 pacto
1296 2876 1351 2931 sibi
1371 2877 1446 2930 riam

167 2946 305 3016 patefacit
330 2946 465 3000 redeundi
491 2947 527 2999 ad
551 2946 680 2999 ludorum
706 2947 873 3011 certamina,
900 2895 970 2999 Ηττον
997 2950 1091 3000 autem
1117 2946 1164 3000 via
1190 2948 1227 3000 ad
1253 2947 1345 3016 ipsum
1364 2965 1446 3017 argu-

167 3020 292 3072 mentum
318 3017 451 3071 carminis
477 3017 612 3086 ducebat,
642 3017 666 3069 si
692 3017 796 3086 prima,
827 3034 912 3086 quam
941 3016 999 3070 iam
1030 3017 1196 3071 laudaturus
1224 3021 1298 3086 erat,
1328 3017 1447 3072 victoria

168 3088 300 3144 Melesiae
319 3088 348 3142 in
367 3088 490 3142 lsthmiis
510 3088 584 3143 ludis
604 3090 768 3157 comparata
786 3087 841 3140 fuit
864 3118 897 3128 -
922 3093 963 3142 53.
991 3087 1063 3141 nihil
1086 3087 1200 3141 iucundi
1224 3087 1385 3141 hominibus
1404 3088 1446 3142 in·

167 3163 279 3231 legurm
297 3176 419 3229 manere,
437 3159 554 3214 Pindari
572 3163 616 3214 est
634 3158 783 3213 familiaris
802 3159 956 3226 sententia,
980 3159 1029 3212 sed
1052 3159 1122 3213 haec
1141 3160 1281 3228 quomodo
1305 3159 1358 3213 hoc
1384 3160 1446 3214 loco

167 3248 231 3285 curn
253 3231 303 3300 iis,
326 3248 399 3299 quae
418 3231 453 3285 dc
472 3231 559 3284 muris
577 3229 706 3284 Troianis
732 3229 860 3284 interitui
879 3229 1028 3284 destinatio
1048 3231 1231 3299 antecedunt,
1251 3232 1301 3283 aut
1320 3247 1382 3284 cum
1402 3230 1446 3300 iis,

167 3320 241 3372 quae
260 3303 294 3357 de
313 3302 430 3357 Melesia
453 3302 578 3356 invidiae
598 3300 718 3356 obnoxio
743 3304 909 3370 sequuntur,
929 3302 1091 3369 cohaereat,
1115 3318 1213 3371 parum
1238 3304 1366 3372 apertum
1389 3306 1446 3368 est;

166 3390 257 3443 neque
275 3376 371 3428 tamen
388 3374 480 3444 magis
499 3373 587 3443 probo
606 3372 775 3427 sententiam
794 3373 880 3428 hanc:
900 3372 971 3426 nihil
986 3372 1072 3426 sacris
1087 3371 1178 3442 epulis
1197 3376 1227 3427 et
1245 3372 1320 3427 ludis
1335 3373 1446 3428 dulcius

166 3461 240 3513 esse,
269 3445 354 3499 immo
381 3444 582 3499 obscuritatem
601 3446 713 3513 poetam
741 3461 797 3498 non
825 3444 932 3516 fugisse
957 3446 1039 3513 puto,
1067 3448 1099 3498 ut
1124 3443 1200 3498 viam
1228 3444 1284 3499 sibi
1310 3447 1448 3500 sterneret

167 3516 303 3571 redeundi
321 3517 358 3570 ad
377 3517 466 3571 ludos.
504 3516 555 3569 Est
573 3533 640 3570 sane
659 3515 730 3569 baec
748 3515 795 3570 via
814 3515 929 3570 minime
948 3516 1056 3584 faceta,
1076 3516 1125 3569 sed
1144 3533 1201 3569 nou
1219 3516 1314 3570 omnia
1331 3516 1361 3568 in
1381 3516 1446 3570 Pin-

166 3588 236 3643 daro
251 3604 337 3642 caeca
350 3587 537 3641 admiratione
549 3587 693 3641 laudanda
712 3590 790 3653 suut,
810 3586 947 3657 imprimis
962 3586 991 3638 in
1006 3585 1147 3641 festinatis
1162 3586 1342 3653 carminibus,
1362 3587 1446 3655 quale

167 3660 221 3715 hoc
234 3662 362 3714 nostrum
376 3663 420 3713 est
443 3661 472 3713 et
486 3659 515 3712 in
529 3658 695 3712 transitibus
710 3659 845 3728 parandis
865 3658 968 3713 severis
987 3657 1127 3711 iudicibus
1142 3657 1252 3730 copiam
1266 3658 1446 3728 vituperandi

167 3730 248 3800 lecit,
267 3731 341 3785 uude
359 3703 429 3783 mihi
447 3730 583 3800 probatur
601 3729 737 3783 iudicium
756 3728 876 3799 Longini
895 3747 929 3797 as,
944 3746 969 3784 a:
988 3728 1003 3782 ὁ
1023 3726 1054 3782 δὲ
1073 3727 1217 3797 Πίνδαρος
1240 3730 1288 3782 καί
1311 3728 1326 3783 ὁ
1351 3732 1446 3797 Σοφο-

167 3806 234 3872 κλῆς
252 3800 298 3857 <at
317 3801 369 3872 μὲν
383 3799 443 3855 olor
457 3801 550 3855 πάντα
566 3799 745 3870 ἐπιφλέγοντι
759 3809 792 3924 sp
806 3806 890 3874 φορᾷ,
906 3800 1074 3872 σβέννυνται
1088 3799 1116 3854 δ’
1132 3797 1238 3870 ἀλόγως
1251 3799 1384 3863 πολλάκις
1398 3802 1447 3854 καί

167 3871 317 3928 πίπτουσιν
339 3870 511 3943 ἀτυχέστατοι
536 3905 568 3913 -·
593 3880 627 3926 54
642 3890 677 3926 se.
706 3872 750 3924 Ad
786 3872 856 3925 udos
880 3872 991 3925 rediens
1014 3870 1135 3940 primum
1158 3870 1317 3940 Melesiam,
1344 3871 1446 3925 deinde

167 3944 391 4000 Alcimedoutem
409 3944 561 4014 praedicat.
599 3945 691 4011 Atque
711 3942 857 3997 lllelesiam
876 3942 1090 4006 Atheniensem,
1109 3942 1308 3996 dexterrimuru
1327 3942 1447 4012 aliptam

168 4015 380 4083 Alcimedontis,
395 4015 528 4083 invidiae,
543 4033 600 4083 qua
619 4015 694 4084 apud
709 4013 862 4083 Aeginetae
882 4018 942 4067 tum
961 4013 1094 4083 temporis
1114 4013 1247 4068 acerrime
1262 4013 1447 4069 Athenienses

167 4088 341 4157 flagrabant,
365 4104 421 4141 non
444 4104 556 4157 prorsus
576 4089 717 4156 expertem
737 4084 824 4139 fuisse
843 4084 995 4139 verisimile
1014 4087 1066 4148 est,
1086 4085 1160 4137 unde
1179 4101 1241 4138 cum
1260 4085 1359 4139 laudes
1378 4085 1447 4153 eius,

168 4158 228 4213 sire
248 4158 324 4227 quod
345 4158 451 4228 aliptae
472 4175 585 4212 munere
608 4158 680 4211 bene
705 4156 817 4210 iunctus
843 4159 918 4211 esset
943 4156 1002 4211 sire
1025 4157 1101 4224 quod
1120 4155 1181 4225 ipse
1200 4159 1285 4209 antea
1304 4172 1337 4210 ex
1357 4159 1446 4210 certa-

168 4229 291 4284 minibus
310 4229 400 4284 victor
418 4230 586 4297 recessisset,
606 4228 711 4282 aversis
730 4229 846 4281 auribus
861 4227 1016 4298 Aeginetae
1035 4226 1178 4296 accepturi
1197 4244 1257 4281 esse
1277 4227 1447 4294 riderentur,

167 4304 253 4371 poeta
275 4301 396 4370 primum
419 4317 455 4355 ne
477 4301 513 4355 ob
537 4301 589 4354 has
612 4299 711 4354 laudes
736 4299 844 4353 invidia
863 4302 1005 4369 peteretur
1024 4302 1100 4367 orat,
1120 4298 1221 4352 deinde
1241 4298 1373 4352 victorias
1393 4298 1447 4352 viri

168 4372 275 4427 strenui
298 4389 349 4441 pro
372 4372 479 4427 meritis
505 4371 617 4441 laudat,
643 4373 728 4438 atque
752 4370 872 4441 primum
896 4388 971 4440 eam,
995 4387 1080 4438 quarn
1098 4369 1217 4424 Melesia
1235 4387 1304 4438 puer
1322 4369 1447 4423 lsthmiis

166 4446 368 4514 reportaverat.
406 4443 479 4497 Nam
506 4461 567 4498 cum
586 4459 659 4511 quae
678 4442 810 4512 deinceps
834 4442 969 4497 victoriae
988 4441 1141 4495 laudantur
1159 4440 1293 4494 Melesiae
1311 4457 1367 4493 non
1387 4456 1447 4493 esse

167 4532 224 4570 non
242 4514 361 4596 possint,
380 4531 469 4583 neque
488 4514 642 4583 quidquam
657 4513 755 4567 indicii
770 4514 815 4577 sit,
830 4530 885 4582 quo
900 4514 937 4567 ab
951 4530 1007 4567 uno
1022 4512 1059 4567 ad
1074 4513 1192 4567 alterum
1207 4512 1342 4566 victorem
1358 4514 1447 4563 trans·

168 4586 204 4640 iri
229 4585 415 4657 significetur,
438 4585 557 4656 primam
582 4602 705 4653 quoque,
731 4601 804 4653 quae
828 4604 853 4639 v.
875 4602 901 4639 οι
924 4583 1114 4655 significatur,
1141 4583 1288 4638 victoriam
1315 4579 1448 4635 Melesiae

169 4657 248 4727 pueri
266 4674 323 4711 non
342 4656 546 4711 Alcimedontis
565 4674 626 4711 esse
645 4655 752 4720 iudico;
772 4655 869 4710 aoristi
890 4655 1052 4726 ἀνέδραμον
1070 4659 1165 4709 autem
1179 4671 1261 4708 usum
1275 4654 1309 4706 de
1324 4668 1353 4705 re
1368 4667 1448 4720 prae-

168 4728 241 4783 senti
261 4726 306 4782 vel
325 4728 420 4781 futura
440 4732 540 4782 exacta
559 4728 678 4782 defendo
698 4727 838 4781 similibus
857 4727 927 4781 locis
947 4728 979 4782 N.
995 4747 1004 4779 1
1021 4747 1045 4781 ιιι
1059 4732 1089 4780 ot
1108 4728 1136 4780 P.
1154 4746 1199 4778 ιιιι
1215 4742 1241 4779 ιο
1259 4756 1294 4764 —
1312 4719 1448 4793 ἀγενείων

168 4800 244 4869 πάλη
263 4802 315 4853 aut
332 4800 431 4853 eadem
450 4803 512 4854 erat
530 4804 615 4868 atque
629 4801 740 4853 παίδων
756 4802 806 4852 aut
819 4799 914 4853 media
928 4799 1067 4867 quaedam
1081 4799 1156 4852 inter
1170 4797 1292 4851 virorum
1307 4798 1335 4850 et
1349 4810 1449 4865 puero-

169 4889 231 4925 rum
250 4870 369 4938 luctam;
389 4891 413 4925 r.
429 4869 502 4925 Prol.
517 4890 586 4923 τίπτ’
611 4904 626 4909 --

223 4972 349 5013 Prncaars
363 4972 398 5011 ed.
413 4970 518 5011 Christ.
1220 4963 1236 5009 ι’)
