3442 5550
302 402 419 457 XXXIV
804 404 1085 457 PROLEGOMENA.

299 568 397 652 pedes
426 566 554 631 extendi
582 566 744 648 docent¹l‚
777 566 810 630 id
837 589 951 631 vereor
978 572 1015 631 ut
1048 589 1086 630 ex
1118 567 1272 651 peculiari
1306 569 1443 651 quadarn
1478 570 1586 635 indole

299 675 445 759 paeonici
465 674 612 759 rhythmi
631 673 845 758 probabiliter
861 673 1016 757 explicari
1033 673 1152 758 possit3
1172 673 1272 737 immo
1291 674 1366 738 inde
1380 675 1460 740 illud
1476 680 1585 740 ortum

298 803 368 845 esse
392 781 527 864 videtur,
551 781 637 865 quod
661 781 865 867 grammatici
889 786 922 846 et
941 782 1056 845 musici
1075 782 1109 843 in
1128 781 1221 844 libris
1241 786 1385 845 veterum
1405 783 1587 848 carminum

298 889 529 972 paeonicorum
553 892 694 972 quatuor
721 893 754 952 et
779 889 829 953 vel
853 889 994 973 quinque
1018 888 1115 973 pedes
1139 910 1204 951 uno
1233 893 1266 952 et
1290 889 1444 953 continuo
1473 890 1586 954 ordine

297 1001 446 1060 exaratos
469 996 671 1060 invenerunt.
713 993 862 1079 Namque
893 996 993 1059 etiam
1021 995 1255 1078 dactylicorum
1284 1001 1316 1059 et
1344 995 1585 1060 trochaicorum

297 1103 477 1167 carminum
501 1125 582 1186 quae
606 1103 641 1165 in
664 1101 830 1166 codicibus
854 1108 887 1167 et
910 1102 1042 1167 scholiis
1066 1103 1187 1167 tradita
1214 1107 1264 1166 est
1292 1102 1483 1167 colometria
1511 1126 1584 1168 cum

296 1209 488 1294 praeceptis,
511 1230 592 1292 quae
616 1209 654 1273 de
678 1209 901 1295 magnitudine
924 1210 1039 1274 ποδῶν
1061 1207 1237 1274 συνθέτων
1260 1208 1296 1273 έν
1315 1215 1375 1297 ἴσω
1393 1208 1449 1274 καὶ
1468 1211 1585 1275 διαλα-

297 1319 359 1404 σίω
384 1319 470 1404 λόγῳ
494 1321 619 1380 veteres
642 1316 818 1399 rhythmici
848 1317 993 1399 tradunt,
1026 1317 1211 1400 conspirare
1240 1316 1339 1397 solet,
1367 1317 1449 1381 unde
1478 1322 1582 1383 totam
1669 1340 1672 1345 ·

296 1422 395 1486 istam
419 1422 601 1487 doctrinam
625 1422 884 1506 rhythmicorum
909 1445 947 1486 cx
972 1445 1031 1486 usu
1055 1429 1225 1507 poetarum
1253 1427 1286 1486 et
1308 1421 1427 1503 forma,
1455 1444 1520 1506 qua
1546 1423 1582 1486 in

295 1529 459 1593 veteribus
483 1530 722 1615 exemplaribus
742 1551 853 1593 versus
873 1552 970 1593 manu
989 1536 1160 1613 poetarum
1176 1530 1323 1614 ipsorum
1343 1529 1462 1614 digesti
1481 1535 1582 1597 erant,

295 1637 502 1720 repetendam
526 1660 596 1702 esse
620 1637 737 1701 iudico.

384 1742 438 1807 De
453 1744 632 1808 versibus
648 1766 691 1807 ex
707 1743 805 1808 eolis
825 1743 1055 1829 compositis
1075 1748 1112 1806 et
1127 1744 1168 1807 dc
1184 1744 1220 1808 vi
1236 1766 1427 1808 caesurae.
1461 1742 1584 1809 Contra

297 1855 373 1913 sunt
396 1846 452 1914 alii
476 1873 588 1916 versus
611 1850 658 1914 ita
682 1840 885 1936 conformati,
910 1849 1003 1915 utin
1027 1848 1098 1913 cola
1121 1872 1176 1913 eos
1196 1851 1384 1915 dividendos
1404 1874 1474 1916 esse
1494 1872 1584 1935 pror-

295 1979 350 2022 sus
383 1957 592 2022 manifestum
622 1958 673 2021 sit.
716 1957 821 2021 Huius
853 1958 965 2022 classis
999 1957 1141 2022 carmina
1175 1958 1363 2043 logaoedica
1395 1963 1485 2041 sunt,
1518 1980 1583 2041 quo

295 2064 426 2128 nomine
450 2069 567 2130 cuncta
590 2064 735 2129 carmina
758 2064 1004 2150 comprehendo,
1029 2086 1167 2149 quorum
1192 2065 1263 2130 cola
1288 2065 1316 2127 si
1337 2065 1444 2129 minus
1464 2064 1582 2145 omnia,

295 2176 329 2234 at
353 2171 468 2235 saltem
491 2172 633 2255 plurima
656 2194 694 2236 ex
719 2172 881 2236 trochaeis
905 2176 938 2236 et
962 2172 1092 2257 cyclicis
1117 2172 1254 2257 dactylis
1283 2194 1454 2236 numerose
1478 2171 1582 2235 mixta

294 2282 378 2341 sunt.
422 2276 505 2343 Sunt
528 2301 604 2343 sane
628 2279 713 2363 apud
737 2278 913 2343 Pindarum
937 2280 1036 2343 etiam
1059 2279 1094 2342 in
1117 2278 1179 2342 hoc
1207 2300 1324 2365 genere
1352 2301 1424 2343 rara
1452 2301 1491 2342 ea
1515 2300 1582 2342 car-

293 2384 389 2466 mina,
414 2406 551 2467 quorum
575 2385 679 2450 colica
702 2386 896 2471 compositio
915 2385 1010 2471 plane
1035 2390 1147 2470 aperta
1167 2385 1218 2466 sit,
1242 2390 1280 2449 ut
1298 2384 1461 2468 parthenii
1480 2385 1518 2447 fr.
1538 2386 1581 2448 95

629 2522 668 2591 ‘a
691 2530 783 2613 Πάν,
805 2527 979 2615 Ἀρκαδίας
1001 2527 1111 2613 μέδων

679 2634 734 2699 καὶ
758 2649 888 2721 σεμνῶν
912 2635 1044 2700 ἀδύτων
1067 2632 1190 2718 φύλαξ,

636 2743 774 2828 Ματρὸς
795 2743 939 2826 μεγάλας
962 2739 1077 2825 ὀπαδέ,
1101 2750 1227 2825 σεμνᾶν

676 2852 829 2929 Χαρίτων
852 2848 979 2933 μέλημα
1001 2851 1156 2930 τερπνόν·

292 2993 344 3057 cui
368 2992 580 3078 fragmentari
608 2990 743 3055 carmini
767 2991 853 3055 inter
875 2991 1005 3075 integra
1028 2990 1168 3076 epinicia
1191 2989 1310 3054 similia
1333 2998 1409 3053 sunt
1428 2988 1469 3054 N.
1484 3007 1518 3052 11.
1536 3008 1580 3054 1v.

292 3098 327 3163 P.
347 3118 379 3162 11.
396 3117 466 3163 v111.
491 3098 516 3165 I.
531 3116 602 3162 vm.
627 3098 663 3164 0.
678 3115 722 3161 rx.
738 3115 808 3161 xlv.
847 3098 911 3161 Sed
929 3097 1054 3182 reliqua
1072 3118 1201 3180 quoque
1222 3095 1365 3161 carmina
1383 3095 1580 3181 logaoedica,

292 3205 440 3289 quamvis
464 3205 535 3269 cola
558 3205 666 3269 minus
694 3204 863 3288 perspicue
892 3204 1047 3268 distincta
1075 3203 1263 3285 exhibeant,
1292 3208 1402 3267 tamen
1430 3203 1479 3267 ita
1507 3224 1580 3269 con-

291 3310 433 3376 formata
457 3316 546 3393 sunt,
576 3317 614 3373 ut
637 3333 675 3374 ex
699 3310 780 3375 colis
803 3332 928 3393 versus,
960 3333 998 3374 ex
1022 3309 1170 3374 versibus
1195 3310 1346 3393 strophas
1371 3310 1581 3375 concinnatas

290 3439 360 3481 esse
383 3417 479 3501 plane
503 3417 634 3480 sentias.
676 3416 766 3481 Haec
788 3416 892 3501 igitur
915 3417 1067 3499 carmina,
1092 3439 1174 3499 quae
1193 3416 1273 3500 μέλη
1296 3418 1315 3480 i.
1337 3440 1364 3481 e.
1383 3417 1526 3481 carmina
1545 3418 1579 3479 in

290 3525 437 3587 membra
460 3522 566 3609 (μέλη,
590 3528 694 3607 κῶλα)
718 3523 888 3588 dividenda
913 3525 1043 3608 proprie
1063 3522 1257 3609 dicuntum),
1281 3524 1329 3586 ita
1347 3523 1522 3609 digerenda
1546 3528 1579 3587 et

290 3630 325 3694 in
349 3630 420 3695 cola
443 3630 614 3694 dividenda
637 3630 746 3694 curavi
769 3631 887 3715 omnia,
910 3636 1032 3695 utnon
1051 3629 1157 3694 solum
1176 3629 1211 3691 in
1230 3628 1405 3693 schematis
1425 3627 1579 3709 metricis,

291 3738 346 3802 sed
375 3738 474 3801 etiam
502 3737 537 3800 in
565 3742 657 3801 textu
688 3737 761 3821 ipso
796 3737 940 3802 colorum
973 3736 1183 3822 compositi0,
1215 3735 1321 3820 quoad
1356 3734 1428 3801 fieri
1459 3741 1581 3819 posset,

290 3848 470 3928 appareret.

379 3948 450 4025 Qua
472 3950 506 4013 in
529 3951 699 4034 provincia
721 3951 979 4016 administranda
1000 3952 1142 4037 primum
1170 3951 1232 4015 hoc
1255 3950 1335 4015 mihi
1359 3951 1579 4035 quaerendum

288 4056 365 4139 fuit,
399 4078 463 4140 quo
491 4057 563 4122 loco
596 4058 779 4122 membrum
812 4058 961 4141 quodque
991 4059 1141 4122 finiretur
1168 4063 1201 4123 et
1230 4058 1347 4141 quibus
1377 4058 1480 4144 signis
1503 4058 1580 4122 ida

289 4169 387 4249 poeta
424 4163 602 4228 indicatum
636 4187 706 4229 esse
739 4163 911 4227 videretur.
960 4164 1069 4247 Atque
1102 4164 1359 4229 luculentissime
1396 4164 1492 4228 nobis
1530 4165 1583 4228 via

289 4293 400 4336 versus
425 4271 460 4333 in
483 4271 554 4335 cola
578 4271 798 4336 dividentibus
827 4270 1050 4334 demonstrata
1079 4275 1142 4353 est,
1172 4271 1229 4335 ubi
1257 4270 1457 4355 procatalexi
1483 4276 1582 4353 poeta

287 4380 385 4441 finem
405 4377 522 4461 prioris
542 4377 605 4441 coli
625 4377 770 4440 definivit
789 4381 822 4440 et
842 4376 869 4440 si
889 4377 996 4439 minus
1017 4376 1168 4439 omnibus
1186 4378 1221 4440 in
1243 4376 1397 4461 strophis,
1416 4382 1579 4441 attamen

285 4484 321 4547 in
342 4484 504 4569 plerisque
530 4506 662 4548 caesura
684 4483 850 4566 indicavit,
875 4483 963 4547 velut

377 4716 402 4779 1)
422 4730 447 4766 v.
467 4711 582 4765 Aristid.
603 4711 638 4765 de
656 4729 726 4765 mus.
746 4712 808 4764 135
828 4712 857 4764 et
875 4711 1000 4765 Psellum
1020 4718 1065 4777 1³23
1086 4713 1182 4765 confer
1201 4729 1286 4781 supra
1304 4732 1331 4782 p.
1347 4713 1457 4767 XXVII.

376 4787 403 4852 2)
421 4783 494 4837 Huic
513 4782 700 4853 etymologiae
720 4782 797 4836 vocis
822 4782 926 4837 alludit
945 4781 1080 4836 Horatius
1100 4782 1128 4839 (l.
1144 4803 1154 4834 1
1170 4788 1216 4852 15,
1234 4789 1279 4839 15:
1305 4793 1438 4856 preterque
1465 4784 1576 4852 latrinis

285 4857 382 4913 inbelli
399 4857 507 4912 cithara
525 4857 652 4911 carmina
669 4856 781 4911 (lividas.
