3442 5550
823 445 1099 500 PROLEGOMENA.

708 680 760 745 De
790 681 925 745 ordine
954 680 1218 746 certaminum.

409 802 589 887 Postquam
617 827 714 889 supra
738 804 861 869 iamin
885 806 1025 870 transitu
1055 827 1157 889 pauca
1182 806 1220 869 de
1250 804 1360 868 ordine
1389 805 1605 871 certaminum

320 910 472 974 ludorum
490 909 804 976 Panathenaicorum
823 912 1046 997 delibavimus,
1068 912 1121 977 hic
1144 911 1272 997 plenius
1291 912 1330 976 (10
1353 935 1387 976 re
1411 911 1606 977 difficillima

320 1016 477 1082 disserere
496 1017 591 1082 uobis
610 1018 716 1083 visum
736 1024 794 1083 est.
834 1017 1037 1103 Quamquam
1055 1020 1158 1105 igitur
1176 1041 1280 1103 neque
1295 1019 1446 1084 omnibus
1465 1019 1604 1083 inludis

320 1145 423 1208 neque
446 1124 560 1188 iisdem
585 1130 617 1188 in
640 1126 724 1190 ludis
744 1127 833 1191 omni
852 1132 997 1211 tempore
1016 1127 1102 1191 idem
1122 1127 1201 1190 ordo
1221 1125 1434 1191 certaminum
1455 1130 1603 1191 servatus

320 1235 380 1316 est,
403 1236 513 1295 tamen
534 1231 597 1296 hoc
621 1232 687 1296 fere
711 1255 838 1319 semper
862 1239 894 1298 et
918 1234 1037 1318 ubique
1062 1233 1282 1317 obtinuerunt,
1305 1237 1343 1296 ut
1365 1233 1470 1298 stadio
1495 1255 1604 1298 curso

320 1337 410 1442 ribus
438 1338 579 1423 primum
603 1340 711 1404 locum
734 1340 949 1427 assignarent.
995 1341 1103 1424 Atque
1127 1340 1191 1405 iam
1216 1338 1378 1424 Odysseae
1401 1340 1603 1432 temporibus

320 1467 458 1510 acursu
481 1443 644 1511 Phaeaces
672 1447 803 1511 initium
831 1448 975 1514 certandi
1003 1448 1149 1513 feceruut
1172 1445 1431 1533 (ouv111120),
1458 1447 1493 1511 in
1517 1452 1604 1513 cata-

321 1552 407 1638 logis
426 1575 502 1618 0010
522 1552 821 1639 Olympionicarum
841 1556 946 1621 stadio
966 1554 1105 1621 victores
1123 1555 1229 1639 primo
1249 1555 1321 1619 loco
1345 1554 1496 1619 collocati
1517 1560 1603 1638 sunt,

320 1660 402 1724 unde
432 1683 451 1725 a
481 1660 587 1725 stadio
618 1661 798 1726 victoribus
829 1662 975 1747 singulas
1004 1661 1211 1747 Olympiades
1242 1661 1482 1746 chronographi
1512 1667 1604 1726 nota-

249 1749 252 1755 ·
319 1766 440 1855 bant.¹)
481 1768 607 1833 Eodem
630 1769 725 1833 modo
748 1768 940 1853 Pythiorum
960 1767 1137 1854 Sophocles
1157 1768 1207 1832 nl.
1228 1770 1293 1834 684
1318 1769 1445 1853 δρόμου
1467 1770 1604 1854 πρώτην

319 1879 431 1958 κρίσιν
453 1875 553 1940 fuisse
578 1874 671 1960 dicit,
693 1881 726 1940 et
749 1876 889 1941 Athenis
913 1877 1019 1941 stadio
1043 1875 1159 1940 victori
1186 1875 1259 1959 plus
1284 1875 1515 1960 amphorarum
1539 1876 1603 1941 olei

319 2004 417 2066 quam
446 1981 652 2066 quinquertio
676 1984 727 2046 vel
750 1983 839 2047 lucta
866 1984 1056 2070 pugilatuve
1080 1983 1258 2047 victoribus
1282 1982 1426 2068 praemio
1454 1983 1603 2048 dabatur.

319 2089 467 2173 Denique
494 2090 594 2154 etiam
620 2089 834 2174 philosophus
858 2090 962 2173 Plato,
985 2092 1068 2175 legg.
1088 2107 1151 2153 vm
1173 2113 1204 2174 p.
1219 2090 1284 2155 333
1308 2113 1327 2153 a
1350 2090 1456 2155 stadio
1484 2095 1522 2155 ut
1544 2090 1603 2155 ini-

318 2196 403 2260 tium
425 2194 575 2261 ludorum
599 2197 691 2261 fieret
713 2194 920 2285 praecepit.⁹)
965 2198 1114 2262 Alterum
1138 2196 1312 2261 verisimile
1341 2201 1392 2260 est
1413 2196 1603 2263 institutum

319 2302 433 2386 fuisse,
462 2307 499 2367 01
524 2324 605 2386 quae
631 2302 812 2387 posteriore
840 2308 986 2388 tempore
1010 2309 1140 2388 recepta
1163 2308 1272 2368 essent
1295 2303 1472 2367 certamina
1494 2303 1603 2370 locum

318 2412 394 2493 post
427 2409 606 2474 certamina
635 2410 756 2474 dudum
788 2415 919 2495 recepta
951 2410 1153 2475 sortirentur.
1207 2408 1411 2494 Quamquam
1441 2409 1504 2476 hoc
1536 2433 1603 2476 non

318 2521 386 2580 tam
410 2516 503 2581 anxie
529 2517 762 2601 observabant,
790 2521 826 2580 ut
853 2517 936 2581 nihil
960 2517 1199 2601 opportunitati
1223 2522 1255 2581 et
1279 2516 1469 2582 variationis
1493 2517 1603 2583 studio

208 2639 210 2643 ’
319 2624 433 2688 darent
444 2620 470 2710 8)
500 2628 557 2687 aut
584 2646 759 2708 puerorum
788 2624 965 2689 certamina
993 2629 1106 2688 contra
1133 2623 1303 2689 hominum
1326 2623 1603 2708 exspectationem

319 2731 472 2795 ultimum
494 2731 659 2796 inlocum
683 2731 850 2797 reicerent.
896 2729 958 2795 Sed
982 2731 1015 2794 id
1039 2736 1147 2796 tamen
1171 2754 1209 2795 ex
1233 2730 1465 2816 chronologico
1490 2730 1602 2796 ordine

317 2837 537 2903 institutionis
561 2839 776 2904 certaminum
799 2860 896 2923 supra
920 2839 1067 2923 exposito
1092 2838 1227 2922 mansit,
1255 2842 1292 2901 ut
1315 2837 1479 2921 equestria
1502 2842 1603 2904 certa·

318 2943 406 3009 mina
429 2944 496 3009 fere
524 2945 641 3010 ultima
663 2945 837 3030 inirentur,
866 2967 929 3030 quo
953 2945 1041 3011 facto
1072 2945 1150 3009 illud
1175 2966 1302 3029 quoque
1326 2943 1493 3010 consecuti
1517 2950 1604 3031 sunt,

317 3056 354 3115 ut
382 3074 422 3117 ne
449 3052 619 3118 hominum
651 3053 758 3118 studia
789 3053 956 3139 spectandi
986 3053 1203 3135 remitterent,
1236 3052 1290 3116 sed
1319 3052 1360 3115 ad
1388 3050 1542 3115 ultimum
1570 3056 1603 3117 et

321 3158 619 3242 splendidissimum
643 3182 745 3246 genus
770 3160 983 3226 certaminum
1008 3159 1219 3244 spectandum
1242 3158 1453 3243 erigerentur.

407 3265 547 3331 Multum
571 3288 647 3331 vero
671 3267 705 3331 in
730 3266 817 3332 omni
840 3267 902 3331 hac
926 3266 1115 3351 quaestione
1138 3265 1313 3348 referebat,
1339 3269 1420 3347 quot
1443 3263 1511 3329 dies
1535 3287 1601 3330 cer·

317 3370 496 3437 taminibus
523 3372 673 3438 ineundis
704 3378 978 3438 consumerentur.
1031 3371 1213 3436 Minoribus
1244 3371 1330 3436 enim
1360 3370 1394 3435 in
1423 3370 1509 3436 ludis
1539 3371 1602 3437 hoc

318 3478 385 3542 fere
412 3479 601 3544 institutum
630 3484 713 3565 erat,
743 3484 780 3543 ut
807 3480 913 3564 primo
942 3479 992 3544 die
1021 3501 1112 3544 sacra
1135 3480 1264 3564 fierent,
1297 3477 1400 3542 altero
1424 3479 1603 3543 certamina

319 3583 472 3673 omnia.⁴)
515 3586 703 3671 Olympicae
728 3592 836 3652 antem
859 3586 959 3651 feriae
983 3609 1057 3650 cum
1080 3584 1211 3649 Pindari
1237 3590 1343 3650 aetate
1368 3584 1510 3668 quinque
1535 3584 1601 3649 die-

318 3715 390 3759 rum
410 3697 527 3777 essent,
551 3693 590 3757 ad
611 3693 780 3758 minimum
799 3698 865 3757 tres
884 3692 952 3756 dies
972 3691 1067 3756 medii
1088 3692 1320 3756 certaminibus
1344 3691 1566 3776 explebantur.
1575 3688 1602 3777 ⁵)

318 3830 396 3837 ..η-.-
410 3831 465 3837 ..—-
480 3832 500 3836 ....
518 3830 531 3835 ..

410 3909 436 3973 1)
456 3904 533 3960 (lons.
553 3904 626 3960 Plut.
642 3907 750 3973 quaest.
766 3922 844 3960 conv.
860 3905 885 3958 ll
900 3910 924 3959 ὀ.
1307 3955 1313 3966 ,

409 3980 436 4045 2)
455 3976 550 4031 Etiam
564 3976 636 4031 Plut.
653 3980 761 4045 quaest.
777 3994 855 4030 conv.
871 3976 896 4029 11
911 3982 935 4043 5,
952 3981 966 4028 1
986 3977 1107 4029 testatur
1124 3975 1217 4029 stadio
1236 3974 1357 4044 primum
1374 3978 1513 4029 certatum
1527 3991 1602 4030 esse:

321 4057 404 4102 ποῖον
423 4044 474 4103 οὖν
494 4045 564 4117 φαίη
584 4069 626 4112 τις
644 4047 681 4102 ἂν
699 4058 755 4103 τῶν
773 4047 975 4119 ἀγωνισμάτων
993 4045 1139 4116 μεμονέναι
1159 4056 1269 4114 πρῶτον
1286 4044 1349 4114 ἢτὸ
1367 4045 1490 4111 στάδιον,
1510 4044 1602 4114 ὥσπερ

319 4118 489 4190 Ὀλυμπίασι.
531 4118 722 4174 Nihilominus
751 4121 893 4189 quondam
915 4118 1022 4172 Polites
1049 4117 1164 4186 quidam
1191 4121 1332 4173 certamen
1356 4117 1533 4188 Olympicum
1559 4117 1602 4172 its

322 4190 394 4258 iniit,
414 4194 446 4245 ut
465 4190 596 4244 similiter
615 4195 700 4259 atque
714 4191 832 4245 Athenis
852 4191 959 4244 facturn
977 4193 1021 4244 est
1039 4194 1074 4257 (v.
1093 4206 1177 4259 supra
1195 4209 1221 4259 p.
1236 4192 1322 4258 mn)
1340 4189 1461 4260 primum
1481 4189 1602 4257 doliche,

322 4262 423 4316 deinde
443 4261 536 4316 stadio
556 4265 584 4316 et
604 4261 699 4317 diaulo
719 4266 848 4327 certaret,
868 4279 924 4330 qua
943 4262 977 4315 (10
996 4278 1026 4314 re
1045 4280 1070 4315 v.
1085 4261 1205 4315 Pausvr
1219 4267 1261 4328 13,
1274 4267 1298 4315 3.

410 4340 437 4401 3)
456 4334 497 4387 De
512 4334 668 4388 mutatione
683 4333 790 4389 ordinis
805 4333 847 4389 Ol.
858 4352 967 4388 cxxxxu
984 4331 1152 4387 Clitomachi
1167 4332 1260 4403 gratia
1275 4332 1360 4400 faeta,
1380 4335 1412 4385 01
1425 4330 1601 4402 pancratium

319 4407 385 4458 ante
403 4404 564 4476 pugilatum
582 4407 669 4473 fieret,
690 4425 716 4460 v.
736 4405 818 4459 Paus.
834 4426 861 4459 vr
877 4411 918 4473 15,
934 4411 957 4457 4.

409 4480 436 4535 41
455 4475 515 4529 Hoe
534 4476 568 4530 de
588 4477 729 4530 Thebanis
748 4476 823 4530 ludis
837 4475 980 4545 Heracleis
1000 4474 1127 4528 disertim
1145 4474 1231 4528 refert
1248 4474 1309 4545 ipse
1324 4474 1463 4528 Pindarus
1477 4475 1497 4527 I.
1512 4492 1544 4526 111
1558 4477 1600 4525 86.

409 4551 436 4617 5)
455 4547 496 4600 Ex
511 4546 572 4600 loeo
587 4547 703 4602 Pindari
718 4547 749 4602 0.
760 4567 777 4601 v
793 4555 808 4601 15
827 4548 883 4602 ὑπὸ
903 4543 1069 4617 βουθυσίαις
1085 4543 1198 4600 ἀέθλων
1216 4565 1245 4600 τε
1264 4543 1456 4617 πεμπαμέροις
1474 4542 1601 4612 ἁμίλλαις

320 4617 418 4681 ἵπποις
436 4615 563 4687 ἡμιόνοις
581 4637 611 4672 τε
630 4622 811 4694 μοναμπυκίᾳ
829 4638 859 4673 τε
874 4617 1003 4687 equidem
1024 4617 1189 4672 concludere
1203 4634 1260 4671 non
1274 4617 1366 4671 ausim
1380 4620 1440 4670 tum
1457 4614 1600 4695 temporis,

319 4690 338 4745 i.
354 4707 377 4746 0.
398 4689 440 4745 Ol.
456 4708 548 4743 carru
571 4691 726 4744 certamina
749 4708 832 4761 super
854 4690 979 4759 quinque
1000 4688 1060 4743 dies
1080 4688 1233 4743 distributa
1251 4686 1346 4743 luisse.
1383 4688 1457 4742 Nam
1476 4701 1599 4753 qumque

319 4761 418 4817 diebus
437 4764 512 4815 certe
531 4761 610 4829 equis
630 4765 767 4816 certatum
786 4779 842 4816 non
862 4765 912 4828 est,
932 4760 1005 4814 unde
1024 4762 1137 4829 poetam
1152 4777 1207 4814 non
1221 4777 1298 4814 more
1312 4756 1512 4814 mathematico
1530 4758 1599 4809 tem-

319 4850 372 4957 pus
391 4832 576 4887 certaminum
594 4838 725 4887 accurate
744 4834 917 4901 definivisse,
938 4832 989 4886 sed
1007 4832 1082 4899 quod
1102 4831 1189 4884 leriae
1207 4831 1332 4900 quinque
1351 4831 1459 4884 dierum
1478 4827 1599 4893 fuerunt,

341 4921 374 4959 oe
393 4903 430 4958 ad
449 4903 587 4959 sacrificia
607 4909 636 4961 et
655 4905 809 4960 certamina
828 4904 948 4959 traxisse
966 4902 1113 4974 probabile
1133 4905 1183 4957 est.
