<?xml version="1.0" encoding="UTF-8"?>
<!DOCTYPE html PUBLIC "-//W3C//DTD XHTML 1.0 Transitional//EN"
    "http://www.w3.org/TR/xhtml1/DTD/xhtml1-transitional.dtd">
<html xmlns="http://www.w3.org/1999/xhtml" xml:lang="en" lang="en">
 <head>
  <title>
</title>
<meta http-equiv="Content-Type" content="text/html;charset=utf-8" />
  <meta name='ocr-system' content='tesseract 3.04.00' />
  <meta name='ocr-capabilities' content='ocr_page ocr_carea ocr_par ocr_line ocrx_word'/>
</head>
<body>
  <div class='ocr_page' id='page_1' title='image "./pindaricarminap00chrigoog_0457.png"; bbox 0 0 3442 5550; ppageno 0'>
   <div class='ocr_carea' id='block_1_1' title="bbox 746 1248 975 1320">
    <p class='ocr_par' dir='ltr' id='par_1_1' title="bbox 746 1248 975 1320">
     <span class='ocr_line' id='line_1_1' title="bbox 746 1248 975 1320; baseline 0 -17"><span class='ocrx_word' id='word_1_1' title='bbox 746 1249 915 1319; x_wconf 75' lang='lat' dir='ltr'><strong>[aaaron.</strong></span> <span class='ocrx_word' id='word_1_2' title='bbox 936 1248 975 1320; x_wconf 82' lang='grc' dir='ltr'><strong>ι’]</strong></span> 
     </span>
    </p>
   </div>
   <div class='ocr_carea' id='block_1_2' title="bbox 586 1412 1134 1498">
    <p class='ocr_par' dir='ltr' id='par_1_2' title="bbox 586 1412 1134 1498">
     <span class='ocr_line' id='line_1_2' title="bbox 586 1412 1134 1498; baseline 0.002 -2"><span class='ocrx_word' id='word_1_3' title='bbox 586 1412 818 1498; x_wconf 71' lang='lat' dir='ltr'><strong>auulsa</strong></span> <span class='ocrx_word' id='word_1_4' title='bbox 860 1414 1134 1498; x_wconf 67' lang='grc' dir='ltr'>ΑΡΓΕΙΩι</span> 
     </span>
    </p>
   </div>
   <div class='ocr_carea' id='block_1_3' title="bbox 754 1608 963 1660">
    <p class='ocr_par' dir='ltr' id='par_1_3' title="bbox 754 1608 963 1660">
     <span class='ocr_line' id='line_1_3' title="bbox 754 1608 963 1660; baseline 0.014 -3"><span class='ocrx_word' id='word_1_5' title='bbox 754 1608 963 1660; x_wconf 65' lang='lat' dir='ltr'><strong>nnanlurfln</strong></span> 
     </span>
    </p>
   </div>
   <div class='ocr_carea' id='block_1_4' title="bbox 771 1889 951 1960">
    <p class='ocr_par' dir='ltr' id='par_1_4' title="bbox 771 1889 951 1960">
     <span class='ocr_line' id='line_1_4' title="bbox 771 1889 951 1960; baseline 0.006 -17"><span class='ocrx_word' id='word_1_6' title='bbox 771 1889 951 1960; x_wconf 71' lang='lat' dir='ltr'><strong>Strophaa</strong></span> 
     </span>
    </p>
   </div>
   <div class='ocr_carea' id='block_1_5' title="bbox 726 1998 1108 2068">
    <p class='ocr_par' dir='ltr' id='par_1_5' title="bbox 726 1998 1108 2068">
     <span class='ocr_line' id='line_1_5' title="bbox 726 1998 1108 2068; baseline -0.003 -19"><span class='ocrx_word' id='word_1_7' title='bbox 726 1998 1108 2068; x_wconf 51' lang='lat' dir='ltr'><strong>·o--;w-wQ</strong></span> 
     </span>
    </p>
   </div>
   <div class='ocr_carea' id='block_1_6' title="bbox 738 3351 1001 3463">
    <p class='ocr_par' dir='ltr' id='par_1_6' title="bbox 738 3351 1001 3463">
     <span class='ocr_line' id='line_1_6' title="bbox 738 3351 1001 3463; baseline 0.004 -49"><span class='ocrx_word' id='word_1_8' title='bbox 738 3351 1001 3463; x_wconf 57' lang='lat' dir='ltr'><strong>Argumentum</strong></span> 
     </span>
    </p>
   </div>
   <div class='ocr_carea' id='block_1_7' title="bbox 220 3478 1496 4895">
    <p class='ocr_par' dir='ltr' id='par_1_7' title="bbox 220 3478 1496 4895">
     <span class='ocr_line' id='line_1_7' title="bbox 312 3478 1496 3561; baseline 0.007 -24"><span class='ocrx_word' id='word_1_9' title='bbox 312 3478 437 3538; x_wconf 79' lang='lat' dir='ltr'>Carmen</span> <span class='ocrx_word' id='word_1_10' title='bbox 466 3480 521 3540; x_wconf 89' lang='lat' dir='ltr'><strong>hoo</strong></span> <span class='ocrx_word' id='word_1_11' title='bbox 550 3481 645 3558; x_wconf 85' lang='lat' dir='ltr'><strong>magis</strong></span> <span class='ocrx_word' id='word_1_12' title='bbox 673 3480 703 3538; x_wconf 91' lang='lat' dir='ltr'><strong>in</strong></span> <span class='ocrx_word' id='word_1_13' title='bbox 731 3480 873 3541; x_wconf 85' lang='lat' dir='ltr'><strong>honorem</strong></span> <span class='ocrx_word' id='word_1_14' title='bbox 901 3481 1005 3557; x_wconf 93' lang='lat' dir='ltr'><strong>populi</strong></span> <span class='ocrx_word' id='word_1_15' title='bbox 1028 3481 1134 3559; x_wconf 82' lang='lat' dir='ltr'><strong>Argivi</strong></span> <span class='ocrx_word' id='word_1_16' title='bbox 1158 3500 1248 3557; x_wconf 71' lang='lat' dir='ltr'><strong>(luam</strong></span> <span class='ocrx_word' id='word_1_17' title='bbox 1278 3482 1352 3542; x_wconf 81' lang='lat' dir='ltr'><strong>civis</strong></span> <span class='ocrx_word' id='word_1_18' title='bbox 1376 3484 1496 3561; x_wconf 73' lang='lat' dir='ltr'><strong>Thesei,</strong></span> 
     </span>
     <span class='ocr_line' id='line_1_8' title="bbox 223 3568 1495 3645; baseline 0.006 -18"><span class='ocrx_word' id='word_1_19' title='bbox 223 3568 309 3627; x_wconf 88' lang='lat' dir='ltr'><strong>Uliae</strong></span> <span class='ocrx_word' id='word_1_20' title='bbox 333 3568 396 3645; x_wconf 87' lang='lat' dir='ltr'><strong>filii,</strong></span> <span class='ocrx_word' id='word_1_21' title='bbox 420 3570 618 3645; x_wconf 80' lang='lat' dir='ltr'><strong>compositum</strong></span> <span class='ocrx_word' id='word_1_22' title='bbox 641 3574 695 3629; x_wconf 84' lang='lat' dir='ltr'><strong>est.</strong></span> <span class='ocrx_word' id='word_1_23' title='bbox 740 3570 770 3627; x_wconf 93' lang='lat' dir='ltr'><strong>Is</strong></span> <span class='ocrx_word' id='word_1_24' title='bbox 793 3570 872 3628; x_wconf 89' lang='lat' dir='ltr'><strong>enim</strong></span> <span class='ocrx_word' id='word_1_25' title='bbox 895 3573 965 3629; x_wconf 89' lang='lat' dir='ltr'><strong>ante</strong></span> <span class='ocrx_word' id='word_1_26' title='bbox 988 3588 1107 3629; x_wconf 86' lang='lat' dir='ltr'><strong>versum</strong></span> <span class='ocrx_word' id='word_1_27' title='bbox 1131 3582 1164 3628; x_wconf 75' lang='lat'><strong>24</strong></span> <span class='ocrx_word' id='word_1_28' title='bbox 1188 3571 1309 3631; x_wconf 89' lang='lat' dir='ltr'><strong>omnino</strong></span> <span class='ocrx_word' id='word_1_29' title='bbox 1332 3592 1393 3631; x_wconf 92' lang='lat' dir='ltr'><strong>non</strong></span> <span class='ocrx_word' id='word_1_30' title='bbox 1417 3593 1495 3634; x_wconf 89' lang='lat' dir='ltr'><strong>oom-</strong></span> 
     </span>
     <span class='ocr_line' id='line_1_9' title="bbox 223 3659 1495 3741; baseline 0.006 -24"><span class='ocrx_word' id='word_1_31' title='bbox 223 3662 413 3734; x_wconf 77' lang='lat' dir='ltr'><strong>memoratur,</strong></span> <span class='ocrx_word' id='word_1_32' title='bbox 437 3678 531 3734; x_wconf 88' lang='lat' dir='ltr'><strong>neque</strong></span> <span class='ocrx_word' id='word_1_33' title='bbox 555 3660 724 3734; x_wconf 80' lang='lat' dir='ltr'><strong>praeclarae</strong></span> <span class='ocrx_word' id='word_1_34' title='bbox 748 3660 812 3717; x_wconf 88' lang='lat' dir='ltr'><strong>eius</strong></span> <span class='ocrx_word' id='word_1_35' title='bbox 831 3659 974 3718; x_wconf 84' lang='lat' dir='ltr'><strong>victoriae</strong></span> <span class='ocrx_word' id='word_1_36' title='bbox 996 3659 1122 3734; x_wconf 77' lang='lat' dir='ltr'>Pythiae</span> <span class='ocrx_word' id='word_1_37' title='bbox 1141 3660 1305 3719; x_wconf 83' lang='lat' dir='ltr'><strong>Nemeaeae</strong></span> <span class='ocrx_word' id='word_1_38' title='bbox 1325 3660 1495 3741; x_wconf 68' lang='lat' dir='ltr'><strong>Isthmiae,</strong></span> 
     </span>
     <span class='ocr_line' id='line_1_10' title="bbox 222 3742 1494 3829; baseline 0.006 -25"><span class='ocrx_word' id='word_1_39' title='bbox 222 3765 298 3823; x_wconf 91' lang='lat' dir='ltr'><strong>quas</strong></span> <span class='ocrx_word' id='word_1_40' title='bbox 326 3747 438 3805; x_wconf 85' lang='lat' dir='ltr'><strong>multas</strong></span> <span class='ocrx_word' id='word_1_41' title='bbox 466 3752 631 3823; x_wconf 82' lang='lat' dir='ltr'><strong>reportasse</strong></span> <span class='ocrx_word' id='word_1_42' title='bbox 660 3748 770 3807; x_wconf 86' lang='lat' dir='ltr'><strong>dieitur</strong></span> <span class='ocrx_word' id='word_1_43' title='bbox 793 3742 834 3829; x_wconf 86' lang='lat' dir='ltr'><strong>(v.</strong></span> <span class='ocrx_word' id='word_1_44' title='bbox 854 3743 915 3827; x_wconf 75' lang='lat'><strong>25),</strong></span> <span class='ocrx_word' id='word_1_45' title='bbox 939 3752 1031 3824; x_wconf 87' lang='lat' dir='ltr'><strong>eaput</strong></span> <span class='ocrx_word' id='word_1_46' title='bbox 1053 3748 1173 3825; x_wconf 85' lang='lat' dir='ltr'><strong>epinieii</strong></span> <span class='ocrx_word' id='word_1_47' title='bbox 1196 3747 1344 3826; x_wconf 83' lang='lat' dir='ltr'><strong>efficiunt,</strong></span> <span class='ocrx_word' id='word_1_48' title='bbox 1369 3752 1421 3811; x_wconf 89' lang='lat' dir='ltr'><strong>sed</strong></span> <span class='ocrx_word' id='word_1_49' title='bbox 1445 3752 1494 3811; x_wconf 91' lang='lat' dir='ltr'><strong>do·</strong></span> 
     </span>
     <span class='ocr_line' id='line_1_11' title="bbox 222 3836 1496 3917; baseline 0.005 -24"><span class='ocrx_word' id='word_1_50' title='bbox 222 3836 344 3895; x_wconf 81' lang='lat' dir='ltr'><strong>mastica</strong></span> <span class='ocrx_word' id='word_1_51' title='bbox 367 3837 468 3911; x_wconf 91' lang='lat' dir='ltr'><strong>palma</strong></span> <span class='ocrx_word' id='word_1_52' title='bbox 491 3836 684 3914; x_wconf 76' lang='lat' dir='ltr'><strong>Heraeorum,</strong></span> <span class='ocrx_word' id='word_1_53' title='bbox 708 3857 785 3914; x_wconf 85' lang='lat' dir='ltr'><strong>quae</strong></span> <span class='ocrx_word' id='word_1_54' title='bbox 808 3842 839 3896; x_wconf 85' lang='lat' dir='ltr'><strong>et</strong></span> <span class='ocrx_word' id='word_1_55' title='bbox 862 3838 953 3913; x_wconf 89' lang='lat' dir='ltr'><strong>paulo</strong></span> <span class='ocrx_word' id='word_1_56' title='bbox 977 3840 1045 3896; x_wconf 87' lang='lat' dir='ltr'><strong>ante</strong></span> <span class='ocrx_word' id='word_1_57' title='bbox 1070 3837 1186 3896; x_wconf 84' lang='lat' dir='ltr'><strong>Theaeo</strong></span> <span class='ocrx_word' id='word_1_58' title='bbox 1211 3837 1353 3917; x_wconf 78' lang='lat' dir='ltr'><strong>obtigisse</strong></span> <span class='ocrx_word' id='word_1_59' title='bbox 1376 3840 1496 3899; x_wconf 88' lang='lat' dir='ltr'><strong>videtur</strong></span> 
     </span>
     <span class='ocr_line' id='line_1_12' title="bbox 222 3925 1495 4005; baseline 0.005 -22"><span class='ocrx_word' id='word_1_60' title='bbox 222 3928 253 3983; x_wconf 88' lang='lat' dir='ltr'><strong>et</strong></span> <span class='ocrx_word' id='word_1_61' title='bbox 271 3925 375 3984; x_wconf 83' lang='lat' dir='ltr'><strong>ceteris</strong></span> <span class='ocrx_word' id='word_1_62' title='bbox 394 3926 449 3984; x_wconf 89' lang='lat' dir='ltr'><strong>boc</strong></span> <span class='ocrx_word' id='word_1_63' title='bbox 473 3926 591 3985; x_wconf 89' lang='lat' dir='ltr'><strong>nomine</strong></span> <span class='ocrx_word' id='word_1_64' title='bbox 613 3926 793 4004; x_wconf 69' lang='lat' dir='ltr'><strong>praestabat,</strong></span> <span class='ocrx_word' id='word_1_65' title='bbox 819 3927 899 4002; x_wconf 92' lang='lat' dir='ltr'><strong>quod</strong></span> <span class='ocrx_word' id='word_1_66' title='bbox 925 3926 1043 3986; x_wconf 87' lang='lat' dir='ltr'><strong>Heraea</strong></span> <span class='ocrx_word' id='word_1_67' title='bbox 1062 3927 1092 3985; x_wconf 87' lang='lat' dir='ltr'><strong>in</strong></span> <span class='ocrx_word' id='word_1_68' title='bbox 1111 3926 1253 3987; x_wconf 85' lang='lat' dir='ltr'><strong>honorem</strong></span> <span class='ocrx_word' id='word_1_69' title='bbox 1271 3928 1404 4005; x_wconf 82' lang='lat' dir='ltr'><strong>Argivae</strong></span> <span class='ocrx_word' id='word_1_70' title='bbox 1424 3930 1495 3989; x_wconf 85' lang='lat' dir='ltr'><strong>deae</strong></span> 
     </span>
     <span class='ocr_line' id='line_1_13' title="bbox 222 4014 1495 4092; baseline 0.005 -21"><span class='ocrx_word' id='word_1_71' title='bbox 222 4014 396 4092; x_wconf 79' lang='lat' dir='ltr'><strong>agebantur,</strong></span> <span class='ocrx_word' id='word_1_72' title='bbox 420 4015 505 4073; x_wconf 89' lang='lat' dir='ltr'><strong>cuius</strong></span> <span class='ocrx_word' id='word_1_73' title='bbox 529 4015 559 4073; x_wconf 91' lang='lat' dir='ltr'><strong>in</strong></span> <span class='ocrx_word' id='word_1_74' title='bbox 583 4015 674 4075; x_wconf 86' lang='lat' dir='ltr'><strong>saeris</strong></span> <span class='ocrx_word' id='word_1_75' title='bbox 697 4016 794 4075; x_wconf 83' lang='lat' dir='ltr'><strong>nescio</strong></span> <span class='ocrx_word' id='word_1_76' title='bbox 819 4035 857 4074; x_wconf 87' lang='lat' dir='ltr'><strong>an</strong></span> <span class='ocrx_word' id='word_1_77' title='bbox 880 4016 935 4075; x_wconf 87' lang='lat' dir='ltr'><strong>hoe</strong></span> <span class='ocrx_word' id='word_1_78' title='bbox 958 4035 1075 4075; x_wconf 80' lang='lat' dir='ltr'><strong>carmen</strong></span> <span class='ocrx_word' id='word_1_79' title='bbox 1099 4019 1254 4075; x_wconf 84' lang='lat' dir='ltr'><strong>cantatum</strong></span> <span class='ocrx_word' id='word_1_80' title='bbox 1273 4016 1322 4075; x_wconf 76' lang='lat' dir='ltr'><strong>sit</strong></span> <span class='ocrx_word' id='word_1_81' title='bbox 1359 4017 1495 4079; x_wconf 74' lang='lat' dir='ltr'><strong>Theseus</strong></span> 
     </span>
     <span class='ocr_line' id='line_1_14' title="bbox 221 4103 1495 4182; baseline 0.005 -22"><span class='ocrx_word' id='word_1_82' title='bbox 221 4104 284 4179; x_wconf 92' lang='lat' dir='ltr'><strong>ipse</strong></span> <span class='ocrx_word' id='word_1_83' title='bbox 304 4103 442 4161; x_wconf 79' lang='lat' dir='ltr'><strong>similiter</strong></span> <span class='ocrx_word' id='word_1_84' title='bbox 461 4107 552 4179; x_wconf 79' lang='lat' dir='ltr'><strong>atque</strong></span> <span class='ocrx_word' id='word_1_85' title='bbox 571 4104 718 4182; x_wconf 86' lang='lat' dir='ltr'><strong>Diagoras</strong></span> <span class='ocrx_word' id='word_1_86' title='bbox 736 4104 879 4181; x_wconf 87' lang='lat' dir='ltr'><strong>Rhodius,</strong></span> <span class='ocrx_word' id='word_1_87' title='bbox 898 4105 1062 4180; x_wconf 86' lang='lat' dir='ltr'><strong>Xenophon</strong></span> <span class='ocrx_word' id='word_1_88' title='bbox 1077 4105 1258 4182; x_wconf 76' lang='lat' dir='ltr'><strong>Corinthius,</strong></span> <span class='ocrx_word' id='word_1_89' title='bbox 1277 4105 1495 4181; x_wconf 82' lang='lat' dir='ltr'><strong>prarmostns</strong></span> 
     </span>
     <span class='ocr_line' id='line_1_15' title="bbox 221 4192 1495 4271; baseline 0.004 -20"><span class='ocrx_word' id='word_1_90' title='bbox 221 4192 342 4266; x_wconf 67' lang='lat' dir='ltr'><strong>Locrus</strong></span> <span class='ocrx_word' id='word_1_91' title='bbox 366 4193 469 4250; x_wconf 89' lang='lat' dir='ltr'><strong>multis</strong></span> <span class='ocrx_word' id='word_1_92' title='bbox 492 4193 625 4253; x_wconf 79' lang='lat' dir='ltr'><strong>victoriis</strong></span> <span class='ocrx_word' id='word_1_93' title='bbox 649 4194 747 4253; x_wconf 78' lang='lat' dir='ltr'><strong>luctae</strong></span> <span class='ocrx_word' id='word_1_94' title='bbox 767 4193 891 4253; x_wconf 87' lang='lat' dir='ltr'><strong>florebat</strong></span> <span class='ocrx_word' id='word_1_95' title='bbox 909 4198 940 4253; x_wconf 81' lang='lat' dir='ltr'><strong>et</strong></span> <span class='ocrx_word' id='word_1_96' title='bbox 957 4194 1096 4271; x_wconf 80' lang='lat' dir='ltr'><strong>gymnica</strong></span> <span class='ocrx_word' id='word_1_97' title='bbox 1115 4194 1214 4252; x_wconf 91' lang='lat' dir='ltr'><strong>studia</strong></span> <span class='ocrx_word' id='word_1_98' title='bbox 1234 4214 1252 4253; x_wconf 92' lang='lat' dir='ltr'><strong>a</strong></span> <span class='ocrx_word' id='word_1_99' title='bbox 1271 4195 1377 4253; x_wconf 87' lang='lat' dir='ltr'><strong>matris</strong></span> <span class='ocrx_word' id='word_1_100' title='bbox 1396 4197 1495 4256; x_wconf 81' lang='lat' dir='ltr'><strong>fratri·</strong></span> 
     </span>
     <span class='ocr_line' id='line_1_16' title="bbox 220 4274 1494 4364; baseline 0.003 -25"><span class='ocrx_word' id='word_1_101' title='bbox 220 4281 276 4339; x_wconf 90' lang='lat' dir='ltr'><strong>bus</strong></span> <span class='ocrx_word' id='word_1_102' title='bbox 314 4281 400 4357; x_wconf 87' lang='lat' dir='ltr'><strong>quasi</strong></span> <span class='ocrx_word' id='word_1_103' title='bbox 437 4282 600 4341; x_wconf 86' lang='lat' dir='ltr'><strong>hereditate</strong></span> <span class='ocrx_word' id='word_1_104' title='bbox 638 4286 793 4358; x_wconf 81' lang='lat' dir='ltr'><strong>acceperat</strong></span> <span class='ocrx_word' id='word_1_105' title='bbox 825 4274 897 4364; x_wconf 79' lang='lat'>(37).</span> <span class='ocrx_word' id='word_1_106' title='bbox 952 4282 1034 4353; x_wconf 79' lang='lat' dir='ltr'><strong>Quae</strong></span> <span class='ocrx_word' id='word_1_107' title='bbox 1068 4283 1188 4358; x_wconf 84' lang='lat' dir='ltr'><strong>quidem</strong></span> <span class='ocrx_word' id='word_1_108' title='bbox 1222 4283 1323 4341; x_wconf 85' lang='lat' dir='ltr'><strong>studia</strong></span> <span class='ocrx_word' id='word_1_109' title='bbox 1354 4290 1447 4360; x_wconf 86' lang='lat' dir='ltr'><strong>poeta</strong></span> <span class='ocrx_word' id='word_1_110' title='bbox 1477 4304 1494 4343; x_wconf 83' lang='lat' dir='ltr'><strong>a</strong></span> 
     </span>
     <span class='ocr_line' id='line_1_17' title="bbox 222 4370 1494 4450; baseline 0.006 -23"><span class='ocrx_word' id='word_1_111' title='bbox 222 4370 413 4446; x_wconf 84' lang='lat' dir='ltr'><strong>Tyndaridis,</strong></span> <span class='ocrx_word' id='word_1_112' title='bbox 445 4371 497 4447; x_wconf 89' lang='lat' dir='ltr'><strong>qui</strong></span> <span class='ocrx_word' id='word_1_113' title='bbox 527 4372 701 4448; x_wconf 76' lang='lat' dir='ltr'><strong>PamphaiS,</strong></span> <span class='ocrx_word' id='word_1_114' title='bbox 730 4373 821 4431; x_wconf 90' lang='lat' dir='ltr'><strong>unius</strong></span> <span class='ocrx_word' id='word_1_115' title='bbox 851 4391 886 4430; x_wconf 84' lang='lat' dir='ltr'><strong>ex</strong></span> <span class='ocrx_word' id='word_1_116' title='bbox 916 4372 1078 4432; x_wconf 89' lang='lat' dir='ltr'><strong>maioribus</strong></span> <span class='ocrx_word' id='word_1_117' title='bbox 1106 4372 1183 4450; x_wconf 92' lang='lat' dir='ltr'><strong>eius,</strong></span> <span class='ocrx_word' id='word_1_118' title='bbox 1210 4372 1343 4448; x_wconf 89' lang='lat' dir='ltr'><strong>hospites</strong></span> <span class='ocrx_word' id='word_1_119' title='bbox 1366 4374 1494 4450; x_wconf 78' lang='lat' dir='ltr'><strong>inerant,</strong></span> 
     </span>
     <span class='ocr_line' id='line_1_18' title="bbox 220 4452 1493 4541; baseline 0.003 -23"><span class='ocrx_word' id='word_1_120' title='bbox 220 4460 377 4519; x_wconf 88' lang='lat' dir='ltr'><strong>derivabat</strong></span> <span class='ocrx_word' id='word_1_121' title='bbox 403 4452 445 4541; x_wconf 86' lang='lat' dir='ltr'><strong>(v.</strong></span> <span class='ocrx_word' id='word_1_122' title='bbox 470 4454 531 4539; x_wconf 77' lang='lat'><strong>49),</strong></span> <span class='ocrx_word' id='word_1_123' title='bbox 559 4461 621 4518; x_wconf 89' lang='lat' dir='ltr'><strong>sive</strong></span> <span class='ocrx_word' id='word_1_124' title='bbox 648 4462 760 4520; x_wconf 86' lang='lat' dir='ltr'><strong>famam</strong></span> <span class='ocrx_word' id='word_1_125' title='bbox 788 4463 917 4520; x_wconf 86' lang='lat' dir='ltr'><strong>veterem</strong></span> <span class='ocrx_word' id='word_1_126' title='bbox 945 4466 1078 4536; x_wconf 83' lang='lat' dir='ltr'><strong>secutus,</strong></span> <span class='ocrx_word' id='word_1_127' title='bbox 1107 4461 1169 4521; x_wconf 90' lang='lat' dir='ltr'><strong>sive</strong></span> <span class='ocrx_word' id='word_1_128' title='bbox 1197 4461 1277 4537; x_wconf 89' lang='lat' dir='ltr'><strong>quod</strong></span> <span class='ocrx_word' id='word_1_129' title='bbox 1305 4481 1391 4522; x_wconf 85' lang='lat' dir='ltr'><strong>saura</strong></span> <span class='ocrx_word' id='word_1_130' title='bbox 1417 4464 1493 4540; x_wconf 84' lang='lat' dir='ltr'><strong>Tyn·</strong></span> 
     </span>
     <span class='ocr_line' id='line_1_19' title="bbox 221 4544 1493 4633; baseline 0.005 -27"><span class='ocrx_word' id='word_1_131' title='bbox 221 4548 393 4608; x_wconf 88' lang='lat' dir='ltr'><strong>daridarum</strong></span> <span class='ocrx_word' id='word_1_132' title='bbox 420 4549 450 4607; x_wconf 90' lang='lat' dir='ltr'><strong>in</strong></span> <span class='ocrx_word' id='word_1_133' title='bbox 481 4553 569 4627; x_wconf 80' lang='lat' dir='ltr'><strong>gente</strong></span> <span class='ocrx_word' id='word_1_134' title='bbox 594 4550 657 4607; x_wconf 88' lang='lat' dir='ltr'><strong>eius</strong></span> <span class='ocrx_word' id='word_1_135' title='bbox 681 4558 816 4609; x_wconf 85' lang='lat' dir='ltr'><strong>materna</strong></span> <span class='ocrx_word' id='word_1_136' title='bbox 845 4549 1026 4608; x_wconf 87' lang='lat' dir='ltr'><strong>hereditaria</strong></span> <span class='ocrx_word' id='word_1_137' title='bbox 1048 4554 1134 4608; x_wconf 86' lang='lat' dir='ltr'><strong>erant</strong></span> <span class='ocrx_word' id='word_1_138' title='bbox 1157 4544 1208 4631; x_wconf 86' lang='lat' dir='ltr'><strong>(ef.</strong></span> <span class='ocrx_word' id='word_1_139' title='bbox 1228 4550 1318 4610; x_wconf 83' lang='lat' dir='ltr'><strong>schol.</strong></span> <span class='ocrx_word' id='word_1_140' title='bbox 1337 4551 1370 4611; x_wconf 91' lang='lat' dir='ltr'><strong>P.</strong></span> <span class='ocrx_word' id='word_1_141' title='bbox 1390 4570 1401 4610; x_wconf 95' lang='lat'><em>1</em></span> <span class='ocrx_word' id='word_1_142' title='bbox 1422 4546 1493 4633; x_wconf 70' lang='grc'>127),</span> 
     </span>
     <span class='ocr_line' id='line_1_20' title="bbox 220 4637 1492 4717; baseline 0.003 -22"><span class='ocrx_word' id='word_1_143' title='bbox 220 4637 459 4697; x_wconf 82' lang='lat' dir='ltr'><strong>familiaritatem</strong></span> <span class='ocrx_word' id='word_1_144' title='bbox 489 4638 639 4713; x_wconf 86' lang='lat' dir='ltr'><strong>quandam</strong></span> <span class='ocrx_word' id='word_1_145' title='bbox 670 4640 747 4698; x_wconf 82' lang='lat' dir='ltr'><strong>iuter</strong></span> <span class='ocrx_word' id='word_1_146' title='bbox 777 4639 908 4716; x_wconf 87' lang='lat' dir='ltr'><strong>Tyndari</strong></span> <span class='ocrx_word' id='word_1_147' title='bbox 937 4638 1014 4698; x_wconf 89' lang='lat' dir='ltr'><strong>filios</strong></span> <span class='ocrx_word' id='word_1_148' title='bbox 1044 4643 1075 4697; x_wconf 88' lang='lat' dir='ltr'><strong>et</strong></span> <span class='ocrx_word' id='word_1_149' title='bbox 1103 4644 1256 4699; x_wconf 88' lang='lat' dir='ltr'><strong>auctorem</strong></span> <span class='ocrx_word' id='word_1_150' title='bbox 1279 4640 1379 4717; x_wconf 82' lang='lat' dir='ltr'><strong>gentis</strong></span> <span class='ocrx_word' id='word_1_151' title='bbox 1403 4641 1492 4701; x_wconf 84' lang='lat' dir='ltr'><strong>inter-</strong></span> 
     </span>
     <span class='ocr_line' id='line_1_21' title="bbox 220 4727 1492 4815; baseline 0.006 -32"><span class='ocrx_word' id='word_1_152' title='bbox 220 4727 341 4785; x_wconf 76' lang='lat' dir='ltr'><strong>cessisse</strong></span> <span class='ocrx_word' id='word_1_153' title='bbox 360 4727 511 4815; x_wconf 69' lang='lat' dir='ltr'><strong>eolligens.</strong></span> <span class='ocrx_word' id='word_1_154' title='bbox 548 4728 593 4785; x_wconf 81' lang='lat' dir='ltr'><strong>De</strong></span> <span class='ocrx_word' id='word_1_155' title='bbox 613 4732 754 4807; x_wconf 87' lang='lat' dir='ltr'><strong>tempore,</strong></span> <span class='ocrx_word' id='word_1_156' title='bbox 778 4748 837 4805; x_wconf 86' lang='lat' dir='ltr'><strong>quo</strong></span> <span class='ocrx_word' id='word_1_157' title='bbox 861 4729 915 4787; x_wconf 80' lang='lat' dir='ltr'><strong>hor</strong></span> <span class='ocrx_word' id='word_1_158' title='bbox 939 4746 1056 4786; x_wconf 81' lang='lat' dir='ltr'><strong>carmen</strong></span> <span class='ocrx_word' id='word_1_159' title='bbox 1077 4729 1222 4803; x_wconf 84' lang='lat' dir='ltr'><strong>seriptum</strong></span> <span class='ocrx_word' id='word_1_160' title='bbox 1246 4728 1294 4805; x_wconf 87' lang='lat' dir='ltr'><strong>sit,</strong></span> <span class='ocrx_word' id='word_1_161' title='bbox 1317 4729 1394 4788; x_wconf 93' lang='lat' dir='ltr'><strong>nibil</strong></span> <span class='ocrx_word' id='word_1_162' title='bbox 1417 4750 1492 4790; x_wconf 87' lang='lat' dir='ltr'><strong>com·</strong></span> 
     </span>
     <span class='ocr_line' id='line_1_22' title="bbox 220 4815 1492 4895; baseline 0.003 -22"><span class='ocrx_word' id='word_1_163' title='bbox 220 4820 338 4889; x_wconf 80' lang='lat' dir='ltr'><strong>partum</strong></span> <span class='ocrx_word' id='word_1_164' title='bbox 358 4815 509 4874; x_wconf 81' lang='lat' dir='ltr'><strong>babemus.</strong></span> <span class='ocrx_word' id='word_1_165' title='bbox 548 4818 643 4875; x_wconf 38' lang='lat' dir='ltr'><strong>*haute</strong></span> <span class='ocrx_word' id='word_1_166' title='bbox 663 4822 762 4876; x_wconf 78' lang='lat' dir='ltr'><strong>autem</strong></span> <span class='ocrx_word' id='word_1_167' title='bbox 783 4816 936 4876; x_wconf 80' lang='lat' dir='ltr'><strong>Dissonius</strong></span> <span class='ocrx_word' id='word_1_168' title='bbox 956 4837 991 4874; x_wconf 81' lang='lat' dir='ltr'><strong>ex</strong></span> <span class='ocrx_word' id='word_1_169' title='bbox 1010 4836 1053 4893; x_wconf 84' lang='lat' dir='ltr'><strong>ee,</strong></span> <span class='ocrx_word' id='word_1_170' title='bbox 1073 4818 1153 4893; x_wconf 84' lang='lat' dir='ltr'><strong>quod</strong></span> <span class='ocrx_word' id='word_1_171' title='bbox 1175 4818 1294 4876; x_wconf 78' lang='lat' dir='ltr'><strong>tabulas</strong></span> <span class='ocrx_word' id='word_1_172' title='bbox 1317 4818 1492 4895; x_wconf 73' lang='lat' dir='ltr'><strong>Mycenaeas</strong></span> 
     </span>
    </p>
   </div>
   <div class='ocr_carea' id='block_1_8' title="bbox 0 0 1726 5550">
    <p class='ocr_par' dir='ltr' id='par_1_8' title="bbox 0 0 1726 5550">
     <span class='ocr_line' id='line_1_23' title="bbox 0 0 1726 5550; baseline 0 3"><span class='ocrx_word' id='word_1_173' title='bbox 0 0 1726 5550; x_wconf 95' lang='lat' dir='ltr'><strong> </strong></span> 
     </span>
    </p>
   </div>
  </div>
 </body>
</html>
