3442 5550
731 1097 885 1152 ΠΤΘΙΟΝ.
904 1097 948 1152 Β’.

487 1260 726 1343 ΙΕΡΩΝΙ
772 1260 1189 1348 ΣΤΡΑΚΟΣΙΩι

766 1456 908 1509 ΑΡΜΑΤΙ.

750 1738 925 1809 Strophae.

377 1846 868 1917 ωυιυ-μὶυωυᾟ

302 1939 493 1988 ‘uxum
564 1934 1143 2007 -Πὼυ-υζμμυ-υᾞ

715 3557 957 3639 Argumentum.

287 3685 352 3755 Quo
376 3687 440 3745 loco
464 3687 599 3764 uictoria,
623 3706 700 3763 quae
724 3689 830 3763 poetae
853 3687 909 3746 hoe
933 3705 1052 3745 carmen
1075 3686 1226 3765 pangendi
1249 3688 1368 3764 copiam
1391 3689 1473 3768 fecit,

198 3778 351 3851 reportata
374 3775 421 3852 sil,
446 3775 506 3833 iam
529 3779 643 3835 veteres
667 3775 786 3835 criticos
809 3776 944 3853 litigasse
964 3775 1077 3834 scholia
1095 3776 1134 3833 ad
1152 3775 1238 3834 inser.
1258 3776 1474 3839 demonstrant.

198 3866 298 3941 Atque
321 3865 445 3940 Delphis
469 3885 535 3923 eam
559 3886 617 3924 uon
640 3868 759 3940 partam
783 3883 845 3924 esse
869 3868 899 3923 el
922 3865 998 3924 falso
1021 3865 1077 3924 hoc
1101 3884 1219 3923 carmen
1243 3865 1322 3925 iuter
1345 3866 1475 3943 Pythice.

197 3954 326 4012 relatum
349 3972 411 4012 esse
435 3972 527 4012 exeo
552 3953 625 4011 satis
649 3957 787 4030 apparet,
816 3954 896 4030 quod
924 3954 1002 4013 duae
1030 3953 1192 4029 Delphicae
1215 3954 1373 4032 victoriae,
1397 3974 1475 4032 quas

197 4045 316 4119 praeter
343 4042 499 4101 victoriam
527 4043 656 4102 carmine
680 4043 742 4101 P.1
765 4043 945 4102 celebratam
969 4043 1059 4101 Hiero
1084 4042 1228 4119 obtinuit,
1257 4043 1349 4103 uelata
1373 4063 1476 4121 repor-

198 4133 280 4190 tatae
304 4134 374 4189 suut
397 4124 438 4210 (u.
457 4132 547 4191 schol.
567 4132 605 4190 ud
628 4132 659 4190 P.
679 4150 690 4189 1
714 4126 823 4213 iusum),
850 4133 927 4191 haue
954 4131 1109 4209 quadrigis
1136 4135 1254 4207 partam
1287 4150 1350 4191 esse
1382 4136 1475 4209 poeta

198 4221 260 4297 ipse
279 4241 306 4280 v.
322 4232 338 4277 4
357 4220 522 4295 profitetur.
550 4221 586 4279 In
604 4241 635 4279 re
655 4221 769 4280 incerta
787 4220 913 4280 maxime
933 4221 1006 4278 mihi
1021 4220 1164 4279 Boeekhii
1183 4220 1332 4279 sententia
1351 4221 1474 4300 arridei,

197 4310 250 4386 qui
273 4308 370 4367 verbis
393 4307 458 4368 τόδε
482 4319 535 4368 τᾶν
559 4314 685 4387 λιπαρᾶν
708 4307 765 4369 ἀπὸ
791 4310 896 4387 Θηβᾶν
920 4306 1020 4388 φέρων
1044 4305 1129 4386 μέλος
1152 4307 1272 4388 ἔρχομαι
1295 4302 1336 4389 (v.
1358 4303 1389 4389 3)
1413 4331 1475 4370 uon

197 4399 294 4458 solum
317 4398 425 4475 lucum,
448 4399 527 4457 uude
551 4418 669 4458 carmen
692 4399 872 4475 mitteret-ur,
896 4399 946 4457 sed
970 4398 1061 4457 etiam
1085 4417 1167 4474 eum,
1194 4417 1252 4474 quo
1278 4398 1404 4458 viatoria
1426 4419 1475 4459 re-

197 4492 318 4563 portata
346 4491 436 4564 esset,
464 4488 590 4546 indicari
619 4488 809 4546 existimavit.
841 4519 879 4528 —
909 4487 1011 4545 Etiam
1041 4487 1137 4564 magis
1169 4486 1204 4545 de
1234 4491 1382 4564 tempore,
1413 4507 1474 4564 quo

196 4578 269 4636 haec
293 4576 350 4636 oda
374 4577 485 4652 scripta
513 4577 565 4653 sit,
596 4577 626 4634 in
654 4577 786 4636 diversas
813 4579 914 4652 paries
938 4576 995 4635 viii
1019 4576 1099 4635 docti
1122 4575 1287 4635 discedunt.
1333 4576 1474 4653 Namque

197 4666 365 4726 Boeckhius
395 4661 495 4747 (Expl.
516 4665 600 4724 Pind.
625 4668 655 4732 el
684 4666 893 4726 Kl.Schr.v11
919 4676 971 4723 430
990 4657 1042 4744 ss.)
1073 4665 1239 4723 carminum
1269 4665 1300 4723 in
1329 4666 1474 4726 honorem

197 4755 336 4814 Hieronis
358 4755 439 4833 regis
462 4755 642 4830 scripturum
665 4755 720 4813 hou
739 4774 857 4814 carmen
877 4753 1120 4830 antiquissimum
1140 4772 1203 4813 esse
1221 4754 1382 4830 iudicavit3
1406 4775 1475 4815 eon·

197 4845 245 4901 tra
269 4845 415 4923 Bergkius
440 4848 470 4903 el
493 4843 721 4903 Drachmannus
744 4839 861 4924 (Jahrb.
877 4844 896 4902 f.
912 4844 948 4902 el.
962 4842 1039 4902 Phil.
1057 4845 1142 4902 1890
1161 4864 1189 4919 p.
1205 4855 1254 4902 441
1271 4837 1315 4924 ff.)
1338 4846 1409 4920 post
1430 4863 1475 4903 re·
