3442 5550
312 411 398 467 XLlV
813 414 1090 468 PROLEGOMENA.

312 576 524 641 fundamento
547 577 755 642 ratiocinatio
779 577 917 662 nitatur,
939 576 1081 661 primum
1105 598 1257 660 quaerere
1280 599 1341 642 nos
1365 581 1507 661 oportet,
1532 599 1599 662 qua

313 684 444 747 tandem
472 684 547 748 sede
573 707 725 749 versuum
753 682 1016 770 logaoedicorum
1040 683 1215 768 ancipitem
1239 682 1399 768 syllabam
1422 684 1598 751 admittere

313 789 420 875 poetis
451 789 589 855 licuerit.
634 790 778 855 Admisit
810 794 920 855 autem
946 789 1105 855 Pindarus
1133 790 1223 876 leges
1251 790 1396 855 omnium
1423 796 1597 876 poetarum

314 920 501 964 communes
525 904 655 964 secutus
684 898 859 983 ancipitem
883 896 1042 983 syllabam
1065 904 1292 983 praeterquam
1315 898 1351 961 in
1372 898 1436 962 fine
1464 902 1498 963 et
1522 920 1598 962 ana-

314 1005 400 1070 crusi
428 1028 555 1090 versus,
582 1004 617 1068 in
645 1005 716 1070 basi
739 1004 982 1071 Hermanniana
1005 1004 1095 1069 etin
1118 1006 1182 1070 fine
1206 1004 1303 1070 medii
1327 1005 1478 1090 membri,
1506 1005 1597 1069 velut

319 1110 1029 1195 deNnthmehd

533 1281 739 1411 Τεύδραντος
760 1325 877 1390 πεδίον
899 1281 1013 1408 μολὼν
1035 1326 1112 1389 ἔστα
1136 1327 1200 1390 σὺν
1221 1323 1363 1409 Ἀχιλλεῖ

528 1434 685 1518 ἄρχονται
708 1434 792 1509 Διὸς
814 1430 850 1496 έκ
873 1434 1065 1516 προοιμίου,
1087 1430 1143 1496 καλ
1167 1430 1218 1496 ὅδ’
1244 1430 1328 1519 ἀνήρ

528 1651 733 1733 παγκρατίου
756 1650 862 1735 στόλῳ
885 1643 1107 1730 καματωδέων
1130 1642 1165 1711 δέ
1189 1651 1321 1730 πλαγᾶν

529 1757 618 1841 ὄφρα
640 1757 840 1831 θαλασσίαις
863 1753 994 1840 ἀνέμων
1016 1755 1146 1842 ῥιπαῖσι
1169 1753 1335 1840 πεμφθείς

529 1970 617 2054 ῥῆμα
641 1966 671 2033 δ’
693 1968 861 2054 έργμοίτων
883 1970 1106 2054 χρονιώτερον
1127 1970 1267 2053 βιοτεύει

530 2078 671 2160 Αἰγίνας
694 2075 799 2159 ἕκατι,
822 2079 951 2160 φίλοισι
974 2076 1038 2161 γὰρ
1061 2079 1160 2160 φίλος
1183 2075 1294 2141 ἐλθών

529 2178 624 2260 αὖτις
646 2182 815 2267 Εὐρώπαν
836 2181 911 2247 ποτὶ
935 2183 1055 2267 χερσὸν
1078 2186 1171 2248 ἔντεα
1194 2185 1282 2259 ναός.

317 2308 379 2375 Sed
398 2308 476 2374 licet
497 2308 532 2372 in
550 2308 602 2374 his
621 2308 702 2373 locis
725 2306 852 2392 syllaba
870 2328 987 2392 anceps
1006 2307 1155 2392 legitima
1173 2308 1287 2395 fuerit,
1308 2308 1467 2374 Pindarus
1486 2316 1599 2375 tamen

317 2417 447 2480 brevem
476 2415 647 2500 syllabam,
678 2419 715 2479 ut
738 2436 819 2498 quae
851 2414 992 2500 genuina
1018 2413 1130 2498 fuerit,
1160 2415 1209 2481 ita
1231 2416 1431 2502 anteposuit,
1459 2422 1495 2481 ut
1522 2439 1598 2481 raro

316 2524 448 2609 longam
471 2545 531 2607 pro
554 2522 644 2587 brevi
668 2522 863 2586 admitteret.
900 2522 979 2586 Inde
1003 2521 1032 2585 si
1056 2544 1119 2606 quo
1137 2523 1210 2588 loco
1230 2523 1379 2589 omnibus
1399 2523 1433 2587 iu
1453 2522 1599 2607 strophis

317 2631 449 2716 longam
482 2629 605 2714 posuit,
638 2630 763 2694 duabus
791 2629 899 2713 longis
927 2628 994 2693 vim
1021 2652 1087 2694 uon
1114 2630 1258 2696 trochaei
1286 2629 1483 2696 irrationalis
1512 2628 1600 2717 (τρο

317 2741 413 2823 χαίου
437 2734 576 2821 ἀλόγου)
601 2736 657 2800 sed
679 2736 770 2821 pedis
790 2735 908 2801 senarii
928 2735 1045 2823 (ποδὸς
1064 2735 1241 2825 ἑξασήμου)
1261 2737 1450 2801 tribuemus.
1490 2739 1598 2822 Atque

315 2845 351 2909 in
374 2844 470 2909 huius
493 2842 646 2908 editionis
670 2842 844 2908 schematis
867 2843 1011 2909 metricis
1035 2846 1115 2911 duas
1137 2845 1252 2930 longas
1271 2844 1395 2908 trinum
1414 2850 1598 2928 temporum

317 2952 467 3036 deinceps
490 2950 615 3035 positas
638 2949 673 3013 in
696 2949 784 3015 omni
808 2949 882 3014 sede
906 2972 1057 3014 versuum
1079 2951 1342 3038 logaoedicorum
1365 2951 1519 3035 iuvenies,
1543 2951 1599 3016 sed

317 3059 430 3125 crebro
454 3062 583 3123 tantum
610 3058 646 3121 in
673 3058 736 3122 fine
764 3079 890 3142 versus,
917 3057 1021 3122 rarius
1044 3058 1079 3122 in
1101 3059 1219 3143 primo,
1246 3058 1412 3123 rarissime
1434 3058 1470 3121 in
1492 3056 1598 3122 medio

318 3189 421 3231 versu.
462 3165 622 3250 Exemplo
646 3168 712 3229 sint
735 3187 846 3229 versus
869 3164 917 3229 hi:

567 3379 636 3442 αἵτε
660 3381 768 3443 ναίετε
790 3381 999 3443 καλλίπωλον
1022 3376 1124 3464 ἕδραν
1147 3378 1198 3465 (Ο.
1217 3397 1278 3443 XIV
1297 3377 1347 3465 2),

673 3511 1012 3553 aiot-Aoum:
1050 3526 1101 3553 υ-

461 3592 538 3658 τεὰν
561 3591 709 3676 ἀδελφὰν
733 3591 891 3676 ἐλάχομεν
914 3590 1117 3674 ἀγλαόγυιον
1131 3545 1245 3675 ’Ἰόβαν
1267 3590 1322 3676 (Ν.
1341 3610 1390 3655 vn
1410 3592 1460 3676 4),

837 3751 873 3784 Ι-
891 3759 1068 3785 υυυυυ

623 3826 751 3906 βουλᾶυ
774 3820 810 3888 δὲ
832 3821 888 3888 καλ
910 3822 1063 3909 πολέμων
1087 3822 1136 3912 (Ρ.
1155 3840 1218 3888 vl11
1237 3821 1287 3910 3),

787 3948 823 4017 aL
842 3992 878 4017 „o
895 3990 914 4016 o
931 3995 949 4017 ε
966 3992 984 4017 o
1003 4010 1019 4018 -
1037 3992 1056 4017 ο
1073 3997 1091 4018 2
1128 4010 1145 4019 -

522 4057 657 4141 ῥαπτῶν
681 4055 785 4122 ἐπέων
807 4057 848 4121 τι)
870 4053 965 4121 πολλ’
987 4056 1099 4121 ἀοιδοί
1120 4056 1174 4141 (Ν.
1195 4074 1218 4120 11
1239 4059 1269 4121 2.
1291 4074 1328 4119 lv
1348 4054 1397 4141 8),

745 4179 1174 4249 [massmannum

513 4290 627 4365 ἵπποις
649 4288 799 4373 ἡμιόνοις
821 4311 856 4353 τε
879 4290 1091 4376 μοναμπυκίᾳ
1113 4311 1148 4353 τε
1172 4284 1222 4373 (0.
1242 4305 1264 4351 v
1288 4309 1336 4372 ep.
1363 4285 1391 4372 1)
1398 4340 1406 4372 ,

421 4415 509 4483 [ζι-
534 4431 776 4482 του-οι;ι.
802 4429 1491 4481 τοο-υι·,ι.εο-οοι;ι.εο-ο-

363 4524 514 4597 ἄντειλας
535 4520 708 4587 Δι’όνυσον
730 4518 750 4603 ἢ
774 4528 886 4608 χρυσῷ
909 4518 1127 4604 μεσονύκτιον
1148 4521 1293 4602 νίφοντα
1316 4516 1476 4604 δεξαμένα
1498 4521 1558 4584 τὸν

723 4626 888 4712 φέρτατον
910 4633 1002 4691 θεῶν
1025 4623 1063 4712 (Ι.
1083 4644 1132 4689 v11
1152 4622 1195 4711 5).

407 4753 469 4819 His
492 4754 595 4839 igitur
618 4756 652 4817 et
675 4752 835 4817 similibus
858 4751 894 4815 in
912 4750 1072 4834 versibus,
1094 4755 1269 4835 postquam
1289 4750 1342 4815 diu
1363 4751 1463 4816 animi
1481 4774 1600 4835 pepen-

320 4862 440 4947 dimus,
470 4859 689 4945 rhythmicam
717 4859 870 4944 formam,
899 4879 963 4942 qua
989 4862 1102 4941 poetas
1131 4856 1275 4923 scenicos
1304 4879 1380 4923 usos
1409 4877 1479 4923 esse
1507 4862 1599 4923 extra
