3442 5550
693 427 850 477 caruem
870 427 915 478 vr.
1403 425 1442 487 41

170 591 251 669 regis
275 591 503 668 Syracusarum,
533 593 639 651 intima
666 593 874 651 familiaritate
903 596 1050 670 uteretur,
1079 595 1176 652 multa
1205 594 1285 652 bella
1315 613 1382 652 cum
1413 613 1448 652 eo

169 681 295 759 gessisse
324 683 355 739 et
382 682 518 759 auguriis
541 702 608 740 eum
637 683 787 741 adiuvisse
816 682 927 741 dicitnr
955 684 996 761 tr.
1020 683 1110 742 schol.
1135 683 1173 741 ad
1201 704 1227 741 v.
1247 675 1305 762 30).
1351 683 1447 741 Paulo

170 775 240 846 post
263 771 339 829 hanc
362 771 517 830 victoriam
544 772 574 828 in
598 772 677 830 civili
703 773 845 849 tumultu,
870 772 921 847 qni
946 772 1084 830 Hieronis
1107 775 1234 831 mort-em
1258 773 1447 848 sequebatur,

170 861 286 919 interiit
309 852 350 938 (v.
374 860 463 919 schol.
487 861 524 917 ad
548 881 574 919 r.
596 853 670 940 165).

259 949 294 1006 In
318 950 438 1009 exordio
462 949 536 1008 odae
560 953 650 1025 poeta
673 951 858 1026 splendorem
883 951 1026 1026 prooemii
1055 970 1122 1009 cum
1147 951 1306 1027 magnifica
1330 951 1447 1025 porticu

170 1039 289 1098 aedium
318 1038 484 1114 comparati
508 1058 525 1096 a
549 1040 735 1114 praestantia
757 1039 884 1118 Agesiae
910 1040 1031 1099 victoris
1058 1040 1181 1115 repetit,
1210 1040 1262 1115 qui
1290 1039 1329 1098 ad
1352 1059 1447 1098 exem-

171 1128 239 1204 plar
263 1128 437 1203 Amphiarai
462 1128 599 1186 bellicam
623 1130 764 1188 virtutem
789 1149 857 1189 cum
877 1132 941 1187 arte
960 1129 1096 1188 vaticinii
1114 1128 1303 1188 coniunxerit
1321 1120 1448 1208 (1-21).

171 1217 305 1294 imagine
331 1236 348 1274 a
373 1217 489 1274 Phintis
518 1218 641 1295 aurigae
669 1218 847 1278 dexteritate
876 1222 996 1294 sumpta
1024 1238 1091 1277 cum
1116 1218 1153 1276 ad
1177 1218 1320 1294 originem
1350 1218 1448 1295 gentis

170 1307 298 1383 Agesiae
322 1306 510 1382 ascendisset,
535 1306 668 1365 fabulam
692 1308 727 1366 de
751 1309 886 1384 Euadne,
912 1308 975 1365 filia
1001 1309 1123 1387 Pitanae
1147 1310 1178 1365 et
1201 1306 1344 1383 Neptuni,
1369 1325 1446 1382 quae

170 1415 239 1454 oum
262 1394 401 1470 Apolline
425 1396 550 1471 lamum,
575 1397 757 1455 conditorem
781 1397 894 1474 gentis,
918 1398 1074 1474 pepererit,
1099 1396 1247 1456 succincte
1272 1396 1393 1471 exponit
1417 1398 1449 1454 et

171 1504 280 1543 munus
304 1485 334 1542 in
358 1503 411 1542 ara
437 1485 517 1544 Iovis
546 1505 579 1543 ex
609 1486 737 1545 victimis
766 1486 950 1545 vaticinandi
973 1486 1152 1545 hereditario
1177 1486 1240 1543 iure
1265 1484 1386 1542 lamidis
1411 1484 1449 1543 ab

172 1573 313 1648 Apolline
337 1574 505 1632 iniunctum
524 1594 586 1633 esse
606 1576 697 1634 refert
716 1569 859 1654 (iffi-“Pa
884 1577 961 1634 unde
986 1576 1166 1634 lamidarum
1191 1577 1296 1633 vatum
1320 1574 1449 1633 auctori·

172 1666 264 1721 tatem
289 1683 348 1721 non
372 1664 468 1721 solnm
492 1684 545 1739 per
568 1665 662 1724 valles
686 1666 816 1723 Eurotae
842 1668 933 1740 atque
958 1664 1075 1741 Alphei,
1099 1664 1149 1722 sed
1170 1664 1261 1722 etiarn
1281 1682 1334 1738 per
1352 1666 1446 1720 totam

172 1752 407 1827 Peloponnesum
433 1757 463 1810 et
486 1753 619 1812 Siciliam
643 1754 806 1829 dispersam
834 1751 925 1825 (conf.
942 1754 1068 1812 Boeckh.
1085 1754 1169 1828 Expl.
1187 1764 1235 1811 152
1252 1745 1309 1830 sq.)
1329 1752 1448 1829 egregie

171 1842 313 1899 illustrat.
352 1842 443 1899 Fama
466 1843 564 1917 gentis
588 1843 770 1901 lemidarum
794 1864 828 1901 er
853 1843 1058 1903 remotissimis
1083 1842 1266 1917 temporibus
1290 1859 1386 1917 usque
1410 1840 1449 1899 ad

172 1934 357 2005 praesentem
387 1932 559 1989 memoriam
588 1936 772 2007 pertractata
800 1933 837 1990 ad
863 1933 988 2010 Ageriae
1016 1934 1148 2008 palmam
1173 1951 1267 2006 nuper
1291 1929 1448 2006 Olympiae

173 2024 289 2094 partam
320 2020 408 2095 redit,
436 2023 472 2077 ut
494 2021 636 2080 rictorem
661 2023 867 2097 Stymphaliae
892 2023 920 2079 in
946 2021 1028 2080 avita
1052 2022 1120 2080 sede
1143 2020 1288 2078 Arcadiae
1313 2019 1448 2078 sollemni

173 2109 380 2167 comissatione
412 2110 574 2186 praedicet,
608 2111 661 2169 hoc
693 2115 793 2169 autem
824 2111 880 2169 sibi
905 2131 939 2170 eo
964 2111 1060 2189 magis
1083 2110 1165 2169 cordi
1189 2129 1251 2168 esse
1283 2109 1338 2184 ait,
1370 2108 1450 2184 quod

174 2198 357 2273 Stymphalis
380 2199 500 2273 lletopa
525 2202 620 2257 mater
643 2201 761 2258 Thebae
785 2201 933 2276 nymphae
957 2200 1048 2259 scrisse
1072 2200 1191 2259 dicatur
1210 2190 1352 2278 (tl-91).
1389 2197 1450 2256 Sub

172 2287 259 2345 finem
287 2288 403 2346 sodales
431 2288 565 2364 victoria,
599 2292 633 2346 ut
661 2289 798 2348 Hieronis
827 2289 906 2367 regis
934 2309 1077 2348 memores
1106 2288 1179 2366 sint,
1210 2287 1389 2346 adhortatur
1419 2290 1450 2345 et

173 2376 299 2453 Agesiae
328 2376 492 2452 Syracusas
520 2378 652 2437 redituro
681 2379 796 2437 l'elieenr
826 2379 1048 2455 navigationem
1078 2378 1194 2453 sibique
1219 2376 1293 2435 artis
1316 2375 1450 2450 poeticae

174 2485 331 2540 perennem
356 2466 455 2525 florem
481 2469 575 2542 optat.
1100 2517 1104 2525 .

260 2555 414 2613 Summam
447 2556 587 2614 carminis
617 2557 780 2615 Pausanias
803 2575 834 2617 v1
858 2568 887 2633 a,
912 2569 927 2613 5
952 2557 993 2615 sic
1026 2555 1229 2614 adumbravit:
1262 2553 1293 2612 οἱ
1320 2544 1451 2629 Ἰαμίδαι

173 2643 348 2720 καλούμενοι
377 2643 494 2721 μάντεις
518 2643 672 2722 γεγόνασιν
696 2643 753 2705 ἀπὸ
775 2639 890 2722 Ἰάμου,
921 2644 972 2705 τὸν
1000 2641 1031 2705 δὲ
1054 2637 1131 2703 εἶναι
1155 2643 1248 2703 παῖδα
1269 2636 1451 2712 ’Λπόλλωνος

173 2729 221 2790 καὶ
249 2733 350 2810 λαβεῖν
379 2733 524 2809 μαντικήν
551 2751 644 2811 φησιν
672 2732 703 2794 ἐν
731 2731 837 2819 ᾅσματι
865 2734 1027 2810 Πίνδαρος.
1075 2733 1212 2811 Origines
1241 2732 1340 2810 gent-is
1363 2731 1451 2789 Iami-

173 2821 277 2879 darum
312 2822 389 2880 unde
422 2823 569 2881 Pindarus
603 2825 749 2902 hauserit,
783 2826 857 2883 nihil
891 2825 1004 2884 scholia
1037 2824 1172 2900 tradunt,
1202 2820 1452 2879 Wilamowitzius

172 2910 262 2985 (Phil.
279 2911 348 2969 Uni.
364 2930 394 2968 rx
412 2923 461 2969 162
478 2905 530 2992 ss.)
547 2913 576 2970 in
592 2913 687 2971 doctis
702 2914 931 2990 commentariis,
947 2914 1056 2990 quibus
1072 2913 1128 2971 hoc
1143 2930 1261 2970 carmen
1277 2909 1451 2983 illustravit,

172 2999 279 3058 Eleum
311 3018 430 3058 cannen
460 3002 577 3077 epicum
608 3001 674 3078 περὶ
695 2995 794 3078 Ἰάμου
824 3001 927 3082 γάμων
960 3002 1148 3077 potissimum
1182 3001 1296 3062 iontem
1328 2997 1451 3056 Pindari
1502 3032 1506 3037 ·

173 3088 264 3148 luisse
289 3089 467 3165 suspicatur.

719 3224 762 3290 Da
787 3226 908 3291 metris.

261 3357 356 3416 blatra
381 3358 610 3433 praeclarissimi
629 3357 769 3416 carminis
788 3359 859 3414 scrut
878 3355 1173 3432 dactylo-epitritica,
1192 3375 1211 3412 a
1230 3357 1329 3413 vetere
1349 3373 1453 3414 norma

172 3448 240 3521 plus
268 3466 328 3505 uno
357 3447 474 3505 nornine
503 3447 665 3523 declinata,
694 3447 825 3522 primum
853 3445 932 3521 quod
963 3448 1082 3520 praeter
1112 3444 1275 3519 dactylicus
1306 3444 1452 3519 tripodias

174 3535 311 3610 dipodiae
344 3527 411 3615 (stc.
436 3549 459 3593 2.
484 3556 529 3611 ep.
554 3549 577 3594 ⁶2.
602 3530 634 3605 3)
663 3538 693 3594 et
717 3534 902 3610 letrapodiae
927 3526 986 3609 (ep.
1010 3526 1042 3612 J)
1066 3533 1212 3592 admissae
1237 3536 1308 3591 sunt
1338 3530 1389 3613 (of.
1414 3533 1452 3591 ad

177 3624 207 3682 P.
223 3643 254 3683 ιν
274 3620 314 3703 4),
338 3624 443 3683 deinde
468 3625 547 3700 quod
571 3625 669 3700 quinti
693 3644 796 3683 versus
820 3623 959 3699 strophae.
983 3624 1112 3680 alt-crum
1136 3622 1299 3680 membrum
1324 3622 1452 3697 speciem

177 3713 342 3789 logaoedici
367 3713 505 3772 versiculi
529 3714 627 3791 habet,
651 3713 779 3789 denique
804 3713 883 3789 quod
907 3712 1047 3788 strophae
1071 3714 1172 3771 sextus
1196 3731 1298 3771 versus
1321 3714 1376 3769 aut
1399 3730 1453 3770 suo

176 3802 273 3877 capite
306 3805 388 3861 caret
420 3806 474 3860 aut
505 3823 570 3861 cum
605 3803 797 3860 antecedente
830 3821 917 3860 vorsu
950 3801 1080 3859 muneris
1113 3800 1259 3859 cohaeret.
1306 3800 1452 3859 Anacrusi

176 3891 263 3965 primi
289 3894 319 3949 et
342 3892 440 3967 quinti
463 3911 566 3950 versus
591 3894 685 3950 totam
709 3892 863 3967 stropham
883 3890 913 3949 in
932 3891 1007 3949 duas
1025 3893 1126 3965 partes
1149 3889 1344 3948 dirimendam
1363 3893 1453 3965 poeta

176 3979 369 4058 significavit,
398 3980 441 4039 ita
469 3983 581 4058 tamen,
610 3984 645 4038 ut
672 4001 730 4039 non
761 3980 898 4039 omnibus
925 3980 955 4037 in
985 3978 1115 4055 strophis
1145 3979 1360 4038 sententiarum
1385 3999 1452 4038 con-

177 4069 354 4128 formatione
381 4070 535 4129 metricam
563 4071 739 4129 divisionem
768 4070 925 4128 adiuvaret
954 4100 997 4109 -
1028 4069 1191 4126 t'antatum
1221 4088 1338 4127 carmen
1366 4071 1412 4126 est
1435 4088 1453 4126 a

176 4159 264 4219 choro
288 4152 349 4229 (vv.
371 4169 410 4216 18.
432 4152 480 4239 98)
505 4160 710 4235 Stymphaliae
735 4160 764 4217 in
783 4162 882 4218 vetere
901 4158 1000 4233 patria
1018 4158 1116 4233 geretis
1134 4157 1317 4215 Iamidarum
1338 4158 1379 4235 (v.
1395 4149 1452 4237 99).

176 4247 323 4306 Pindarus
346 4248 475 4307 camnine
500 4249 608 4307 Thebis
631 4249 720 4307 misso
745 4249 863 4307 Aeneae
887 4247 1009 4324 Arcadi,
1033 4246 1095 4306 sivo
1118 4246 1379 4306 chorodidascalus
1402 4247 1452 4304 ille

176 4337 234 4394 fuit
258 4336 320 4395 sive
344 4336 457 4395 amicus
481 4338 622 4415 Agesiae,
650 4338 836 4414 provinciam
864 4356 933 4395 suas
957 4340 1057 4413 partes
1085 4336 1189 4394 tuendi
1212 4335 1452 4394 demandaverat.

177 4425 209 4483 lu
231 4445 380 4502 pompane
404 4446 442 4485 an
467 4427 497 4484 in
521 4428 657 4487 convivio
682 4447 800 4487 carmen
823 4429 979 4485 cantatum
1007 4425 1059 4502 sit,
1088 4428 1169 4484 cert-a
1198 4425 1308 4484 indicia
1331 4423 1452 4498 desunt3

175 4515 359 4590 comparatio
379 4516 458 4574 eninr
477 4517 644 4575 carminum
663 4537 731 4575 cum
748 4519 861 4576 cratere
880 4515 943 4573 vini
958 4512 999 4593 (v.
1015 4506 1064 4594 91)
1080 4515 1117 4572 ad
1137 4514 1307 4573 convivium
1326 4514 1452 4588 trahere,

175 4604 328 4664 anaomais
351 4609 453 4663 autem
476 4606 563 4681 primi
589 4611 619 4663 et
642 4607 740 4682 quint-i
765 4624 866 4664 versus
891 4604 1040 4663 alacritati
1066 4604 1214 4679 pompalis
1237 4601 1377 4661 carminis
1401 4620 1452 4676 ap·

175 4692 234 4751 tior
261 4712 324 4752 esse
347 4694 474 4752 videtur,
521 4695 657 4771 Denique
686 4716 720 4754 ex
744 4716 789 4754 vv.
809 4705 842 4751 88
863 4713 899 4754 ss.
920 4695 1044 4769 apparet
1069 4693 1196 4768 epinicia
1220 4690 1347 4768 Agesiae
1372 4690 1453 4749 feriis

175 4781 297 4842 lunonis
324 4786 392 4842 acta
420 4802 496 4863 esse,
527 4804 586 4860 quo
617 4784 707 4843 simili
735 4784 822 4843 modo
850 4784 982 4842 carmina
1011 4782 1139 4857 epinicia
1164 4781 1198 4841 O.
1218 4800 1251 4838 111
1276 4786 1306 4840 et
1329 4779 1361 4838 P.
1377 4798 1397 4839 v
1420 4779 1451 4838 in

175 4871 265 4930 sacris
288 4873 412 4932 deorum
435 4876 558 4933 cantata
581 4892 643 4934 esse
667 4876 792 4934 constat.
