3442 5550
598 444 647 496 111.
675 444 725 495 Dr}
743 442 853 496 LUDIS
872 444 917 496 ET
936 442 1114 498 malens,
1398 435 1497 492 LXXV

216 610 249 671 et
277 627 395 692 pueros
419 605 631 670 certaminum
655 611 823 671 consortes
847 606 917 671 fieri
940 605 1126 691 voluerunt,
1154 610 1186 671 st
1210 627 1284 671 eum
1310 626 1428 689 pueros
1452 603 1498 670 in-

216 714 328 779 firmos
347 735 420 778 cum
439 712 516 778 viris
537 712 656 777 adultis
677 713 880 778 committere
899 712 1047 797 iniquum
1066 735 1136 778 esse
1156 712 1327 796 videretur,
1348 717 1499 797 separata

215 820 393 888 certamina
406 842 579 904 puerorum
592 817 751 908 (παίδων)
766 825 799 884 et
813 820 957 886 virorum
972 816 1135 907 (ἀνδρῶν)
1148 820 1371 886 instituerunt.
1397 818 1497 885 Athe-

216 928 343 993 nienses
367 949 443 993 vero
467 926 541 991 inde
566 950 585 991 a
608 933 724 1011 quarto
754 928 883 993 saeculo
906 951 934 993 a.
954 926 1027 994 Chr.
1053 928 1152 993 etism
1180 928 1310 1015 longius
1332 927 1497 1015 progressi

216 1036 358 1121 primum
387 1034 452 1098 tria
478 1035 692 1100 certaminum
720 1035 908 1100 discrimina
934 1037 1066 1100 παίδων
1093 1032 1148 1100 καὶ
1176 1034 1336 1119 ἀγενείων
1362 1032 1418 1100 καὶ
1441 1033 1498 1099 ἀν-

218 1142 318 1225 δρῶν,
339 1140 453 1205 deinde
471 1141 521 1205 vel
542 1146 682 1225 quatuor
700 1142 817 1207 aetatis
837 1141 956 1227 gradus
976 1146 1169 1208 statuerunt.
1177 1141 1203 1231 1)
1235 1142 1343 1227 Atque
1359 1146 1499 1226 quatuor

216 1247 346 1334 quidem
365 1248 483 1313 aetatis
507 1248 625 1334 gradus
643 1248 726 1312 nihil
745 1254 832 1314 certe
851 1249 890 1313 ad
910 1248 1041 1314 Pindari
1060 1250 1199 1334 epinicia
1217 1250 1395 1335 pertinent3
1417 1248 1499 1313 illud

217 1361 326 1433 autem
350 1355 493 1421 dubitari
516 1361 639 1441 potest,
663 1379 739 1422 num
762 1355 921 1421 Pindarus
945 1356 1117 1422 discrimen
1140 1379 1315 1442 puerorum
1338 1354 1498 1445 (παίδων)

217 1469 250 1530 et
272 1464 426 1530 iuvenum
448 1460 637 1549 (ἀγενείων)
665 1486 797 1548 prorsus
825 1463 1035 1550 ignoraverit.
1081 1462 1260 1550 Olympicis
1284 1463 1415 1548 quidem
1438 1462 1500 1549 Py·

216 1571 358 1656 thiisque
390 1570 474 1635 ludis
508 1570 638 1654 ἀγῶνας
669 1573 800 1638 παίδων
832 1577 864 1637 et
899 1571 1059 1655 ἀγενείων
1092 1593 1157 1636 non
1190 1571 1363 1637 distinctos
1397 1570 1498 1635 fuisse

218 1701 255 1744 ex
278 1678 477 1745 testimoniis
500 1678 679 1744 Pausaniae
703 1684 736 1744 et
759 1679 952 1746 Philostrati
981 1700 1080 1765 supra
1102 1678 1210 1744 allatis
1238 1676 1498 1766 cognorimus;²)

218 1786 273 1851 sed
296 1786 324 1851 si
350 1785 421 1872 quis
445 1786 479 1850 in
503 1786 623 1852 Atticis
647 1786 835 1852 civitatibus
863 1787 929 1851 iam
953 1792 1022 1851 tum
1048 1786 1131 1851 illud
1158 1787 1332 1852 discrimen
1361 1786 1499 1851 valuisse

217 1892 383 1977 statuerit,
410 1915 477 1957 nou
499 1893 604 1958 habeo
628 1916 692 1978 quo
716 1917 790 1959 eum
813 1894 1013 1981 redarguam.
1059 1892 1131 1970 Qua
1153 1894 1192 1959 de
1215 1916 1313 1959 causa
1334 1893 1370 1959 in
1392 1892 1499 1958 medio

217 1999 365 2086 equidem
389 1999 548 2086 relinquo,
570 2006 680 2066 utrum
702 2001 861 2065 Pindarus
885 1999 921 2065 Ο.
940 2018 978 2065 1x
997 2002 1038 2067 89
1063 1999 1100 2064 ἐν
1124 2005 1316 2085 Μαραθῶνι
1340 1998 1500 2078 συλαθεὶς

218 2106 378 2191 ἀγενείων
400 2106 499 2192 μένεν
522 2107 635 2192 ἀγῶνα
657 2107 901 2195 πρεσβυτέρων,
925 2114 958 2172 et
977 2108 1013 2174 Ο.
1028 2126 1091 2173 vm
1106 2108 1148 2172 55
1168 2110 1199 2173 εί
1218 2107 1250 2173 δ’
1268 2108 1331 2191 ἐγὼ
1346 2110 1499 2194 Μελησίᾳ

219 2214 252 2293 ἐξ
275 2214 435 2298 ἀγενείων
463 2218 564 2295 κῦδος
591 2214 776 2299 ἀνέδραμεν
797 2215 891 2303 ὕμνῳ
921 2216 1079 2281 vocabulo
1108 2215 1267 2299 ἀγενείων
1293 2215 1379 2280 idem
1403 2220 1500 2298 atquc

217 2324 348 2388 παίδων
372 2322 614 2409 significaverit,
635 2346 677 2388 an
697 2322 839 2387 medium
857 2322 1018 2406 quoddam
1037 2323 1123 2387 inter
1141 2322 1299 2408 puerilem
1317 2326 1350 2387 et
1374 2320 1500 2386 virilem

219 2434 358 2495 aetatem
382 2430 525 2495 indicare
548 2431 695 2497 voluerit.
744 2430 856 2514 Neque
880 2434 989 2494 tamen
1012 2431 1052 2494 ad
1076 2430 1184 2495 omnia
1208 2429 1385 2495 certamina
1407 2429 1498 2512 pueri

217 2536 487 2623 admittebantur3
516 2561 556 2604 ne
583 2538 723 2603 Athenis
751 2536 881 2621 quidem
908 2536 971 2602 hoc
995 2536 1118 2603 factum
1146 2542 1209 2623 est3
1237 2535 1361 2601 diutius
1388 2540 1498 2601 autem

217 2643 386 2729 Olympiae
416 2650 449 2710 et
477 2645 613 2730 Delphis
643 2646 815 2729 cavebant,
846 2666 886 2709 ne
916 2643 1089 2710 laboriosis
1115 2649 1147 2709 et
1176 2644 1368 2731 periculosis
1399 2648 1498 2708 certa·

217 2750 359 2815 minibus
375 2751 435 2816 llos
451 2752 630 2818 iuventutis
647 2752 918 2838 pessumdaretur.
951 2751 1123 2817 Pancratio
1138 2756 1224 2817 certe
1238 2751 1371 2816 Pindari
1390 2754 1497 2816 aetate

217 2858 397 2942 (llympicis
422 2858 589 2944 Pythiisvc
616 2859 700 2924 ludis
726 2859 818 2944 pueri
845 2880 911 2923 non
939 2859 1122 2943 certabant,
1148 2864 1181 2924 et
1207 2858 1414 2943 pentathlum
1441 2880 1499 2943 pu-

216 2985 346 3029 erorum
370 2988 444 3030 cum
468 2989 532 3030 una
555 2966 746 3052 Olympiade
770 2965 948 3030 admissum
971 2965 1079 3051 fuerit,
1101 2987 1178 3030 mox
1202 2988 1313 3030 rursus
1338 2964 1497 3030 abolitum

216 3093 286 3135 esse
316 3094 414 3156 supra
443 3075 662 3159 cognovimus.
709 3072 757 3138 De
781 3072 913 3137 Nemeis
937 3076 970 3136 et
992 3072 1139 3137 Isthmiis
1162 3095 1202 3137 ue
1226 3071 1286 3138 hac
1310 3072 1440 3157 quidem
1463 3072 1498 3135 in

216 3202 251 3243 re
274 3179 451 3263 quidquam
475 3182 608 3247 testium
632 3181 694 3245 fide
718 3184 863 3257 constat3
888 3201 991 3262 neque
1014 3183 1124 3244 tamen
1147 3179 1299 3245 credibile
1318 3184 1369 3245 est
1387 3176 1499 3246 Corin·

217 3286 305 3351 thies
324 3292 382 3351 aut
402 3286 580 3353 Nemeseos
599 3293 667 3352 tam
687 3288 782 3373 longe
802 3293 876 3350 ante
896 3285 994 3350 Eleos
1011 3286 1179 3371 pancratio
1199 3292 1362 3353 certamen
1385 3308 1498 3372 puero-

218 3416 289 3459 rum
311 3395 477 3478 probasse.
519 3392 775 3480 Ohronologieas
799 3398 908 3459 autem
932 3394 1088 3477 quasdam
1111 3394 1335 3479 difficultates,
1358 3416 1438 3479 quas
1462 3398 1499 3458 ut

218 3507 436 3568 summoveret
457 3501 635 3587 Herbigius
663 3524 753 3567 mous
782 3498 977 3586 (Comment.
995 3501 1107 3586 philol.
1127 3502 1252 3567 Monac.
1276 3527 1305 3587 p.
1323 3498 1402 3588 140)
1425 3523 1498 3567 con-

218 3610 354 3674 trarium
387 3614 529 3674 statuere
562 3631 659 3674 ausus
692 3614 756 3693 est,
788 3608 852 3673 alio
883 3607 979 3672 modo
1014 3608 1054 3671 ad
1083 3609 1103 3672 l.
1127 3627 1189 3672 v111
1223 3632 1289 3695 arg.
1320 3608 1497 3693 expediam.

220 3713 309 3781 Nihil
335 3738 412 3780 vero
439 3716 652 3799 inscriptione
681 3714 833 3782 carminis
857 3713 897 3777 N.
912 3732 934 3776 v
962 3712 1057 3778 παιδὶ
1085 3726 1330 3800 παγκρατιαστῇ
1358 3736 1498 3779 commo-

220 3844 307 3906 veor,
335 3822 453 3908 quippe
482 3845 564 3906 quae
592 3827 625 3887 et
652 3824 799 3889 codicum
827 3823 890 3887 fide
918 3844 1032 3906 parum
1055 3822 1170 3888 fulcita
1198 3823 1242 3887 sit
1270 3828 1302 3887 et
1326 3826 1362 3887 ut
1385 3844 1498 3887 omnes

221 3928 445 4014 inscriptiones
473 3930 667 3995 auctoritate
691 3929 809 3995 veteris
838 3929 1012 3993 memoriae
1040 3933 1155 3995 careat.
1202 3930 1240 3994 Id
1269 3934 1379 3995 tamen
1403 3928 1498 3994 facile

221 4034 352 4122 largior,
379 4036 511 4101 iuvenes
534 4034 661 4123 (νεόνς)
689 4037 755 4101 fere
779 4041 913 4123 vegetae
941 4036 1059 4101 aetatis
1089 4038 1129 4102 ad
1157 4036 1355 4122 quinquertii
1382 4036 1499 4123 longas

221 4142 440 4208 contentiones
469 4145 651 4209 subeundas
680 4144 812 4209 nomina
838 4143 1004 4228 professos
1033 4166 1111 4209 ssss.
1157 4143 1305 4228 Denique
1334 4143 1498 4231 singulare

222 4253 287 4315 erat
315 4249 516 4317 Heraeorum
544 4250 801 4337 Olympimrnm,
833 4250 920 4335 quod
948 4251 1046 4316 etiam
1078 4250 1219 4338 virgines
1247 4251 1352 4317 tribus
1380 4250 1498 4317 aetatis

222 4356 372 4439 gradihus
395 4357 550 4423 discretas
574 4359 609 4423 in
632 4364 797 4424 certamen
819 4358 917 4423 stadii
941 4358 1103 4423 vocabant
1126 4357 1235 4445 (Paua.
1251 4379 1273 4423 v
1294 4360 1345 4443 16,
1363 4358 1408 4447 2).

306 4628 333 4691 1)
353 4642 378 4677 v.
397 4622 468 4677 Plat.
484 4622 557 4695 legg.
574 4643 621 4677 vm
640 4644 665 4694 p.
682 4630 742 4679 833.
766 4624 865 4678 δίδον.
881 4642 916 4676 xv
935 4642 961 4693 p.
977 4630 1028 4677 67⁸
1040 4622 1072 4690 Ο,
1093 4622 1220 4694 lapidum
1239 4623 1404 4679 testimonia
1423 4624 1497 4692 apud

225 4689 432 4749 llommsenium
447 4694 572 4751 Heortol.
589 4702 638 4750 141
648 4714 684 4751 ss.

305 4772 333 4835 ⁵2)
354 4764 545 4821 Nihilominus
564 4767 663 4822 Πύθια
686 4765 822 4838 ἀγενείων
844 4765 1021 4836 παγκράτιον
1044 4782 1078 4819 ex
1102 4770 1197 4822 aetate
1220 4767 1421 4837 imperatorum
1442 4765 1498 4819 Ro·

226 4850 363 4892 manorum
382 4841 633 4892 commemorantur
651 4838 681 4893 in
700 4839 795 4909 lapide
814 4837 1002 4908 Neapolitano
1023 4835 1100 4891 IGSl.
1115 4843 1165 4890 ⁷47
1185 4840 1215 4894 et
1228 4837 1342 4910 Ἴσθμια
1362 4834 1500 4907 ἀγενείων

226 4909 393 4978 παγκράτιον
411 4908 489 4963 lGSl.
505 4914 562 4963 716.
