<?xml version="1.0" encoding="UTF-8"?>
<!DOCTYPE html PUBLIC "-//W3C//DTD XHTML 1.0 Transitional//EN"
    "http://www.w3.org/TR/xhtml1/DTD/xhtml1-transitional.dtd">
<html xmlns="http://www.w3.org/1999/xhtml" xml:lang="en" lang="en">
 <head>
  <title>
</title>
<meta http-equiv="Content-Type" content="text/html;charset=utf-8" />
  <meta name='ocr-system' content='tesseract 3.04.00' />
  <meta name='ocr-capabilities' content='ocr_page ocr_carea ocr_par ocr_line ocrx_word'/>
</head>
<body>
  <div class='ocr_page' id='page_1' title='image "./pindaricarminap00chrigoog_0045.png"; bbox 0 0 3442 5550; ppageno 0'>
   <div class='ocr_carea' id='block_1_1' title="bbox 311 412 1093 467">
    <p class='ocr_par' dir='ltr' id='par_1_1' title="bbox 311 412 1093 467">
     <span class='ocr_line' id='line_1_1' title="bbox 311 412 1093 467; baseline -0.003 0"><span class='ocrx_word' id='word_1_1' title='bbox 311 412 426 467; x_wconf 84' lang='lat' dir='ltr'>XXXVI</span> <span class='ocrx_word' id='word_1_2' title='bbox 815 413 1093 465; x_wconf 79' lang='lat' dir='ltr'>PROLEGOllENA.</span> 
     </span>
    </p>
   </div>
   <div class='ocr_carea' id='block_1_2' title="bbox 263 573 1596 2262">
    <p class='ocr_par' dir='ltr' id='par_1_2' title="bbox 311 573 1596 769">
     <span class='ocr_line' id='line_1_2' title="bbox 311 573 1596 661; baseline -0.002 -21"><span class='ocrx_word' id='word_1_3' title='bbox 311 601 380 642; x_wconf 87' lang='lat' dir='ltr'>ram</span> <span class='ocrx_word' id='word_1_4' title='bbox 395 577 429 641; x_wconf 94' lang='lat' dir='ltr'>in</span> <span class='ocrx_word' id='word_1_5' title='bbox 444 578 507 640; x_wconf 92' lang='lat' dir='ltr'>fine</span> <span class='ocrx_word' id='word_1_6' title='bbox 523 576 668 640; x_wconf 89' lang='lat' dir='ltr'>colorum</span> <span class='ocrx_word' id='word_1_7' title='bbox 686 575 934 661; x_wconf 84' lang='lat' dir='ltr'>diligentissime</span> <span class='ocrx_word' id='word_1_8' title='bbox 952 573 1164 640; x_wconf 86' lang='lat' dir='ltr'>observantis.</span> <span class='ocrx_word' id='word_1_9' title='bbox 1199 574 1262 639; x_wconf 76' lang='lat' dir='ltr'>Sed</span> <span class='ocrx_word' id='word_1_10' title='bbox 1276 574 1336 640; x_wconf 88' lang='lat' dir='ltr'>hac</span> <span class='ocrx_word' id='word_1_11' title='bbox 1351 574 1389 638; x_wconf 90' lang='lat' dir='ltr'>de</span> <span class='ocrx_word' id='word_1_12' title='bbox 1404 574 1596 659; x_wconf 80' lang='lat' dir='ltr'>quaestione</span> 
     </span>
     <span class='ocr_line' id='line_1_3' title="bbox 311 682 1265 769; baseline -0.004 -21"><span class='ocrx_word' id='word_1_13' title='bbox 311 689 348 748; x_wconf 86' lang='lat' dir='ltr'>ut</span> <span class='ocrx_word' id='word_1_14' title='bbox 371 690 458 748; x_wconf 88' lang='lat' dir='ltr'>recte</span> <span class='ocrx_word' id='word_1_15' title='bbox 481 683 670 769; x_wconf 85' lang='lat' dir='ltr'>iudicemus,</span> <span class='ocrx_word' id='word_1_16' title='bbox 693 683 790 766; x_wconf 89' lang='lat' dir='ltr'>paulo</span> <span class='ocrx_word' id='word_1_17' title='bbox 814 683 912 747; x_wconf 88' lang='lat' dir='ltr'>altius</span> <span class='ocrx_word' id='word_1_18' title='bbox 935 705 986 747; x_wconf 89' lang='lat' dir='ltr'>res</span> <span class='ocrx_word' id='word_1_19' title='bbox 1009 682 1184 766; x_wconf 85' lang='lat' dir='ltr'>repetenda</span> <span class='ocrx_word' id='word_1_20' title='bbox 1207 686 1265 745; x_wconf 89' lang='lat' dir='ltr'>est.</span> 
     </span>
    </p>

    <p class='ocr_par' dir='ltr' id='par_1_3' title="bbox 267 788 1596 876">
     <span class='ocr_line' id='line_1_4' title="bbox 267 788 1596 876; baseline -0.002 -22"><span class='ocrx_word' id='word_1_21' title='bbox 267 860 272 871; x_wconf 24' lang='grc' dir='ltr'>ἱ</span> <span class='ocrx_word' id='word_1_22' title='bbox 401 789 554 855; x_wconf 71' lang='lat' dir='ltr'>Colonen]</span> <span class='ocrx_word' id='word_1_23' title='bbox 579 789 703 872; x_wconf 86' lang='lat' dir='ltr'>divisio,</span> <span class='ocrx_word' id='word_1_24' title='bbox 727 794 764 852; x_wconf 92' lang='lat' dir='ltr'>ut</span> <span class='ocrx_word' id='word_1_25' title='bbox 787 789 866 874; x_wconf 92' lang='lat' dir='ltr'>ipsis</span> <span class='ocrx_word' id='word_1_26' title='bbox 890 789 1078 853; x_wconf 88' lang='lat' dir='ltr'>nominibus</span> <span class='ocrx_word' id='word_1_27' title='bbox 1101 793 1210 873; x_wconf 79' lang='grc' dir='ltr'><strong><em>μελῶν</em></strong></span> <span class='ocrx_word' id='word_1_28' title='bbox 1234 793 1266 857; x_wconf 74' lang='lat' dir='ltr'>ct</span> <span class='ocrx_word' id='word_1_29' title='bbox 1288 790 1452 876; x_wconf 75' lang='grc' dir='ltr'>μελῳδίας</span> <span class='ocrx_word' id='word_1_30' title='bbox 1475 788 1596 852; x_wconf 89' lang='lat' dir='ltr'>indica-</span> 
     </span>
    </p>

    <p class='ocr_par' dir='ltr' id='par_1_4' title="bbox 267 894 1595 981">
     <span class='ocr_line' id='line_1_5' title="bbox 267 894 1595 981; baseline -0.003 -18"><span class='ocrx_word' id='word_1_31' title='bbox 267 910 273 981; x_wconf 74' lang='lat' dir='ltr'><strong>j</strong></span> <span class='ocrx_word' id='word_1_32' title='bbox 311 903 382 963; x_wconf 88' lang='lat' dir='ltr'>turn</span> <span class='ocrx_word' id='word_1_33' title='bbox 397 902 455 981; x_wconf 89' lang='lat' dir='ltr'>est,</span> <span class='ocrx_word' id='word_1_34' title='bbox 473 896 578 961; x_wconf 92' lang='lat' dir='ltr'>multo</span> <span class='ocrx_word' id='word_1_35' title='bbox 596 895 717 960; x_wconf 88' lang='lat' dir='ltr'>arctius</span> <span class='ocrx_word' id='word_1_36' title='bbox 732 917 805 959; x_wconf 92' lang='lat' dir='ltr'>eum</span> <span class='ocrx_word' id='word_1_37' title='bbox 820 895 1049 980; x_wconf 77' lang='lat' dir='ltr'>modulatione,</span> <span class='ocrx_word' id='word_1_38' title='bbox 1068 917 1165 979; x_wconf 90' lang='lat' dir='ltr'>quam</span> <span class='ocrx_word' id='word_1_39' title='bbox 1180 917 1253 959; x_wconf 89' lang='lat' dir='ltr'>cum</span> <span class='ocrx_word' id='word_1_40' title='bbox 1272 894 1427 979; x_wconf 87' lang='lat' dir='ltr'>rhythmo</span> <span class='ocrx_word' id='word_1_41' title='bbox 1442 894 1595 959; x_wconf 87' lang='lat' dir='ltr'>carminis</span> 
     </span>
    </p>

    <p class='ocr_par' dir='ltr' id='par_1_5' title="bbox 263 988 1596 2262">
     <span class='ocr_line' id='line_1_6' title="bbox 263 988 1596 1087; baseline -0.004 -18"><span class='ocrx_word' id='word_1_42' title='bbox 263 988 270 1069; x_wconf 85' lang='lat' dir='ltr'>l</span> <span class='ocrx_word' id='word_1_43' title='bbox 312 1006 473 1087; x_wconf 80' lang='lat' dir='ltr'>cohaeret,</span> <span class='ocrx_word' id='word_1_44' title='bbox 491 1003 669 1067; x_wconf 86' lang='lat' dir='ltr'>modulatio</span> <span class='ocrx_word' id='word_1_45' title='bbox 684 1007 793 1066; x_wconf 86' lang='lat' dir='ltr'>autem</span> <span class='ocrx_word' id='word_1_46' title='bbox 807 1002 879 1086; x_wconf 89' lang='lat' dir='ltr'>ipsa</span> <span class='ocrx_word' id='word_1_47' title='bbox 893 1007 930 1065; x_wconf 93' lang='lat' dir='ltr'>ut</span> <span class='ocrx_word' id='word_1_48' title='bbox 943 1002 1098 1086; x_wconf 85' lang='lat' dir='ltr'>rhythmo</span> <span class='ocrx_word' id='word_1_49' title='bbox 1114 1024 1180 1066; x_wconf 91' lang='lat' dir='ltr'>non</span> <span class='ocrx_word' id='word_1_50' title='bbox 1194 1008 1299 1086; x_wconf 84' lang='lat' dir='ltr'>vacat,</span> <span class='ocrx_word' id='word_1_51' title='bbox 1316 1003 1365 1066; x_wconf 87' lang='lat' dir='ltr'>ita</span> <span class='ocrx_word' id='word_1_52' title='bbox 1382 1024 1450 1066; x_wconf 91' lang='lat' dir='ltr'>non</span> <span class='ocrx_word' id='word_1_53' title='bbox 1468 1023 1596 1085; x_wconf 87' lang='lat' dir='ltr'>semper</span> 
     </span>
     <span class='ocr_line' id='line_1_7' title="bbox 310 1107 1594 1193; baseline -0.003 -18"><span class='ocrx_word' id='word_1_54' title='bbox 310 1111 425 1175; x_wconf 92' lang='lat' dir='ltr'>iisdem</span> <span class='ocrx_word' id='word_1_55' title='bbox 459 1114 556 1193; x_wconf 88' lang='lat' dir='ltr'>atque</span> <span class='ocrx_word' id='word_1_56' title='bbox 587 1110 642 1173; x_wconf 90' lang='lat' dir='ltr'>ille</span> <span class='ocrx_word' id='word_1_57' title='bbox 675 1110 795 1173; x_wconf 85' lang='lat' dir='ltr'>linibus</span> <span class='ocrx_word' id='word_1_58' title='bbox 831 1107 1018 1173; x_wconf 77' lang='lat' dir='ltr'>includitur.</span> <span class='ocrx_word' id='word_1_59' title='bbox 1068 1108 1227 1192; x_wconf 81' lang='lat' dir='ltr'>Itlrythmi</span> <span class='ocrx_word' id='word_1_60' title='bbox 1260 1109 1347 1173; x_wconf 90' lang='lat' dir='ltr'>enim</span> <span class='ocrx_word' id='word_1_61' title='bbox 1380 1113 1489 1192; x_wconf 86' lang='lat' dir='ltr'>partes</span> <span class='ocrx_word' id='word_1_62' title='bbox 1523 1107 1594 1172; x_wconf 90' lang='lat' dir='ltr'>solo</span> 
     </span>
     <span class='ocr_line' id='line_1_8' title="bbox 310 1215 1596 1301; baseline -0.002 -19"><span class='ocrx_word' id='word_1_63' title='bbox 310 1217 497 1299; x_wconf 82' lang='lat' dir='ltr'>intervallo,</span> <span class='ocrx_word' id='word_1_64' title='bbox 529 1237 593 1299; x_wconf 92' lang='lat' dir='ltr'>quo</span> <span class='ocrx_word' id='word_1_65' title='bbox 617 1238 700 1279; x_wconf 87' lang='lat' dir='ltr'>unus</span> <span class='ocrx_word' id='word_1_66' title='bbox 724 1215 809 1281; x_wconf 90' lang='lat' dir='ltr'>ictus</span> <span class='ocrx_word' id='word_1_67' title='bbox 836 1215 1010 1301; x_wconf 84' lang='lat' dir='ltr'>primarius</span> <span class='ocrx_word' id='word_1_68' title='bbox 1038 1216 1079 1279; x_wconf 91' lang='lat' dir='ltr'>ab</span> <span class='ocrx_word' id='word_1_69' title='bbox 1108 1215 1211 1280; x_wconf 87' lang='lat' dir='ltr'>altero</span> <span class='ocrx_word' id='word_1_70' title='bbox 1241 1216 1356 1301; x_wconf 87' lang='lat' dir='ltr'>distat,</span> <span class='ocrx_word' id='word_1_71' title='bbox 1388 1216 1596 1297; x_wconf 89' lang='lat' dir='ltr'>definiuntur,</span> 
     </span>
     <span class='ocr_line' id='line_1_9' title="bbox 311 1320 1594 1389; baseline -0.005 0"><span class='ocrx_word' id='word_1_72' title='bbox 311 1324 543 1389; x_wconf 87' lang='lat' dir='ltr'>modulationis</span> <span class='ocrx_word' id='word_1_73' title='bbox 576 1329 684 1387; x_wconf 90' lang='lat' dir='ltr'>autem</span> <span class='ocrx_word' id='word_1_74' title='bbox 717 1322 785 1387; x_wconf 89' lang='lat' dir='ltr'>sive</span> <span class='ocrx_word' id='word_1_75' title='bbox 818 1323 963 1387; x_wconf 87' lang='lat' dir='ltr'>colorum</span> <span class='ocrx_word' id='word_1_76' title='bbox 996 1323 1077 1386; x_wconf 87' lang='lat' dir='ltr'>fines</span> <span class='ocrx_word' id='word_1_77' title='bbox 1109 1322 1208 1387; x_wconf 85' lang='lat' dir='ltr'>etiam</span> <span class='ocrx_word' id='word_1_78' title='bbox 1236 1345 1256 1386; x_wconf 88' lang='lat' dir='ltr'>a</span> <span class='ocrx_word' id='word_1_79' title='bbox 1283 1322 1354 1386; x_wconf 89' lang='lat' dir='ltr'>soni</span> <span class='ocrx_word' id='word_1_80' title='bbox 1387 1320 1594 1387; x_wconf 82' lang='lat' dir='ltr'>conclusione</span> 
     </span>
     <span class='ocr_line' id='line_1_10' title="bbox 311 1428 1593 1514; baseline -0.004 -18"><span class='ocrx_word' id='word_1_81' title='bbox 311 1431 479 1496; x_wconf 90' lang='lat' dir='ltr'>modulata</span> <span class='ocrx_word' id='word_1_82' title='bbox 497 1430 645 1514; x_wconf 89' lang='lat' dir='ltr'>pendent.</span> <span class='ocrx_word' id='word_1_83' title='bbox 682 1429 788 1492; x_wconf 89' lang='lat' dir='ltr'>Huius</span> <span class='ocrx_word' id='word_1_84' title='bbox 809 1435 917 1493; x_wconf 91' lang='lat' dir='ltr'>autem</span> <span class='ocrx_word' id='word_1_85' title='bbox 936 1430 1080 1494; x_wconf 87' lang='lat' dir='ltr'>rationes</span> <span class='ocrx_word' id='word_1_86' title='bbox 1099 1452 1194 1512; x_wconf 89' lang='lat' dir='ltr'>saepe</span> <span class='ocrx_word' id='word_1_87' title='bbox 1213 1436 1288 1494; x_wconf 71' lang='lat' dir='ltr'>dum</span> <span class='ocrx_word' id='word_1_88' title='bbox 1304 1430 1421 1513; x_wconf 86' lang='lat' dir='ltr'>pedum</span> <span class='ocrx_word' id='word_1_89' title='bbox 1436 1428 1593 1514; x_wconf 90' lang='lat' dir='ltr'>rhythmi-</span> 
     </span>
     <span class='ocr_line' id='line_1_11' title="bbox 312 1534 1595 1623; baseline -0.004 -20"><span class='ocrx_word' id='word_1_90' title='bbox 312 1561 423 1603; x_wconf 89' lang='lat' dir='ltr'>corum</span> <span class='ocrx_word' id='word_1_91' title='bbox 446 1539 566 1603; x_wconf 90' lang='lat' dir='ltr'>finibus</span> <span class='ocrx_word' id='word_1_92' title='bbox 589 1541 745 1622; x_wconf 84' lang='lat' dir='ltr'>pugnant.</span> <span class='ocrx_word' id='word_1_93' title='bbox 788 1534 841 1600; x_wconf 82' lang='lat' dir='ltr'>Sic</span> <span class='ocrx_word' id='word_1_94' title='bbox 864 1536 1017 1621; x_wconf 85' lang='lat' dir='ltr'>dactylici</span> <span class='ocrx_word' id='word_1_95' title='bbox 1041 1536 1163 1600; x_wconf 88' lang='lat' dir='ltr'>ordinis</span> <span class='ocrx_word' id='word_1_96' title='bbox 1186 1559 1244 1621; x_wconf 90' lang='lat' dir='ltr'>pes</span> <span class='ocrx_word' id='word_1_97' title='bbox 1267 1537 1433 1623; x_wconf 84' lang='lat' dir='ltr'>legitimus</span> <span class='ocrx_word' id='word_1_98' title='bbox 1455 1536 1490 1599; x_wconf 94' lang='lat' dir='ltr'>in</span> <span class='ocrx_word' id='word_1_99' title='bbox 1513 1536 1595 1599; x_wconf 91' lang='lat' dir='ltr'>duas</span> 
     </span>
     <span class='ocr_line' id='line_1_12' title="bbox 311 1641 1593 1731; baseline -0.004 -21"><span class='ocrx_word' id='word_1_100' title='bbox 311 1646 423 1711; x_wconf 86' lang='lat' dir='ltr'>breves</span> <span class='ocrx_word' id='word_1_101' title='bbox 447 1647 527 1731; x_wconf 81' lang='lat' dir='ltr'>cxit3</span> <span class='ocrx_word' id='word_1_102' title='bbox 551 1649 585 1709; x_wconf 89' lang='lat' dir='ltr'>at</span> <span class='ocrx_word' id='word_1_103' title='bbox 608 1642 724 1707; x_wconf 88' lang='lat' dir='ltr'>musici</span> <span class='ocrx_word' id='word_1_104' title='bbox 747 1641 811 1706; x_wconf 88' lang='lat' dir='ltr'>coli</span> <span class='ocrx_word' id='word_1_105' title='bbox 834 1642 867 1705; x_wconf 91' lang='lat' dir='ltr'>in</span> <span class='ocrx_word' id='word_1_106' title='bbox 892 1643 971 1707; x_wconf 83' lang='lat' dir='ltr'>duas</span> <span class='ocrx_word' id='word_1_107' title='bbox 995 1643 1109 1707; x_wconf 85' lang='lat' dir='ltr'>breves</span> <span class='ocrx_word' id='word_1_108' title='bbox 1128 1643 1294 1708; x_wconf 89' lang='lat' dir='ltr'>conclusio</span> <span class='ocrx_word' id='word_1_109' title='bbox 1313 1645 1443 1729; x_wconf 87' lang='lat' dir='ltr'>ingrata</span> <span class='ocrx_word' id='word_1_110' title='bbox 1461 1642 1593 1707; x_wconf 88' lang='lat' dir='ltr'>auribus</span> 
     </span>
     <span class='ocr_line' id='line_1_13' title="bbox 310 1748 1595 1837; baseline -0.002 -21"><span class='ocrx_word' id='word_1_111' title='bbox 310 1753 437 1837; x_wconf 87' lang='lat' dir='ltr'>accidit,</span> <span class='ocrx_word' id='word_1_112' title='bbox 459 1776 533 1818; x_wconf 91' lang='lat' dir='ltr'>cum</span> <span class='ocrx_word' id='word_1_113' title='bbox 554 1750 760 1815; x_wconf 88' lang='lat' dir='ltr'>conclusione</span> <span class='ocrx_word' id='word_1_114' title='bbox 779 1749 812 1812; x_wconf 91' lang='lat' dir='ltr'>in</span> <span class='ocrx_word' id='word_1_115' title='bbox 832 1748 964 1834; x_wconf 82' lang='lat' dir='ltr'>longam</span> <span class='ocrx_word' id='word_1_116' title='bbox 984 1754 1017 1813; x_wconf 89' lang='lat' dir='ltr'>et</span> <span class='ocrx_word' id='word_1_117' title='bbox 1035 1748 1102 1813; x_wconf 89' lang='lat' dir='ltr'>ictu</span> <span class='ocrx_word' id='word_1_118' title='bbox 1121 1772 1308 1834; x_wconf 89' lang='lat' dir='ltr'>percussam</span> <span class='ocrx_word' id='word_1_119' title='bbox 1328 1749 1487 1834; x_wconf 90' lang='lat' dir='ltr'>syllabam</span> <span class='ocrx_word' id='word_1_120' title='bbox 1506 1749 1595 1814; x_wconf 86' lang='lat' dir='ltr'>facta</span> 
     </span>
     <span class='ocr_line' id='line_1_14' title="bbox 311 1855 1595 1943; baseline -0.004 -19"><span class='ocrx_word' id='word_1_121' title='bbox 311 1882 410 1924; x_wconf 89' lang='lat' dir='ltr'>sonus</span> <span class='ocrx_word' id='word_1_122' title='bbox 435 1860 539 1924; x_wconf 89' lang='lat' dir='ltr'>alacer</span> <span class='ocrx_word' id='word_1_123' title='bbox 558 1862 591 1921; x_wconf 92' lang='lat' dir='ltr'>et</span> <span class='ocrx_word' id='word_1_124' title='bbox 610 1855 772 1921; x_wconf 88' lang='lat' dir='ltr'>masculus</span> <span class='ocrx_word' id='word_1_125' title='bbox 792 1856 908 1921; x_wconf 83' lang='lat' dir='ltr'>evadit.</span> <span class='ocrx_word' id='word_1_126' title='bbox 945 1856 1024 1921; x_wconf 92' lang='lat' dir='ltr'>Inde</span> <span class='ocrx_word' id='word_1_127' title='bbox 1043 1878 1110 1920; x_wconf 92' lang='lat' dir='ltr'>non</span> <span class='ocrx_word' id='word_1_128' title='bbox 1133 1857 1312 1943; x_wconf 86' lang='lat' dir='ltr'>miraberis,</span> <span class='ocrx_word' id='word_1_129' title='bbox 1335 1858 1363 1922; x_wconf 92' lang='lat' dir='ltr'>si</span> <span class='ocrx_word' id='word_1_130' title='bbox 1381 1856 1540 1921; x_wconf 90' lang='lat' dir='ltr'>Pindarus</span> <span class='ocrx_word' id='word_1_131' title='bbox 1559 1857 1595 1919; x_wconf 92' lang='lat' dir='ltr'>in</span> 
     </span>
     <span class='ocr_line' id='line_1_15' title="bbox 309 1963 1594 2048; baseline -0.003 -18"><span class='ocrx_word' id='word_1_132' title='bbox 309 1967 457 2031; x_wconf 82' lang='lat' dir='ltr'>versibus</span> <span class='ocrx_word' id='word_1_133' title='bbox 482 1988 520 2030; x_wconf 87' lang='lat' dir='ltr'>ex</span> <span class='ocrx_word' id='word_1_134' title='bbox 539 1964 664 2027; x_wconf 89' lang='lat' dir='ltr'>duabus</span> <span class='ocrx_word' id='word_1_135' title='bbox 683 1963 833 2046; x_wconf 85' lang='lat' dir='ltr'>tripudiis</span> <span class='ocrx_word' id='word_1_136' title='bbox 853 1964 1021 2048; x_wconf 85' lang='lat' dir='ltr'>dactylicis</span> <span class='ocrx_word' id='word_1_137' title='bbox 1041 1964 1277 2047; x_wconf 82' lang='lat' dir='ltr'>constantibus,</span> <span class='ocrx_word' id='word_1_138' title='bbox 1300 1964 1508 2048; x_wconf 71' lang='lat' dir='ltr'>quales‘sunt</span> <span class='ocrx_word' id='word_1_139' title='bbox 1528 1968 1594 2027; x_wconf 85' lang='lat' dir='ltr'>tres</span> 
     </span>
     <span class='ocr_line' id='line_1_16' title="bbox 310 2069 1595 2155; baseline -0.003 -18"><span class='ocrx_word' id='word_1_140' title='bbox 310 2073 344 2137; x_wconf 92' lang='lat' dir='ltr'>in</span> <span class='ocrx_word' id='word_1_141' title='bbox 373 2071 508 2155; x_wconf 87' lang='lat' dir='ltr'>stropha</span> <span class='ocrx_word' id='word_1_142' title='bbox 537 2072 616 2134; x_wconf 90' lang='lat' dir='ltr'>odae</span> <span class='ocrx_word' id='word_1_143' title='bbox 640 2070 673 2134; x_wconf 92' lang='lat' dir='ltr'>P.</span> <span class='ocrx_word' id='word_1_144' title='bbox 693 2088 755 2152; x_wconf 76' lang='grc' dir='ltr'>ΧΠ,</span> <span class='ocrx_word' id='word_1_145' title='bbox 788 2092 949 2155; x_wconf 88' lang='lat' dir='ltr'>nusquam</span> <span class='ocrx_word' id='word_1_146' title='bbox 976 2075 1052 2155; x_wconf 89' lang='lat' dir='ltr'>post</span> <span class='ocrx_word' id='word_1_147' title='bbox 1079 2069 1213 2134; x_wconf 90' lang='lat' dir='ltr'>tertium</span> <span class='ocrx_word' id='word_1_148' title='bbox 1241 2071 1354 2153; x_wconf 90' lang='lat' dir='ltr'>pedem</span> <span class='ocrx_word' id='word_1_149' title='bbox 1383 2070 1501 2153; x_wconf 89' lang='lat' dir='ltr'>prioris</span> <span class='ocrx_word' id='word_1_150' title='bbox 1530 2069 1595 2134; x_wconf 90' lang='lat' dir='ltr'>coli</span> 
     </span>
     <span class='ocr_line' id='line_1_17' title="bbox 311 2176 1437 2262; baseline -0.001 -21"><span class='ocrx_word' id='word_1_151' title='bbox 311 2178 444 2243; x_wconf 88' lang='lat' dir='ltr'>verbum</span> <span class='ocrx_word' id='word_1_152' title='bbox 469 2176 584 2259; x_wconf 86' lang='lat' dir='ltr'>finivit,</span> <span class='ocrx_word' id='word_1_153' title='bbox 608 2177 663 2240; x_wconf 88' lang='lat' dir='ltr'>scd</span> <span class='ocrx_word' id='word_1_154' title='bbox 687 2176 793 2240; x_wconf 89' lang='lat' dir='ltr'>decies</span> <span class='ocrx_word' id='word_1_155' title='bbox 817 2184 892 2261; x_wconf 89' lang='lat' dir='ltr'>post</span> <span class='ocrx_word' id='word_1_156' title='bbox 915 2176 1054 2261; x_wconf 88' lang='lat' dir='ltr'>primam</span> <span class='ocrx_word' id='word_1_157' title='bbox 1077 2176 1209 2262; x_wconf 86' lang='lat' dir='ltr'>longam</span> <span class='ocrx_word' id='word_1_158' title='bbox 1234 2176 1331 2240; x_wconf 86' lang='lat' dir='ltr'>tertii</span> <span class='ocrx_word' id='word_1_159' title='bbox 1346 2176 1437 2261; x_wconf 90' lang='lat' dir='ltr'>pedis</span> 
     </span>
    </p>
   </div>
   <div class='ocr_carea' id='block_1_3' title="bbox 309 2638 1596 3576">
    <p class='ocr_par' dir='ltr' id='par_1_6' title="bbox 309 2638 1596 3576">
     <span class='ocr_line' id='line_1_18' title="bbox 312 2638 1595 2723; baseline -0.001 -20"><span class='ocrx_word' id='word_1_160' title='bbox 312 2638 436 2703; x_wconf 82' lang='lat' dir='ltr'>Similis</span> <span class='ocrx_word' id='word_1_161' title='bbox 455 2639 540 2703; x_wconf 90' lang='lat' dir='ltr'>ratio</span> <span class='ocrx_word' id='word_1_162' title='bbox 564 2638 801 2723; x_wconf 90' lang='lat' dir='ltr'>epitriticorum</span> <span class='ocrx_word' id='word_1_163' title='bbox 828 2660 978 2702; x_wconf 86' lang='lat' dir='ltr'>versuum</span> <span class='ocrx_word' id='word_1_164' title='bbox 1001 2643 1066 2721; x_wconf 89' lang='lat' dir='ltr'>est,</span> <span class='ocrx_word' id='word_1_165' title='bbox 1095 2638 1151 2721; x_wconf 87' lang='lat' dir='ltr'>qui</span> <span class='ocrx_word' id='word_1_166' title='bbox 1174 2660 1246 2702; x_wconf 89' lang='lat' dir='ltr'>raro</span> <span class='ocrx_word' id='word_1_167' title='bbox 1271 2643 1346 2722; x_wconf 90' lang='lat' dir='ltr'>post</span> <span class='ocrx_word' id='word_1_168' title='bbox 1368 2638 1497 2702; x_wconf 85' lang='lat' dir='ltr'>finitum</span> <span class='ocrx_word' id='word_1_169' title='bbox 1521 2638 1595 2703; x_wconf 90' lang='lat' dir='ltr'>ulti-</span> 
     </span>
     <span class='ocr_line' id='line_1_19' title="bbox 310 2743 1596 2830; baseline 0 -20"><span class='ocrx_word' id='word_1_170' title='bbox 310 2769 399 2810; x_wconf 92' lang='lat' dir='ltr'>mum</span> <span class='ocrx_word' id='word_1_171' title='bbox 422 2746 536 2830; x_wconf 88' lang='lat' dir='ltr'>pedem</span> <span class='ocrx_word' id='word_1_172' title='bbox 559 2744 677 2830; x_wconf 87' lang='lat' dir='ltr'>prioris</span> <span class='ocrx_word' id='word_1_173' title='bbox 702 2744 763 2807; x_wconf 92' lang='lat' dir='ltr'>coli</span> <span class='ocrx_word' id='word_1_174' title='bbox 792 2743 982 2829; x_wconf 89' lang='lat' dir='ltr'>rhythmici,</span> <span class='ocrx_word' id='word_1_175' title='bbox 1010 2744 1211 2827; x_wconf 85' lang='lat' dir='ltr'>frequentius</span> <span class='ocrx_word' id='word_1_176' title='bbox 1238 2750 1315 2829; x_wconf 88' lang='lat' dir='ltr'>post</span> <span class='ocrx_word' id='word_1_177' title='bbox 1342 2745 1473 2810; x_wconf 86' lang='lat' dir='ltr'>tertiam</span> <span class='ocrx_word' id='word_1_178' title='bbox 1500 2745 1596 2830; x_wconf 90' lang='lat' dir='ltr'>sylla·</span> 
     </span>
     <span class='ocr_line' id='line_1_20' title="bbox 310 2850 1593 2937; baseline 0 -21"><span class='ocrx_word' id='word_1_179' title='bbox 310 2853 386 2917; x_wconf 91' lang='lat' dir='ltr'>bam</span> <span class='ocrx_word' id='word_1_180' title='bbox 410 2852 517 2917; x_wconf 91' lang='lat' dir='ltr'>ultimi</span> <span class='ocrx_word' id='word_1_181' title='bbox 542 2851 666 2936; x_wconf 90' lang='lat' dir='ltr'>epitriti</span> <span class='ocrx_word' id='word_1_182' title='bbox 689 2850 808 2935; x_wconf 90' lang='lat' dir='ltr'>prioris</span> <span class='ocrx_word' id='word_1_183' title='bbox 827 2851 891 2915; x_wconf 92' lang='lat' dir='ltr'>coli</span> <span class='ocrx_word' id='word_1_184' title='bbox 910 2856 966 2914; x_wconf 89' lang='lat' dir='ltr'>aut</span> <span class='ocrx_word' id='word_1_185' title='bbox 984 2856 1060 2936; x_wconf 87' lang='lat' dir='ltr'>post</span> <span class='ocrx_word' id='word_1_186' title='bbox 1078 2851 1216 2935; x_wconf 90' lang='lat' dir='ltr'>primam</span> <span class='ocrx_word' id='word_1_187' title='bbox 1235 2852 1369 2937; x_wconf 81' lang='lat' dir='ltr'>longam</span> <span class='ocrx_word' id='word_1_188' title='bbox 1386 2852 1484 2936; x_wconf 90' lang='lat' dir='ltr'>primi</span> <span class='ocrx_word' id='word_1_189' title='bbox 1502 2852 1593 2936; x_wconf 88' lang='lat' dir='ltr'>pedis</span> 
     </span>
     <span class='ocr_line' id='line_1_21' title="bbox 311 2957 1594 3044; baseline 0.001 -20"><span class='ocrx_word' id='word_1_190' title='bbox 311 2959 444 3024; x_wconf 87' lang='lat' dir='ltr'>alterius</span> <span class='ocrx_word' id='word_1_191' title='bbox 468 2958 530 3024; x_wconf 89' lang='lat' dir='ltr'>coli</span> <span class='ocrx_word' id='word_1_192' title='bbox 554 2958 749 3023; x_wconf 89' lang='lat' dir='ltr'>inciduntur.</span> <span class='ocrx_word' id='word_1_193' title='bbox 792 2957 925 3021; x_wconf 89' lang='lat' dir='ltr'>Talibus</span> <span class='ocrx_word' id='word_1_194' title='bbox 949 2957 1051 3044; x_wconf 82' lang='lat' dir='ltr'>igitur</span> <span class='ocrx_word' id='word_1_195' title='bbox 1073 2959 1108 3022; x_wconf 91' lang='lat' dir='ltr'>in</span> <span class='ocrx_word' id='word_1_196' title='bbox 1132 2959 1278 3023; x_wconf 90' lang='lat' dir='ltr'>versibus</span> <span class='ocrx_word' id='word_1_197' title='bbox 1303 2959 1388 3043; x_wconf 85' lang='lat' dir='ltr'>quod</span> <span class='ocrx_word' id='word_1_198' title='bbox 1412 2960 1504 3024; x_wconf 89' lang='lat' dir='ltr'>sedes</span> <span class='ocrx_word' id='word_1_199' title='bbox 1525 2982 1594 3025; x_wconf 76' lang='lat' dir='ltr'>cae</span> 
     </span>
     <span class='ocr_line' id='line_1_22' title="bbox 311 3064 1592 3152; baseline -0.002 -20"><span class='ocrx_word' id='word_1_200' title='bbox 311 3090 404 3132; x_wconf 85' lang='lat' dir='ltr'>surae</span> <span class='ocrx_word' id='word_1_201' title='bbox 429 3069 574 3149; x_wconf 88' lang='lat' dir='ltr'>fluctuat,</span> <span class='ocrx_word' id='word_1_202' title='bbox 599 3064 731 3128; x_wconf 89' lang='lat' dir='ltr'>minime</span> <span class='ocrx_word' id='word_1_203' title='bbox 755 3064 881 3128; x_wconf 89' lang='lat' dir='ltr'>crimini</span> <span class='ocrx_word' id='word_1_204' title='bbox 905 3070 1021 3148; x_wconf 88' lang='lat' dir='ltr'>poetae</span> <span class='ocrx_word' id='word_1_205' title='bbox 1044 3087 1217 3130; x_wconf 86' lang='lat' dir='ltr'>numeroso</span> <span class='ocrx_word' id='word_1_206' title='bbox 1241 3065 1324 3130; x_wconf 81' lang='lat' dir='ltr'>verti</span> <span class='ocrx_word' id='word_1_207' title='bbox 1344 3066 1447 3131; x_wconf 91' lang='lat' dir='ltr'>debet.</span> <span class='ocrx_word' id='word_1_208' title='bbox 1486 3065 1592 3152; x_wconf 78' lang='lat' dir='ltr'>Magis</span> 
     </span>
     <span class='ocr_line' id='line_1_23' title="bbox 311 3171 1593 3258; baseline -0.001 -21"><span class='ocrx_word' id='word_1_209' title='bbox 311 3175 472 3239; x_wconf 88' lang='lat' dir='ltr'>offendere</span> <span class='ocrx_word' id='word_1_210' title='bbox 495 3178 605 3258; x_wconf 88' lang='lat' dir='ltr'>potest</span> <span class='ocrx_word' id='word_1_211' title='bbox 629 3173 714 3257; x_wconf 88' lang='lat' dir='ltr'>quod</span> <span class='ocrx_word' id='word_1_212' title='bbox 733 3171 832 3237; x_wconf 88' lang='lat' dir='ltr'>ctiam</span> <span class='ocrx_word' id='word_1_213' title='bbox 850 3172 885 3236; x_wconf 91' lang='lat' dir='ltr'>in</span> <span class='ocrx_word' id='word_1_214' title='bbox 902 3173 1060 3257; x_wconf 84' lang='lat' dir='ltr'>versibus,</span> <span class='ocrx_word' id='word_1_215' title='bbox 1083 3194 1221 3256; x_wconf 90' lang='lat' dir='ltr'>quorum</span> <span class='ocrx_word' id='word_1_216' title='bbox 1241 3172 1427 3256; x_wconf 88' lang='lat' dir='ltr'>rhythmica</span> <span class='ocrx_word' id='word_1_217' title='bbox 1445 3172 1593 3237; x_wconf 86' lang='lat' dir='ltr'>decursio</span> 
     </span>
     <span class='ocr_line' id='line_1_24' title="bbox 310 3278 1593 3364; baseline 0 -21"><span class='ocrx_word' id='word_1_218' title='bbox 310 3280 510 3364; x_wconf 87' lang='lat' dir='ltr'>procatalexi</span> <span class='ocrx_word' id='word_1_219' title='bbox 541 3278 806 3363; x_wconf 88' lang='lat' dir='ltr'>interrumpitur,</span> <span class='ocrx_word' id='word_1_220' title='bbox 837 3301 904 3344; x_wconf 93' lang='lat' dir='ltr'>non</span> <span class='ocrx_word' id='word_1_221' title='bbox 936 3301 1063 3363; x_wconf 91' lang='lat' dir='ltr'>semper</span> <span class='ocrx_word' id='word_1_222' title='bbox 1094 3279 1127 3341; x_wconf 94' lang='lat' dir='ltr'>in</span> <span class='ocrx_word' id='word_1_223' title='bbox 1161 3278 1298 3343; x_wconf 85' lang='lat' dir='ltr'>catalexi</span> <span class='ocrx_word' id='word_1_224' title='bbox 1330 3279 1465 3343; x_wconf 84' lang='lat' dir='ltr'>verbum</span> <span class='ocrx_word' id='word_1_225' title='bbox 1497 3284 1593 3364; x_wconf 89' lang='lat' dir='ltr'>poeta</span> 
     </span>
     <span class='ocr_line' id='line_1_25' title="bbox 311 3385 1593 3470; baseline 0 -21"><span class='ocrx_word' id='word_1_226' title='bbox 311 3386 426 3470; x_wconf 85' lang='lat' dir='ltr'>finivit,</span> <span class='ocrx_word' id='word_1_227' title='bbox 449 3392 486 3450; x_wconf 90' lang='lat' dir='ltr'>ut</span> <span class='ocrx_word' id='word_1_228' title='bbox 509 3387 650 3470; x_wconf 90' lang='lat' dir='ltr'>primum</span> <span class='ocrx_word' id='word_1_229' title='bbox 673 3407 801 3449; x_wconf 88' lang='lat' dir='ltr'>versum</span> <span class='ocrx_word' id='word_1_230' title='bbox 822 3387 945 3469; x_wconf 89' lang='lat' dir='ltr'>primae</span> <span class='ocrx_word' id='word_1_231' title='bbox 965 3386 1044 3450; x_wconf 89' lang='lat' dir='ltr'>odae</span> <span class='ocrx_word' id='word_1_232' title='bbox 1063 3385 1251 3470; x_wconf 84' lang='lat' dir='ltr'>Olympicae</span> <span class='ocrx_word' id='word_1_233' title='bbox 1276 3385 1446 3470; x_wconf 88' lang='lat' dir='ltr'>quinquies</span> <span class='ocrx_word' id='word_1_234' title='bbox 1464 3386 1593 3469; x_wconf 91' lang='lat' dir='ltr'>quidem</span> 
     </span>
     <span class='ocr_line' id='line_1_26' title="bbox 309 3491 703 3576; baseline -0.003 -21"><span class='ocrx_word' id='word_1_235' title='bbox 309 3492 344 3555; x_wconf 91' lang='lat' dir='ltr'>in</span> <span class='ocrx_word' id='word_1_236' title='bbox 367 3492 566 3576; x_wconf 87' lang='lat' dir='ltr'>procatalexi</span> <span class='ocrx_word' id='word_1_237' title='bbox 588 3491 703 3557; x_wconf 88' lang='lat' dir='ltr'>incidit</span> 
     </span>
    </p>
   </div>
   <div class='ocr_carea' id='block_1_4' title="bbox 673 3616 1227 3681">
    <p class='ocr_par' dir='ltr' id='par_1_7' title="bbox 673 3616 1227 3681">
     <span class='ocr_line' id='line_1_27' title="bbox 673 3616 1227 3681; baseline -0.005 -14"><span class='ocrx_word' id='word_1_238' title='bbox 673 3616 1227 3681; x_wconf 64' lang='grc' dir='ltr'>υ1.’--υυ;υι..,.ἱυ-υυ[’--</span> 
     </span>
    </p>
   </div>
   <div class='ocr_carea' id='block_1_5' title="bbox 311 3722 1401 3808">
    <p class='ocr_par' dir='ltr' id='par_1_8' title="bbox 311 3722 1401 3808">
     <span class='ocr_line' id='line_1_28' title="bbox 311 3722 1401 3808; baseline -0.001 -21"><span class='ocrx_word' id='word_1_239' title='bbox 311 3723 367 3788; x_wconf 91' lang='lat' dir='ltr'>sed</span> <span class='ocrx_word' id='word_1_240' title='bbox 390 3728 441 3788; x_wconf 90' lang='lat' dir='ltr'>ter</span> <span class='ocrx_word' id='word_1_241' title='bbox 463 3729 539 3808; x_wconf 91' lang='lat' dir='ltr'>post</span> <span class='ocrx_word' id='word_1_242' title='bbox 562 3724 701 3808; x_wconf 87' lang='lat' dir='ltr'>pn&#39;mam</span> <span class='ocrx_word' id='word_1_243' title='bbox 725 3723 775 3788; x_wconf 90' lang='lat' dir='ltr'>vel</span> <span class='ocrx_word' id='word_1_244' title='bbox 799 3724 974 3788; x_wconf 86' lang='lat' dir='ltr'>secundam</span> <span class='ocrx_word' id='word_1_245' title='bbox 997 3722 1156 3807; x_wconf 88' lang='lat' dir='ltr'>syllabam</span> <span class='ocrx_word' id='word_1_246' title='bbox 1180 3722 1314 3786; x_wconf 83' lang='lat' dir='ltr'>alterius</span> <span class='ocrx_word' id='word_1_247' title='bbox 1337 3722 1401 3786; x_wconf 87' lang='lat' dir='ltr'>coli</span> 
     </span>
    </p>
   </div>
   <div class='ocr_carea' id='block_1_6' title="bbox 309 3850 1593 4933">
    <p class='ocr_par' dir='ltr' id='par_1_9' title="bbox 309 3850 1593 4933">
     <span class='ocr_line' id='line_1_29' title="bbox 666 3850 1236 3913; baseline -0.004 -14"><span class='ocrx_word' id='word_1_248' title='bbox 666 3850 1041 3913; x_wconf 35' lang='lat' dir='ltr'>camertem</span> <span class='ocrx_word' id='word_1_249' title='bbox 1077 3850 1236 3898; x_wconf 48' lang='lat' dir='ltr'>mom-</span> 
     </span>
     <span class='ocr_line' id='line_1_30' title="bbox 667 3938 1237 4019; baseline 0.002 -14"><span class='ocrx_word' id='word_1_250' title='bbox 667 3938 987 4005; x_wconf 42' lang='lat' dir='ltr'>admetiri-2</span> <span class='ocrx_word' id='word_1_251' title='bbox 1023 3958 1237 4019; x_wconf 37' lang='lat' dir='ltr'>offlam-</span> 
     </span>
     <span class='ocr_line' id='line_1_31' title="bbox 310 4061 1593 4148; baseline 0.002 -23"><span class='ocrx_word' id='word_1_252' title='bbox 310 4062 418 4145; x_wconf 87' lang='lat' dir='ltr'>Atque</span> <span class='ocrx_word' id='word_1_253' title='bbox 445 4062 480 4125; x_wconf 93' lang='lat' dir='ltr'>in</span> <span class='ocrx_word' id='word_1_254' title='bbox 507 4062 660 4127; x_wconf 89' lang='lat' dir='ltr'>carminis</span> <span class='ocrx_word' id='word_1_255' title='bbox 688 4061 728 4125; x_wconf 89' lang='lat' dir='ltr'>N.</span> <span class='ocrx_word' id='word_1_256' title='bbox 748 4079 774 4123; x_wconf 88' lang='lat'>11</span> <span class='ocrx_word' id='word_1_257' title='bbox 801 4083 896 4125; x_wconf 91' lang='lat' dir='ltr'>versu</span> <span class='ocrx_word' id='word_1_258' title='bbox 924 4067 1041 4144; x_wconf 90' lang='lat' dir='ltr'>quarto</span> <span class='ocrx_word' id='word_1_259' title='bbox 1070 4067 1138 4127; x_wconf 85' lang='lat' dir='ltr'>tam</span> <span class='ocrx_word' id='word_1_260' title='bbox 1168 4063 1320 4146; x_wconf 81' lang='lat' dir='ltr'>frequens</span> <span class='ocrx_word' id='word_1_261' title='bbox 1352 4085 1486 4128; x_wconf 88' lang='lat' dir='ltr'>caesura</span> <span class='ocrx_word' id='word_1_262' title='bbox 1518 4068 1593 4148; x_wconf 88' lang='lat' dir='ltr'>post</span> 
     </span>
     <span class='ocr_line' id='line_1_32' title="bbox 309 4168 1593 4255; baseline 0.002 -24"><span class='ocrx_word' id='word_1_263' title='bbox 309 4168 449 4249; x_wconf 87' lang='lat' dir='ltr'>primam</span> <span class='ocrx_word' id='word_1_264' title='bbox 473 4170 633 4253; x_wconf 85' lang='lat' dir='ltr'>syllabam</span> <span class='ocrx_word' id='word_1_265' title='bbox 657 4168 822 4254; x_wconf 86' lang='lat' dir='ltr'>sequentis</span> <span class='ocrx_word' id='word_1_266' title='bbox 846 4168 907 4231; x_wconf 90' lang='lat' dir='ltr'>coli</span> <span class='ocrx_word' id='word_1_267' title='bbox 937 4174 1001 4253; x_wconf 91' lang='lat' dir='ltr'>est,</span> <span class='ocrx_word' id='word_1_268' title='bbox 1032 4174 1068 4234; x_wconf 93' lang='lat' dir='ltr'>ut</span> <span class='ocrx_word' id='word_1_269' title='bbox 1096 4170 1211 4234; x_wconf 85' lang='lat' dir='ltr'>merito</span> <span class='ocrx_word' id='word_1_270' title='bbox 1239 4170 1388 4255; x_wconf 80' lang='lat' dir='ltr'>ambigas</span> <span class='ocrx_word' id='word_1_271' title='bbox 1416 4174 1526 4234; x_wconf 89' lang='lat' dir='ltr'>utrum</span> <span class='ocrx_word' id='word_1_272' title='bbox 1555 4192 1593 4235; x_wconf 85' lang='lat' dir='ltr'>ex</span> 
     </span>
     <span class='ocr_line' id='line_1_33' title="bbox 310 4273 802 4360; baseline 0.004 -24"><span class='ocrx_word' id='word_1_273' title='bbox 310 4273 475 4357; x_wconf 82' lang='lat' dir='ltr'>glyconeis</span> <span class='ocrx_word' id='word_1_274' title='bbox 497 4276 650 4360; x_wconf 90' lang='lat' dir='ltr'>periodus</span> <span class='ocrx_word' id='word_1_275' title='bbox 674 4279 802 4341; x_wconf 87' lang='lat' dir='ltr'>constet</span> 
     </span>
     <span class='ocr_line' id='line_1_34' title="bbox 546 4386 1362 4451; baseline 0.001 -2"><span class='ocrx_word' id='word_1_276' title='bbox 546 4386 553 4422; x_wconf 87' lang='grc'>·’</span> <span class='ocrx_word' id='word_1_277' title='bbox 647 4406 1362 4451; x_wconf 50' lang='lat' dir='ltr'>ooroi-.=.c-oo2om=..c-oor·.-</span> 
     </span>
     <span class='ocr_line' id='line_1_35' title="bbox 310 4505 1126 4592; baseline 0.001 -23"><span class='ocrx_word' id='word_1_278' title='bbox 310 4526 352 4568; x_wconf 85' lang='lat' dir='ltr'>an</span> <span class='ocrx_word' id='word_1_279' title='bbox 374 4506 408 4570; x_wconf 90' lang='lat' dir='ltr'>in</span> <span class='ocrx_word' id='word_1_280' title='bbox 432 4505 574 4571; x_wconf 90' lang='lat' dir='ltr'>ionicum</span> <span class='ocrx_word' id='word_1_281' title='bbox 598 4512 739 4571; x_wconf 88' lang='lat' dir='ltr'>tractum</span> <span class='ocrx_word' id='word_1_282' title='bbox 762 4506 892 4592; x_wconf 79' lang='lat' dir='ltr'>singula</span> <span class='ocrx_word' id='word_1_283' title='bbox 915 4507 988 4571; x_wconf 89' lang='lat' dir='ltr'>cola</span> <span class='ocrx_word' id='word_1_284' title='bbox 1010 4512 1126 4571; x_wconf 84' lang='lat' dir='ltr'>exeant</span> 
     </span>
     <span class='ocr_line' id='line_1_36' title="bbox 522 4634 1380 4697; baseline 0.002 -16"><span class='ocrx_word' id='word_1_285' title='bbox 522 4635 861 4697; x_wconf 52' lang='lat' dir='ltr'>wo=oo-oss-‚</span> <span class='ocrx_word' id='word_1_286' title='bbox 914 4642 1093 4682; x_wconf 68' lang='grc' dir='ltr'>ῡῑυυ-υ</span> <span class='ocrx_word' id='word_1_287' title='bbox 1122 4634 1254 4681; x_wconf 64' lang='lat'>⁶.-02</span> <span class='ocrx_word' id='word_1_288' title='bbox 1327 4675 1380 4683; x_wconf 83' lang='lat'>--</span> 
     </span>
     <span class='ocr_line' id='line_1_37' title="bbox 309 4738 1593 4826; baseline 0.002 -23"><span class='ocrx_word' id='word_1_289' title='bbox 309 4738 349 4803; x_wconf 92' lang='lat' dir='ltr'>ln</span> <span class='ocrx_word' id='word_1_290' title='bbox 381 4738 422 4802; x_wconf 93' lang='lat' dir='ltr'>iis</span> <span class='ocrx_word' id='word_1_291' title='bbox 455 4760 530 4802; x_wconf 86' lang='lat' dir='ltr'>vero</span> <span class='ocrx_word' id='word_1_292' title='bbox 563 4738 724 4822; x_wconf 82' lang='lat' dir='ltr'>versibus,</span> <span class='ocrx_word' id='word_1_293' title='bbox 761 4739 817 4822; x_wconf 92' lang='lat' dir='ltr'>qui</span> <span class='ocrx_word' id='word_1_294' title='bbox 848 4739 882 4803; x_wconf 94' lang='lat' dir='ltr'>in</span> <span class='ocrx_word' id='word_1_295' title='bbox 915 4738 1070 4804; x_wconf 90' lang='lat' dir='ltr'>creticum</span> <span class='ocrx_word' id='word_1_296' title='bbox 1101 4739 1216 4823; x_wconf 88' lang='lat' dir='ltr'>pedem</span> <span class='ocrx_word' id='word_1_297' title='bbox 1248 4745 1324 4824; x_wconf 90' lang='lat' dir='ltr'>post</span> <span class='ocrx_word' id='word_1_298' title='bbox 1360 4741 1593 4826; x_wconf 85' lang='lat' dir='ltr'>procatalexim</span> 
     </span>
     <span class='ocr_line' id='line_1_38' title="bbox 310 4845 1593 4933; baseline 0.002 -22"><span class='ocrx_word' id='word_1_299' title='bbox 310 4851 427 4911; x_wconf 84' lang='lat' dir='ltr'>exeunt</span> <span class='ocrx_word' id='word_1_300' title='bbox 450 4850 507 4909; x_wconf 90' lang='lat' dir='ltr'>aut</span> <span class='ocrx_word' id='word_1_301' title='bbox 530 4868 550 4909; x_wconf 91' lang='lat' dir='ltr'>a</span> <span class='ocrx_word' id='word_1_302' title='bbox 572 4845 712 4911; x_wconf 88' lang='lat' dir='ltr'>iambico</span> <span class='ocrx_word' id='word_1_303' title='bbox 735 4845 785 4910; x_wconf 84' lang='lat' dir='ltr'>vel</span> <span class='ocrx_word' id='word_1_304' title='bbox 809 4846 975 4911; x_wconf 90' lang='lat' dir='ltr'>trochaico</span> <span class='ocrx_word' id='word_1_305' title='bbox 998 4846 1122 4929; x_wconf 90' lang='lat' dir='ltr'>proodo</span> <span class='ocrx_word' id='word_1_306' title='bbox 1145 4852 1349 4911; x_wconf 90' lang='lat' dir='ltr'>monometro</span> <span class='ocrx_word' id='word_1_307' title='bbox 1373 4848 1593 4933; x_wconf 85' lang='lat' dir='ltr'>exordiuntur,</span> 
     </span>
    </p>
   </div>
   <div class='ocr_carea' id='block_1_7' title="bbox 0 0 1726 5550">
    <p class='ocr_par' dir='ltr' id='par_1_10' title="bbox 0 0 1726 5550">
     <span class='ocr_line' id='line_1_39' title="bbox 0 0 1726 5550; baseline 0 0"><span class='ocrx_word' id='word_1_308' title='bbox 0 0 1726 5550; x_wconf 95' lang='lat' dir='ltr'> </span> 
     </span>
    </p>
   </div>
  </div>
 </body>
</html>
