3442 5550
735 416 893 467 OLYMPIA
912 417 944 469 V.

415 681 452 758 ὃς
475 684 535 746 τάν
558 684 621 747 σάν
644 686 742 748 πόλιν
765 685 822 747 αὔ-

460 788 539 871 ξων,
563 789 756 873 Καμάρινα,
781 794 969 875 λαοτρόφον

354 912 369 959 5
415 898 548 980 βωμοὺς
571 895 603 973 ’ἐξ
627 896 790 980 διδύμους
813 897 967 981 έγέραρεν
990 896 1061 981 ἑορ-

458 1015 529 1079 ταῖς
552 1009 643 1068 θεῶν
665 1007 849 1088 μεγίσταις,
945 1082 949 1089 ⁵

414 1109 478 1173 ὑπὸ
501 1113 703 1193 βουθυσίαις
725 1108 859 1175 ἀέθλων
882 1134 915 1175 τε
938 1133 1016 1194 πεμ-

456 1215 614 1300 παμέροις
637 1216 804 1299 ἁμίλλαις,

1129 1380 1196 1445 Ἐπ.
1221 1381 1264 1445 α’.

411 1467 524 1541 ἵπποις
547 1466 696 1549 ἡμιόνοις
718 1490 753 1530 τε
775 1472 986 1553 μοναμπυκίᾳ
1010 1491 1052 1532 τε.
1285 1488 1317 1533 15

456 1571 509 1636 τὶν
532 1569 569 1636 δὲ
592 1574 693 1649 κῦδος
717 1573 822 1656 ἁβρὸν

413 1679 563 1756 νικάσαις
586 1679 742 1762 ἀνέθηκε,
766 1679 820 1744 καὶ
844 1680 883 1745 ὃν
906 1680 1016 1763 πατέρ’
1038 1679 1090 1744 ’'A-

455 1785 553 1869 κρων’
582 1786 716 1872 ἐκάρυξε
739 1784 793 1850 καὶ

456 1894 516 1956 τάν
540 1892 670 1957 νέοικον
693 1892 802 1976 ἕδραν.

1116 2060 1195 2141 Στρ.
1219 2056 1262 2138 β’,

411 2144 493 2208 ἵκων
515 2142 544 2207 δ’
574 2142 743 2227 Οἰνομάου
1283 2160 1317 2208 νο

457 2247 511 2312 καλ
535 2249 686 2325 Πέλοπος
708 2248 786 2332 παρ’
814 2249 984 2334 εὐηράτων

333 2373 365 2421 ιο
412 2362 585 2440 σταθμῶν,
610 2352 635 2420 ὦ
659 2356 815 2439 πολιάοχε
840 2355 990 2439 Παλλάς,
1014 2356 1079 2421 ἀεί·

455 2464 504 2528 δει
527 2460 588 2548 μὲν
610 2466 711 2539 άλσος
733 2463 837 2545 ἁγνὸν

267 2662 291 2711 4.
322 2661 465 2727 καμάρινα
490 2656 573 2710 Triel.
600 2660 628 2710 et
657 2656 777 2710 fortasse
806 2656 862 2710 iam
890 2656 1080 2712 Aristarchus:
1110 2656 1271 2726 καμάριναν
1297 2657 1418 2712 ABCD
1444 2690 1477 2698 -

198 2735 221 2783 5.
238 2726 369 2798 ἐγέραιρεν
385 2729 418 2783 C:
438 2728 555 2798 γε’ραρεν
570 2729 597 2782 Β
603 2730 640 2795 Ι),
656 2727 799 2798 ἐγέραιρεν
814 2728 840 2781 A
855 2760 890 2768 —
905 2736 928 2781 6.
949 2727 1140 2798 πεμπαμέροις
1153 2728 1251 2784 Triel.:
1271 2728 1478 2798 πεμπταμέροις

197 2800 326 2861 ABCD,
341 2800 532 2867 :certantque
547 2800 582 2866 Ε,
597 2797 795 2869 πεμπαμέρους
809 2798 925 2865 ἅμιλλας
940 2800 1032 2869 Bergk
1047 2805 1075 2853 et
1089 2800 1160 2869 Aug.
1175 2801 1339 2866 Mommsen,
1354 2800 1414 2854 Zeit
1428 2800 1478 2854 der

198 2871 346 2942 Olympien
365 2891 392 2941 p,
410 2888 422 2925 ιι
443 2903 474 2910 -
495 2878 590 2925 9-24.
610 2887 663 2925 om.
684 2871 711 2923 B
731 2902 763 2910 -
784 2876 807 2924 9.
830 2870 903 2939 ἥκων
923 2873 950 2926 Α
969 2903 1001 2911 -
1023 2870 1165 2939 εδηλοὶτων
1186 2872 1241 2925 OD
1258 2904 1294 2911 -
1314 2876 1354 2925 lo.
1374 2868 1476 2926 ἀείδεις

196 2940 272 3009 ἀέξει
291 2941 362 2996 coni.
383 2941 492 2996 Heeker
510 2974 542 2983 -

270 3093 294 3140 5.
314 3085 424 3157 βωμοὺς
443 3083 471 3149 ἓξ
491 3084 638 3153 διδύμους·
659 3083 758 3138 schot:
778 3083 883 3149 ἱοτορει·
895 3085 958 3149 περί
977 3093 1032 3138 τῶν
1051 3082 1080 3149 ἓξ
1099 3085 1199 3155 βωμῶν
1215 3081 1372 3150 Ἡρόδωρος
1391 3105 1477 3155 γραμ-

196 3154 326 3245 ματικός·
351 3156 443 3211 ἐλθὼν
462 3154 492 3207 δὲ
512 3154 671 3223 (Ἡρακλῆς)
692 3156 730 3218 εἰς
749 3155 800 3223 τὴν
815 3150 894 3209 Ἦλιν
912 3155 943 3208 τὸ
963 3154 993 3208 έν
1011 3152 1144 3224 Ὀλυμπία
1163 3155 1240 3221 ἱερὸν
1259 3154 1390 3222 ἱδρύσατο
1410 3156 1478 3218 Διὸς

199 3226 357 3311 Ολυμπίον,
376 3229 423 3280 καλ
441 3224 593 3296 Ὀλυμπίαν
612 3236 662 3280 τοῦ
681 3230 753 3280 θεοῦ
772 3226 919 3295 ὁμώνυμον
938 3227 990 3295 την
1008 3228 1103 3297 χώραν
1122 3210 1217 3281 έθετο·
1247 3224 1330 3280 ἔθυσε
1351 3223 1382 3280 δὲ
1401 3227 1476 3297 αὐτῷ

197 3300 301 3353 αι’ποθι
320 3301 368 3353 καὶ
387 3298 479 3360 ἄλλοις
498 3302 586 3363 θεοῖς,
606 3299 715 3369 βωμοὺς
733 3296 939 3367 (ἱδρυσάμενος)
954 3297 982 3365 ἓξ
995 3303 1032 3352 τῶ
1047 3300 1169 3369 ἀριθμῷ,
1189 3298 1342 3368 ονμβέιμων
1360 3306 1416 3352 τῶν
1436 3298 1475 3369 ιβ’

196 3374 288 3438 θεῶν,
306 3372 354 3424 καὶ
373 3380 483 3435 πρῶτον
508 3368 558 3423 τὸν
581 3378 631 3423 τοῦ
651 3369 718 3432 Διὸς
743 3378 792 3423 τοῦ
810 3367 973 3457 Ὀλυμπίου,
996 3354 1185 3442 ςδσάμβωμον
1209 3365 1321 3438 ἐποίησε
1344 3368 1394 3423 τδν
1418 3372 1476 3423 Πο-

197 3445 332 3509 σειδῶνα,
357 3442 488 3507 δεύτερον
508 3437 597 3507 Ἥρας
616 3441 664 3493 καλ
680 3439 813 3509 Ἀθηνᾶς,
838 3460 931 3507 τριτον
946 3440 1050 3511 Ἑρμοῦ
1076 3442 1124 3494 καλ
1140 3438 1319 3505 Ἀπόλλωνος,
1344 3439 1477 3507 τέταρτον

197 3510 326 3580 Χαρίτων
353 3513 401 3566 καί
429 3511 582 3579 Διονύσου,
611 3511 736 3581 πέμπτον
762 3510 914 3581 Ἀρτέμιδος
942 3514 990 3566 καλ
1013 3512 1052 3566 'At
1077 3520 1149 3580 ειοῦ,
1177 3510 1258 3567 ἕκτον
1286 3510 1398 3580 Κρόνου
1428 3514 1476 3566 καί

193 3584 278 3647 Ῥέας.
316 3584 443 3654 Αηιολλοδ.
463 3602 483 3635 ιι
506 3600 554 3637 141:
581 3581 669 3651 ἔθηκε
694 3582 855 3651 (Ἡρακλῆς)
874 3582 904 3637 δὲ
925 3585 972 3637 καί
991 3584 1040 3637 τὸν
1061 3583 1243 3653 Ολυμπιακδν
1261 3584 1371 3653 ἀγῶνα,
1390 3582 1476 3639 neeo-

200 3654 252 3720 πός
270 3675 298 3711 τε
317 3655 411 3727 βωμὸν
431 3654 562 3722 ἱδρύσατο
589 3655 637 3708 καὶ
661 3658 738 3709 θεῶν
764 3655 874 3708 δώδεκα
901 3656 1009 3727 βωμοὺς
1033 3654 1061 3721 ἓξ
1086 3652 1222 3725 ἐδείματο.
1250 3655 1284 3708 ιλ.
1307 3655 1335 3707 u.
1355 3654 1476 3723 curtino,

200 3727 296 3781 ,tuere
320 3743 373 3780 von
398 3725 945 3796 Olympio,Abhdl.rl.t3erl.Ak.1881
970 3759 1005 3765 —-
1028 3734 1100 3795 tuq.
1125 3726 1233 3793 ἑορταῖς
1255 3730 1344 3781 θεῶν·
1370 3725 1475 3795 duplici

200 3798 283 3853 modo
301 3797 357 3851 diis
375 3798 495 3852 honores
514 3796 572 3851 fieri
593 3798 744 3867 putabant,
771 3800 800 3850 et
825 3797 926 3851 hostiis
955 3797 1113 3851 mactandis
1138 3801 1168 3851 et
1193 3796 1392 3851 certaminibus
1411 3798 1474 3851 obe-

201 3870 294 3937 undis;
326 3870 360 3924 ef.
380 3868 452 3922 Prol.
473 3887 535 3921 ιιιιν
563 3900 596 3909 -
625 3874 649 3922 6.
677 3868 869 3938 πεμπαμέροις
896 3865 1034 3937 ἁμίλλαις·
1066 3868 1164 3924 sehet:
1194 3868 1290 3936 ἐπειδὴ
1320 3868 1363 3921 eu
1393 3868 1474 3923 πέντε

202 3940 303 4010 ἡμέρας
328 3940 410 4011 ἤγετο
437 3939 509 3995 αὐτὰ
534 3939 569 3993 τὰ
595 3936 774 4010 ἀγωνίσματα
800 3941 858 3993 ἀπὸ
882 3939 1032 4008 ἑνδεκάτης
1055 3939 1134 4010 μέχρι
1162 3938 1374 4007 ἑκκαιδεκάτης,
1402 3940 1476 3994 uude

199 4010 401 4082 πεμπαμέροις,
431 4029 486 4066 non
511 4010 730 4081 reputantque,
758 4011 833 4079 quod
862 4029 925 4065 enm
948 4011 1047 4081 optimi
1074 4010 1184 4066 codices
1211 4011 1379 4082 praebeant,
1406 4011 1475 4065 Her-

200 4101 318 4137 mannus
348 4101 442 4153 opusc.
462 4102 490 4136 vr
510 4100 533 4136 ιι
554 4082 624 4137 tueri
657 4082 826 4151 conabatur,
855 4086 963 4137 veteres
992 4081 1192 4154 grarnnratieos
1220 4081 1322 4151 legisse
1349 4085 1474 4169 ιιμμιιιολ.

200 4154 303 4209 Verum
322 4153 438 4223 negotiu
456 4155 600 4209 facessunt
619 4153 766 4222 sequentia
792 4153 878 4209 verba
904 4153 1000 4217 Ιἵπποις
1024 4152 1151 4224 ἡμιόνοις
1176 4173 1204 4207 τε
1231 4173 1412 4233 μοναμπυκιμ
1438 4173 1475 4220 τε,

199 4226 331 4295 quonium
358 4244 412 4279 nno
439 4225 497 4293 die,
523 4227 623 4294 quarto
644 4226 686 4279 vel
707 4224 819 4293 quinto,
839 4225 917 4293 equis
937 4226 1089 4295 mutisque,
1115 4244 1171 4279 uon
1197 4224 1326 4279 omnibus
1351 4241 1475 4293 qumque

200 4296 299 4353 diebus
318 4300 456 4352 certatum
474 4314 535 4351 esse
553 4314 687 4366 perquam
709 4296 859 4351 verisimile
879 4301 934 4365 eut;
947 4298 1004 4352 ‘sed
1018 4298 1087 4351 haee
1102 4296 1283 4367 neglegentia
1297 4299 1397 4365 poetae
1413 4295 1474 4349 imi·

201 4369 288 4424 tutori
312 4368 407 4423 neseio
427 4387 462 4423 en
481 4368 665 4423 condonanda
693 4368 731 4422 sit
756 4401 787 4408 -
813 4373 836 4422 7.
861 4366 957 4431 ίπποις
977 4367 1102 4438 ἡμιόνοις
1120 4387 1148 4421 τε
1168 4365 1349 4442 μοναμπυκίᾳ
1368 4386 1396 4421 τε
1416 4367 1474 4422 dat.

199 4440 334 4521 instrunt,
354 4458 409 4522 quo
429 4440 530 4509 quibus
550 4440 632 4524 τοίνυν
652 4439 807 4529 ‹tertuurine
825 4440 894 4493 fient
912 4439 1116 4510 explicetur-
1132 4437 1313 4509 μονάμπυκες
1331 4440 1397 4520 sunt
1410 4438 1475 4519 equi

198 4509 1474 4658 enuuuestesenneteu,nurture

198 4654 260 4709 rina
279 4655 345 4708 urbs
365 4654 476 4721 dieitur,
496 4653 544 4721 qui
566 4671 600 4724 pe
619 4672 708 4724 nuper
727 4653 769 4708 el.
784 4671 843 4722 ιο,ι
860 4653 999 4718 restitute,
1018 4657 1050 4707 ut
1067 4653 1097 4707 iu
1116 4672 1174 4724 urg.
1191 4653 1222 4708 0.
1237 4673 1265 4707 ιν
1279 4651 1402 4722 exposui.

274 4733 314 4780 10.
334 4724 459 4788 Παλλάς·
479 4674 578 4780 εολιοΚι
598 4723 802 4796 Καμαριναίων
816 4724 884 4787 θεὸς
897 4725 915 4793 ἡ
928 4724 1032 4795 Ἀθηνᾶ
1046 4727 1094 4779 καί
1108 4727 1157 4779 διὰ
1171 4727 1299 4791 πλείστης
1313 4730 1391 4811 τιμῆς
1404 4722 1474 4789 παρ’

199 4799 294 4861 αὐτοῖς
317 4794 387 4851 οὖσα
411 4794 529 4866 ἡθεός.
558 4798 606 4850 καλ
627 4795 776 4864 Ἀθήναιον
800 4792 935 4865 ἐπίσημον
959 4796 989 4851 έν
1011 4802 1173 4867 Καμαρίνῃ·
1203 4796 1289 4866 τούτῳ
1318 4797 1348 4849 δε
1378 4794 1472 4848 εἰώθει

200 4870 321 4939 ὁκωμος
341 4869 462 4939 ἄγεσθαι
482 4868 526 4923 ἐπὶ
541 4877 574 4939 τη
595 4870 658 4940 νίκη
678 4869 723 4922 καί
745 4866 829 4937 ὕμνος
848 4865 979 4943 ᾅδεσθαι.
1008 4867 1119 4924 Cultum
1135 4866 1218 4922 huius
1232 4867 1302 4921 deae
1317 4884 1335 4922 a
1348 4864 1476 4921 Minerva
