3442 5550
335 416 396 470 LlV
836 419 1113 471 I‘ROLEGOMENA.

336 602 430 665 pares
455 581 535 667 sint,
564 586 621 645 aut
643 581 704 646 sub
728 582 825 645 finem
849 585 977 645 tantum
1001 581 1174 665 rhythmus
1198 580 1365 664 paululum
1390 580 1511 665 partim
1535 603 1626 646 acce·

336 688 469 771 leretur,
497 693 534 752 ut
560 688 595 752 in
619 689 753 773 stropha
776 688 872 773 primi
897 687 1048 753 carminis
1073 687 1140 752 0.1
1164 687 1288 752 factum
1311 687 1472 772 videmus,
1499 689 1624 773 partim

337 795 531 879 retardetur,
555 800 592 861 ut
614 796 650 860 in
672 795 989 881 dactylo-epitriticis
1014 795 1157 880 strophis
1181 817 1242 859 usu
1261 794 1369 859 venire
1389 795 1480 860 solet.
1517 795 1624 861 Tertii

338 924 414 967 vero
442 903 594 967 carminis
622 901 784 987 Olympici
813 901 949 986 stropha
975 901 1023 965 ita
1050 901 1232 985 composita
1259 905 1322 985 est,
1350 907 1387 966 ut
1415 924 1527 967 omnes
1551 904 1623 969 eius

340 1031 453 1074 versus
481 1012 610 1092 praeter
637 1030 737 1073 unum
767 1008 918 1073 ultimum
947 1008 1162 1074 continuitate
1187 1030 1395 1074 numerorum
1419 1009 1625 1097 cohaereant,

338 1116 473 1181 ultimus
493 1120 603 1180 autem
623 1117 761 1201 speciem
781 1116 876 1201 epodi
894 1116 1026 1198 habeat,
1045 1137 1109 1199 quo
1127 1115 1253 1181 numeri
1269 1117 1435 1202 strophae,
1454 1121 1623 1202 tamquam

338 1245 377 1288 ea
400 1246 439 1287 cx
462 1222 587 1287 duabus
606 1223 754 1307 partibus
774 1223 814 1287 ad
833 1223 938 1287 instar
957 1221 1165 1305 epodicorum
1185 1223 1364 1288 carminum
1384 1228 1526 1307 constet,
1549 1246 1623 1290 con·

339 1330 511 1395 eludantur
534 1335 631 1414 atque
653 1330 873 1395 inflectantur.

430 1438 518 1514 (luae
551 1460 624 1502 cum
657 1437 705 1501 ita
737 1460 771 1501 se
802 1436 959 1522 habeant,
990 1437 1134 1521 impense
1167 1459 1298 1521 operam
1327 1437 1413 1522 dedi,
1444 1443 1482 1502 nt
1510 1461 1624 1505 omnes

340 1568 452 1611 versus
481 1545 635 1631 strophae
663 1545 703 1609 ad
732 1544 963 1629 aequalitatem
991 1544 1136 1629 rhythmi
1159 1566 1352 1610 revocarem.
1398 1544 1512 1628 Neque
1536 1548 1625 1629 quod

340 1653 452 1738 paucis
479 1654 515 1718 in
543 1651 754 1735 carminibus,
781 1651 871 1716 velut
894 1650 930 1715 Ο.
949 1668 973 1714 x
996 1656 1029 1716 et
1052 1651 1093 1716 N.
1112 1669 1162 1733 VI,
1189 1651 1283 1716 nobis
1310 1673 1376 1716 non
1405 1653 1557 1739 contigit,
1585 1658 1624 1718 ut

341 1760 550 1826 difficultates
584 1782 693 1824 omnes
728 1781 967 1844 superaremus,
1002 1759 1074 1823 ideo
1112 1758 1211 1822 etiam
1242 1759 1277 1822 in
1309 1758 1382 1823 aliis
1415 1760 1624 1847 carminibus,

341 1868 430 1932 velut
445 1866 480 1931 Ο.
492 1884 525 1931 11.
545 1865 579 1930 P.
591 1886 620 1930 1.
631 1884 701 1929 vnr.
722 1866 762 1930 N.
774 1884 808 1931 11.
819 1884 864 1948 ru,
883 1867 921 1931 de
939 1865 1082 1930 numeris
1102 1865 1204 1929 totius
1222 1866 1377 1951 strophae
1393 1867 1623 1933 concinnandis

340 1974 436 2038 nobis
456 1973 690 2058 desperandum
708 1972 779 2037 fuit.
817 1972 971 2057 Inprimis
991 1977 1101 2037 autern
1119 1972 1153 2036 in
1167 1971 1228 2037 hac
1243 1995 1370 2057 quoque
1384 1978 1477 2058 parte
1490 1980 1624 2041 nostrae

341 2080 527 2166 provinciae
560 2079 767 2145 catalectieac
800 2079 959 2165 tripediae
989 2079 1158 2163 scrupulos
1187 2079 1294 2143 animo
1322 2080 1509 2145 iniecerunt.
1562 2081 1625 2148 Sed

341 2211 415 2253 curn
442 2187 509 2250 iarn
535 2187 569 2251 111
593 2188 739 2252 versibus
763 2187 942 2251 dividendis
967 2209 1078 2251 omncs
1102 2187 1259 2270 tripodias
1283 2187 1442 2253 machinis
1465 2188 1625 2275 rhythmi·

345 2294 391 2359 cis
419 2316 585 2359 removere
616 2295 710 2359 veriti
740 2316 864 2375 sumus,
893 2293 998 2380 magis
1027 2294 1125 2357 etiam
1147 2293 1182 2356 in
1205 2293 1349 2378 strophis
1372 2317 1485 2361 versus
1508 2319 1547 2362 ex
1571 2298 1626 2361 tri·

343 2402 449 2485 pudiis
474 2406 661 2466 constantes
684 2401 776 2466 iuxta
798 2424 911 2466 versus
935 2424 973 2465 ex
997 2400 1136 2486 dipodiis
1161 2400 1359 2484 compositos
1383 2402 1531 2467 ferendos
1555 2426 1626 2469 esse

342 2508 506 2592 duximus,
538 2508 627 2572 velut
658 2507 694 2571 Ο.
718 2528 730 2571 1
758 2532 806 2593 ep.
832 2510 860 2573 1.
885 2510 915 2572 ἵ).
939 2511 968 2572 6.
1007 2525 1031 2570 11
1060 2530 1108 2592 ep.
1138 2509 1166 2572 2.
1209 2505 1243 2571 Ρ.
1262 2525 1286 2570 11
1315 2530 1363 2592 cp.
1388 2511 1417 2574 2.
1441 2512 1470 2575 3.
1513 2509 1554 2575 N.
1575 2528 1623 2575 v11

343 2637 392 2700 ep.
412 2617 441 2679 3.
461 2616 491 2680 4.
515 2614 669 2679 111115.
696 2614 735 2678 fr.
756 2617 806 2679 75.

432 2722 486 2788 Dc
510 2722 653 2807 pausis.
690 2720 868 2786 Pausarum
891 2722 926 2785 in
950 2744 1102 2786 versuum
1125 2721 1333 2807 colorumque
1352 2722 1561 2808 discriptione
1580 2724 1627 2789 ita

342 2829 504 2894 rationem
527 2814 716 2913 habuimus,
738 2833 776 2893 ut
798 2828 933 2913 pusillas
957 2829 1086 2911 quidem
1110 2851 1227 2913 pausas
1250 2828 1286 2892 in
1308 2829 1456 2894 confiniis
1481 2831 1625 2895 omnium

343 2938 490 3002 colorum
518 2934 747 3000 intericiendas
776 2956 846 3000 esse
874 2939 1076 3019 putaremus,
1103 2934 1199 3000 iustis
1227 2940 1336 3000 autem
1364 2936 1474 3020 pausis
1502 2937 1565 3002 nisi
1591 2938 1627 3003 in

343 3045 463 3110 finibus
495 3066 647 3109 versuum
678 3044 785 3109 locum
812 3064 879 3108 non
906 3042 1162 3107 concederemus.
1214 3041 1277 3108 Sed
1304 3043 1372 3128 hic,
1402 3044 1459 3108 ubi
1488 3046 1526 3110 de
1554 3049 1627 3110 totu

343 3151 480 3237 stropha
510 3151 708 3216 dimetienda
731 3151 853 3237 agitur,
880 3150 919 3215 de
946 3172 1120 3235 pausarum
1144 3171 1272 3235 quoque
1295 3150 1476 3216 intervallis
1500 3174 1552 3216 me
1576 3175 1628 3219 ac·

344 3260 488 3324 curatius
522 3259 764 3342 disputaturum
797 3280 868 3323 esse
900 3257 1016 3322 merito
1048 3261 1224 3341 exspectes.
1270 3256 1419 3341 Namque
1453 3258 1481 3322 si
1513 3280 1627 3323 omnes

343 3386 456 3428 versus
485 3363 627 3428 eiusdem
656 3363 809 3447 strophae
838 3363 887 3427 ita
913 3363 1084 3428 cohaerere
1113 3363 1302 3448 statuimus,
1328 3369 1366 3429 ut
1395 3387 1495 3429 unum
1523 3387 1562 3429 ex
1584 3364 1627 3429 iis

345 3492 463 3554 corpus
491 3469 664 3553 efficiatur,
691 3470 819 3554 pausis,
847 3470 964 3554 quibus
986 3469 1090 3533 latera
1112 3475 1282 3536 cantorum
1305 3472 1339 3535 in
1362 3471 1461 3557 longo
1485 3472 1628 3538 carmine

345 3577 510 3642 recitando
532 3575 728 3662 reficiantur,
750 3577 841 3642 loeus
861 3576 1079 3662 adsignandus
1103 3582 1136 3640 et
1157 3578 1237 3642 certi
1256 3578 1337 3641 fincs
1357 3578 1521 3642 statuendi
1541 3584 1628 3645 sunt.

344 3685 458 3769 Neque
473 3683 670 3749 testimoniis
685 3688 830 3749 veterum
845 3684 1043 3749 musicorum
1057 3683 1152 3767 plane
1167 3683 1317 3748 destituti
1331 3706 1451 3749 sumus,
1477 3682 1630 3769 Namque

344 3799 377 3858 et
406 3792 582 3857 scholiasta
609 3790 759 3876 Dionysii
787 3791 921 3857 Thracis
931 3789 957 3879 ¹)
989 3812 1141 3857 numeros
1173 3811 1285 3855 versus
1318 3791 1425 3857 verbis
1457 3814 1629 3876 expressos

345 3899 449 3963 modis
477 3899 566 3983 lyrae
594 3898 790 3963 succinentis
819 3899 1016 3983 supplendos
1044 3920 1114 3965 esse
1138 3897 1284 3963 disertim
1308 3905 1420 3964 monet
1442 3905 1476 3965 et
1497 3899 1631 3985 Anony-

345 4029 417 4071 mus
437 4007 475 4070 de
495 4028 574 4070 mus.
597 4003 674 4091 83²)
698 4011 837 4090 quotuor
859 4012 955 4071 notas
978 4012 1162 4091 temporum
1181 4005 1327 4069 inanium
1346 4007 1496 4093 usurpari
1514 4008 1630 4072 tradit:

773 4115 867 4190 κενὸς
891 4117 1017 4197 βραχὺς
1039 4132 1060 4182 Λ

772 4222 867 4297 κενὸς
889 4222 1014 4304 μακρὸς
1042 4240 1063 4290 Λ

772 4329 866 4403 κενὸς
888 4353 920 4412 μ.
944 4332 1102 4411 τρίσημος
1127 4328 1150 4395 λ

772 4436 919 4518 κενὸςμ.
943 4435 1193 4519 τετράσημοςΛ
1169 4432 1192 4449 “

437 4598 463 4653 1)
482 4590 570 4646 Bclrk.
585 4591 682 4645 anecd.
693 4610 720 4660 p.
732 4596 795 4646 751:
815 4591 878 4645 τινὰ
899 4591 1095 4659 1111111111αού
1090 4590 1202 4661 μόνον
1222 4590 1360 4662 ἐμμέτρως
1379 4612 1541 4662 ysypcrnrar,
1560 4592 1630 4646 aare

347 4664 394 4717 ael
419 4661 488 4733 μετὰ
511 4662 620 4731 μέλους·
645 4662 691 4717 διὸ
714 4661 776 4717 οὐδ’
794 4662 808 4717 ὁ
833 4661 924 4733 στίχος
946 4663 1073 4717 retreat
1074 4685 1090 4717 ν
1108 4671 1141 4733 111
1161 4664 1300 4733 cacozelon
1318 4663 1434 4728 τέλειος,
1458 4663 1528 4717 ἀλλὰ
1546 4662 1627 4735 μέχρι

346 4744 396 4789 τοῦ
415 4734 609 4858 ἀπηχήῖατος
615 4742 664 4803 τῆς
683 4735 768 4801 λύρας
786 4731 844 4800 ccl(
829 4736 937 4805 ζὴνειτ
904 4733 1059 4805 thapsia,
1083 4736 1120 4798 ὡς
1143 4733 1256 4809 ὁρᾷς
1228 4756 1262 4788 τα
1286 4746 1335 4790 του
1360 4734 1506 4801 llrrdcicov
1530 4751 1626 4804 1111111-

347 4803 755 4947 κομμεέῗῖνθᾶἱῖᾜενῧίθ
733 4878 843 4947 lragm.
865 4877 913 4932 der
931 4876 1035 4948 griech
1055 4876 1187 4945 Rhythm
1207 4896 1234 4947 p.
1251 4884 1292 4933 69.
