3442 5550
310 405 387 461 XXX
815 404 1094 456 PROLEGOMENA.

311 571 442 635 mendas
466 569 655 656 significavi.
698 566 857 632 Minuitur
882 565 945 631 hoc
969 566 1065 630 modo
1088 564 1262 629 discrimen
1284 563 1371 627 inter
1394 562 1594 627 comicorum

311 682 344 742 et
374 678 575 763 tragicorum
610 675 849 760 lyricorumque
881 673 1057 738 versiculos
1086 671 1269 736 trochaicos
1298 676 1437 755 quatuor
1466 668 1597 754 pedum,

313 805 394 868 quos
419 806 492 847 cum
516 805 602 847 nunc
624 782 780 846 dimetros
802 803 889 845 nunc
913 779 1102 864 octopodias
1127 784 1329 863 nuncupant,
1355 778 1444 842 iusto
1472 776 1596 841 maiore

312 891 484 956 intervallo
509 890 679 973 divellunt,
707 895 740 954 et
765 889 943 953 faciliorem
968 887 1164 972 explicatum
1187 885 1386 950 nanciscitur
1409 883 1596 949 coniunctio

313 1020 466 1064 versuum
498 998 760 1084 logaoedicorum
789 1001 822 1061 et
849 995 1089 1061 trochaicorum
1116 992 1393 1076 iambicorumque
1421 991 1456 1055 in
1483 990 1598 1056 carmi-

317 1106 413 1171 nibus
436 1110 608 1191 poetarum
631 1104 833 1170 scenicorum
856 1102 1129 1186 frequentissima.

403 1212 473 1278 lam
492 1212 548 1297 qui
567 1233 605 1276 ex
625 1233 681 1276 sex
698 1211 886 1296 pluribusve
905 1210 1041 1294 pedibus
1061 1213 1213 1272 constant
1231 1229 1358 1292 versus,
1376 1227 1432 1271 eos
1455 1210 1488 1270 et
1506 1205 1596 1290 ipsos

314 1318 351 1382 in
374 1318 520 1403 dipodius
543 1318 728 1403 plerosque,
750 1339 817 1382 non
839 1316 874 1380 in
898 1316 1061 1401 simplices
1084 1316 1181 1401 pedes
1201 1314 1389 1380 dividendos
1408 1334 1479 1378 esse
1497 1316 1599 1396 patet,

316 1423 820 1508 membwah

974 1564 1169 1598 --.av-tt

316 1746 492 1833 Plerosque
512 1747 592 1830 dixi,
611 1745 870 1830 quandoquidem
889 1749 968 1810 sunt
987 1745 1113 1828 aliquot
1131 1766 1243 1809 versus
1258 1743 1447 1827 aequalibus
1462 1743 1599 1829 pedibus

318 1861 387 1920 tam
418 1853 607 1941 procliviter
639 1853 860 1938 decurrentes,
892 1857 929 1917 ut
961 1857 1050 1917 certa
1081 1851 1203 1916 indicia
1233 1852 1393 1916 binorum·
1416 1850 1600 1937 pluriumve

317 1962 435 2048 pedum
467 1962 503 2025 in
535 1960 724 2026 societatem
757 1961 848 2045 pedis
876 1959 1049 2045 compositi
1077 1958 1452 2043 comprehendendorum
1478 1957 1602 2022 frustra

321 2090 466 2152 quaeras.
513 2066 601 2131 Talis
625 2072 675 2132 est
696 2066 820 2152 primus
844 2088 957 2131 versus
980 2065 1133 2130 carminis
1157 2064 1192 2129 P.
1211 2084 1237 2129 11

704 2207 1224 2257 wuwu-u-u-ku!,

320 2299 375 2383 qui
402 2304 513 2364 utrum
540 2297 575 2362 in
605 2296 752 2383 dipodius
781 2297 866 2362 solas
892 2321 934 2361 an
956 2298 991 2362 in
1014 2298 1178 2382 dipodiam
1203 2304 1235 2362 et
1259 2299 1430 2383 tripodium
1457 2301 1491 2363 et
1514 2298 1603 2384 dipo-

319 2406 406 2470 diam
430 2406 653 2471 catalecticam
676 2404 866 2471 dividendus
890 2406 934 2470 sit
958 2405 1019 2470 viri
1043 2405 1131 2470 docti
1155 2405 1314 2470 dubitant.

409 2512 471 2589 Qui
490 2518 598 2578 autem
618 2517 692 2577 octo
711 2511 894 2597 pluriumve
912 2513 1031 2598 pedum
1051 2517 1127 2577 sunt
1146 2535 1259 2577 versus
1277 2535 1344 2577 non
1363 2514 1486 2580 directa
1501 2514 1555 2579 via
1568 2513 1604 2577 in

321 2621 482 2707 dipodius,
510 2622 566 2686 sed
592 2621 733 2706 primum
761 2619 796 2683 in
825 2620 895 2684 cola
923 2625 956 2683 et
982 2618 1096 2684 deinde
1118 2619 1154 2683 in
1176 2620 1274 2704 pedes
1298 2620 1498 2704 compositos
1522 2620 1604 2684 divi-

321 2728 416 2793 dendi
436 2750 505 2793 esse
523 2728 687 2814 videntur3
706 2727 762 2791 sed
777 2726 815 2790 de
834 2726 887 2791 his
905 2726 991 2791 infra
1010 2728 1038 2792 si
1054 2727 1093 2791 ad
1109 2727 1180 2792 cola
1194 2749 1346 2792 versuum
1360 2727 1603 2812 pervenerimus

323 2834 571 2919 disputabimus.

683 2978 728 3042 De
752 2994 903 3042 versuum
925 2977 960 3042 in
983 2976 1054 3042 cola
1077 2975 1246 3044 divisione.

411 3121 464 3187 De
483 3122 675 3187 varietate
694 3143 872 3186 versuum
886 3120 1188 3186 Pindaricorum.
1222 3121 1252 3184 A
1267 3121 1431 3186 veteribus
1447 3143 1605 3208 gramma·

323 3228 397 3293 ticis
420 3228 562 3292 carmina
580 3227 682 3311 lyrica
701 3227 811 3292 omnia
828 3227 864 3291 in
882 3228 954 3292 cola
972 3228 1076 3294 divisa
1095 3251 1164 3292 esse
1183 3233 1293 3293 textus
1312 3228 1444 3294 Pindari
1463 3229 1605 3295 scenico-

322 3355 458 3419 rumque
484 3338 654 3418 poetarum
677 3333 712 3397 in
736 3333 901 3398 codicibus
924 3335 1064 3399 traditus
1089 3339 1122 3398 et
1140 3334 1266 3400 scholia
1283 3337 1419 3401 metrica
1436 3334 1606 3401 Heliodori

322 3440 523 3524 aliorumque
539 3439 826 3526 grammaticorum
842 3442 967 3507 affatim
982 3445 1154 3507 testantur.
1182 3440 1261 3507 Inde
1276 3444 1399 3509 factum
1414 3449 1478 3529 est,
1492 3448 1529 3507 ut
1543 3465 1607 3507 me·

323 3547 429 3613 moria
447 3570 598 3613 versuum
622 3552 655 3611 et
672 3547 881 3633 periodorum
899 3572 1000 3635 paene
1022 3572 1156 3633 prorsus
1176 3549 1420 3615 oblitteraretur
1438 3555 1471 3613 et
1490 3550 1606 3613 carmi-

322 3678 402 3720 num
416 3677 499 3739 quae
514 3660 706 3721 canerentur
719 3678 784 3721 non
800 3679 922 3743 versus,
938 3657 993 3721 sed
1008 3656 1079 3722 cola
1094 3657 1164 3722 sola
1177 3655 1278 3720 fuisse
1292 3656 1487 3721 viderentur.
1514 3656 1606 3720 Adeo

323 3764 409 3828 enim
430 3762 660 3848 grammaticos
680 3763 897 3848 metricosque
913 3769 1036 3830 veteres
1049 3764 1136 3851 fugit
1151 3762 1222 3829 cola
1236 3768 1345 3848 partes
1360 3786 1512 3829 versuum
1526 3785 1608 3849 esse,

323 3875 361 3933 ut
381 3870 533 3953 strophas
553 3869 676 3934 directa
689 3869 743 3933 via
755 3869 790 3934 in
805 3870 876 3935 cola
889 3870 1084 3956 dividerent,
1100 3893 1205 3956 neque
1220 3870 1395 3957 quidquam
1410 3872 1558 3956 equidem
1572 3871 1608 3936 in

324 3976 468 4042 metricis
486 3976 619 4041 scholiis
633 3999 684 4042 me
698 3977 805 4063 legere
820 3978 952 4042 memini
968 3979 1006 4042 de
1021 3978 1101 4044 colis
1115 3979 1263 4064 pluribus
1278 3979 1313 4044 in
1328 4003 1425 4045 unam
1438 3980 1607 4065 periodum

326 4083 642 4166 comprehendendis.
676 4083 790 4170 Neque
809 4085 889 4151 haec
909 4085 1019 4170 opinio
1039 4086 1183 4151 solorum
1204 4088 1462 4174 magistellorum
1478 4087 1607 4151 infimae

326 4191 443 4256 aetatis
462 4191 695 4277 hominumque
709 4190 964 4277 Byzantinorum
978 4192 1051 4276 fuit,
1070 4195 1237 4259 sedetiam
1253 4218 1374 4281 eorum,
1393 4192 1448 4278 qui
1462 4201 1609 4259 veterum

327 4299 615 4384 grammaticorum
632 4297 925 4364 Alexandrinorum
946 4300 1233 4387 Romanorumque
1257 4301 1461 4387 disciplinam
1479 4302 1609 4387 profite-

327 4407 453 4471 bantur.
487 4406 575 4470 Nata
595 4410 703 4470 autem
722 4406 787 4469 ista
805 4406 889 4471 ratio
908 4406 948 4470 iis
968 4407 1170 4490 temporibus
1190 4430 1260 4473 esse
1280 4409 1419 4492 videtur,
1438 4409 1557 4492 quibus
1576 4412 1610 4473 et

326 4519 442 4600 poetae
467 4519 499 4578 et
524 4518 672 4578 cantores
696 4513 737 4577 ab
757 4513 892 4597 antiqua
910 4512 1113 4579 sublimitate
1132 4519 1165 4578 et
1184 4515 1346 4599 gravitate
1365 4515 1445 4580 artis
1465 4516 1610 4581 musicae

328 4625 498 4705 tantopere
531 4619 748 4704 desciverant,
777 4625 814 4684 ut
841 4620 877 4683 in
905 4619 1059 4685 mollibus
1089 4621 1155 4686 suis
1182 4620 1411 4687 tintinnabulis
1440 4623 1512 4688 cola
1540 4624 1610 4688 sola

328 4732 528 4812 spectarent,
563 4727 770 4811 periodorum
807 4727 950 4792 ambitus
986 4732 1020 4792 et
1057 4728 1222 4793 anfractus
1258 4728 1353 4812 plane
1390 4731 1610 4817 neglegerent.

328 4833 418 4901 Haec
437 4839 508 4900 erat
526 4834 606 4898 artis
625 4833 743 4898 umbra
762 4832 956 4899 Senecamm
976 4832 1187 4921 Synesiorum
1205 4836 1518 4904 Anacreonticorum
1536 4859 1611 4922 poe
