3442 5550
592 457 741 508 murrum
760 457 826 507 vui
845 455 928 525 [vui.

206 622 375 683 Μοισαῖον
399 620 485 704 ἅρμα
510 617 692 695 Νικοκλέος
743 685 747 692 ,

206 735 318 810 μνᾶμα
340 726 515 811 πυγμάχου
538 728 673 810 κελαδῆ-

255 846 319 895 σαι.
352 830 521 915 γεραίρετέ
540 856 611 914 νιν,
635 831 671 908 ὃς
684 829 840 915 Ἴσθμιον
864 830 905 897 άν
928 832 1033 909 νάπος

126 948 182 1012 (col
205 941 351 1022 Δωρίων
374 942 489 1022 ἔλαχεν
513 943 597 1004 σελί-

251 1067 334 1111 νων·
360 1044 428 1111 ἐπεὶ
450 1049 659 1134 περικτίονας

136 1169 169 1217 65
207 1152 335 1219 ἐνίκασε
359 1154 401 1236 δή
424 1176 502 1219 ποτε
524 1151 579 1217 καὶ

252 1273 361 1338 κεῖνος
383 1263 509 1346 ἄνδρας
531 1260 682 1348 άφύκ-τῳ
706 1259 776 1345 χερὶ
799 1262 954 1327 κλονέων.

251 1370 310 1433 τὸν
332 1365 392 1452 μὲν
415 1369 455 1434 οὐ
479 1367 677 1453 κατελέγ-χει
700 1378 815 1453 κριτοῦ
840 1370 934 1452 γενεὰ

251 1476 515 1560 πατραδελφεοῦ·
539 1475 663 1541 ἁλίκων
686 1516 699 1524 -
723 1485 768 1563 τῳ
792 1500 842 1552 τις
864 1475 969 1560 ἁβρὸν

207 1581 292 1667 ἀμφὶ
315 1586 519 1668 παγκρατίου
543 1583 739 1670 Κλεάνδρῳ
761 1582 904 1648 πλεκέτω

207 1693 371 1775 μυρσίνας
393 1689 572 1774 στέφανον·
598 1689 669 1755 ἐπεί
688 1714 744 1754 νιν

246 1796 432 1862 Ἀλκαθόου
455 1796 482 1861 τ’
508 1796 599 1881 άγὼν
622 1838 636 1846 -
660 1799 723 1862 σὺν
746 1798 827 1884 τύχᾳ

128 1916 184 1979 (75)
209 1904 245 1969 ἐν
262 1903 450 1992 Ἐπιδαύρῳ
474 1929 508 1970 τε
530 1902 611 1988 πρὶν
634 1901 761 1969 ἔδεκ-το
788 1907 915 1981 νεότας·

208 2013 267 2076 τὸν
290 2013 396 2077 αἰνεῖν
420 2011 536 2098 ἀγαθῷ
561 2010 707 2095 παρέχει·

137 2135 169 2183 ιο
206 2119 292 2202 ἥβαν
316 2119 377 2203 γὰρ
402 2117 463 2182 οὐκ
486 2119 639 2202 άπει-ρον
662 2117 727 2183 ὑπὸ
753 2142 816 2202 χει-

250 2236 272 2313 ᾷ
295 2230 405 2290 καλῶν
428 2226 583 2309 δάμασεν.

126 2439 189 2492 Eur.
210 2438 243 2492 fr.
263 2454 302 2492 ιοε
322 2469 355 2477 -
374 2443 416 2490 63.
436 2444 578 2506 γεραίρετε
597 2437 668 2492 coni.
683 2437 788 2492 Bothe:
808 2434 967 2507 γεραίρεται
981 2440 1010 2494 D
1029 2471 1062 2479 —
1082 2436 1119 2493 ἂν
1138 2437 1228 2503 νάπος
1246 2439 1317 2494 coni.
1333 2440 1403 2494 Her·

125 2527 224 2564 mann:
250 2507 360 2570 άνάπος
378 2509 420 2576 D,
447 2506 484 2562 ἂν
509 2506 597 2564 πέδον
616 2507 699 2562 Tricl.
719 2541 753 2548 -
778 2515 819 2563 65.
847 2511 976 2573 κάκεῖνος
1002 2510 1082 2564 codd.
1107 2543 1141 2550 -
1165 2511 1282 2584 ἀφύκτῳ
1307 2511 1403 2568 'lh-iel:

125 2581 233 2651 άφόκτε
252 2581 282 2635 D
300 2613 333 2621 —
353 2581 412 2650 χερὶ
430 2578 528 2635 Tricl:
548 2581 618 2650 χειρὶ
638 2580 667 2633 D
686 2611 719 2620 -
738 2579 788 2635 τδν
807 2581 858 2651 μὲν
877 2581 965 2636 Tricl:
985 2581 1016 2635 τδ
1036 2580 1087 2652 μὲν
1101 2583 1131 2637 D
1151 2614 1183 2621 -
1221 2581 1286 2637 ενεδτ
1305 2581 1402 2640 Trici:

143 2653 227 2708 εκεδικ
245 2653 286 2717 D;
313 2652 377 2706 sort.
397 2651 489 2719 κριτὸς
515 2651 597 2722 γενεά
621 2683 656 2691 -
679 2656 721 2706 67.
748 2651 894 2706 άλκαθόου
921 2652 1019 2708 Tricl:
1046 2652 1176 2707 άλκάδου
1253 2686 1285 2694 -
1310 2659 1352 2709 68.
1373 2655 1403 2709 ἐν

166 2723 222 2780 'cl.:
243 2723 268 2778 sl
281 2724 311 2778 D
324 2754 358 2763 -
373 2724 441 2792 πρὶν
456 2721 551 2777 ἔδεκτο
566 2721 664 2785 νεότας
678 2721 747 2778 coni.
764 2723 871 2793 Berglrz
892 2722 990 2788 νεότας
1003 2726 1071 2793 πρὶν
1085 2723 1181 2779 ἔδεκτο
1195 2724 1284 2790 codd,
1306 2723 1403 2790 νεότας

126 2793 223 2850 δέκετο
242 2792 308 2864 πρίν
328 2795 397 2849 coni.
413 2794 555 2849 Hermann
574 2827 608 2834 -
628 2800 669 2849 69.
690 2794 805 2865 παρέχει
824 2794 922 2852 Tricl.:
940 2795 1075 2866 παρέχειν
1089 2796 1118 2850 D
1136 2828 1169 2836 -
1190 2801 1232 2850 70.
1251 2805 1313 2866 χειᾶ
1332 2797 1403 2866 (sine

125 2871 178 2936 πω)
198 2866 294 2922 Trici:
314 2863 361 2936 χία
381 2865 436 2935 (vel
456 2865 508 2936 χόα
528 2865 633 2936 potius)
651 2885 694 2920 πω
714 2866 750 2920 D.

127 3013 251 3065 mortuos
265 3008 437 3063 carminibus
452 3008 574 3076 dearum,
586 3008 737 3075 Musarum,
752 3011 892 3076 ornarent,
907 3008 960 3063 hoc
975 3008 1054 3063 cadit
1068 3008 1153 3062 etiam
1169 3008 1197 3062 in
1212 3009 1265 3063 hoc
1280 3014 1403 3081 tempus,

127 3082 161 3136 cf.
183 3081 214 3137 0.
233 3100 254 3133 11
273 3098 306 3135 τι.
335 3079 364 3136 P.
384 3099 394 3132 ι
413 3096 439 3134 aa
462 3111 497 3119 -
521 3086 563 3134 62.
587 3084 729 3134 Μοισαῖον
753 3078 841 3149 ἅρμα,
867 3081 903 3134 de
921 3079 1009 3133 Musis
1029 3097 1110 3134 curru
1129 3079 1310 3150 vehentibus,
1330 3083 1403 3137 unde

128 3153 220 3208 soluta
245 3151 336 3207 oratio
359 3150 497 3221 pedestris
516 3151 594 3205 dicta
613 3154 663 3218 est,
682 3151 747 3205 vide
767 3152 785 3205 I.
805 3168 855 3206 ιιι
876 3154 905 3206 et
924 3151 955 3207 0.
975 3170 1002 3204 vr
1021 3167 1046 3205 τι
1067 3184 1098 3192 -
1120 3151 1284 3217 Νικοκλέος,
1309 3153 1403 3222 patrui

128 3225 365 3293 (πατραδελφεοῦ)
385 3221 524 3289 Cleandri,
543 3224 576 3275 ut
594 3238 627 3277 ex
642 3240 666 3278 v.
682 3239 708 3278 σο
723 3225 852 3293 apparet3
873 3240 935 3277 eum
954 3222 1040 3293 paulo
1060 3225 1126 3277 ante
1145 3222 1174 3276 in
1192 3241 1289 3294 pugna
1306 3224 1403 3280 navali

128 3296 204 3366 apud
226 3294 357 3363 Mycalen
387 3293 521 3348 cecidisse
544 3296 610 3347 sunt
633 3294 681 3362 qui
705 3310 738 3348 ex
762 3294 970 3363 comparatione
994 3311 1058 3349 cum
1076 3294 1185 3349 Achille
1209 3295 1351 3350 coniciant
1370 3329 1402 3337 -

128 3374 169 3421 63.
194 3375 304 3436 μνᾶμα,
328 3366 537 3419 monumentum
562 3364 729 3434 sepulcrale,
754 3368 786 3419 ut
809 3365 1013 3436 epigrammata
1032 3365 1061 3419 in
1079 3366 1213 3421 honorem
1232 3370 1404 3423 mortuorum

130 3438 285 3510 ἐπιδόμβια
310 3437 377 3490 ἔτεα
401 3435 520 3490 ειιιδὶιιιιδ
540 3469 572 3476 -
592 3443 634 3492 ol.
656 3434 784 3505 Δωρίων,
827 3437 882 3490 uod
907 3436 1055 3504 Corinthii,
1080 3437 1127 3505 qui
1151 3437 1232 3491 ludos
1256 3438 1403 3493 Isthmicos

129 3508 375 3572 administrabant,
394 3508 480 3561 Dores
499 3511 580 3562 erant
603 3511 632 3563 et
653 3508 791 3563 Pindarus
836 3507 931 3562 oribus
950 3508 1115 3562 blandiendi
1134 3508 1316 3577 occasionem,
1336 3514 1368 3564 ut
1386 3528 1404 3565 a

128 3581 231 3650 quihus
250 3579 370 3633 salutem
389 3578 498 3649 patriae
518 3579 608 3649 magis
624 3597 709 3648 quam
724 3580 760 3634 ab
775 3579 994 3634 Atheniensibus
1008 3579 1121 3633 Ionibus
1137 3583 1270 3649 speraret,
1284 3581 1404 3651 arripuit

129 3686 162 3694 -
181 3653 369 3720 περικτίονας·
396 3649 444 3718 qui
467 3650 596 3705 ludorum
619 3650 814 3705 Isthmicorum
837 3651 989 3733 participes
1013 3654 1093 3706 erant
1117 3653 1146 3705 st
1168 3651 1255 3706 etiam
1278 3652 1312 3706 N.
1332 3672 1359 3706 ιν
1377 3670 1404 3708 ιι

129 3721 310 3794 άμφικτίονες
336 3721 456 3776 audiunt
480 3755 513 3763 -
540 3729 582 3776 δι’).
609 3723 657 3776 καλ
682 3731 775 3786 κεῖνος
799 3724 884 3791 ἀνήρ·
911 3721 1053 3791 Νιοοολοε,
1079 3724 1111 3776 ut
1136 3721 1204 3776 olim
1225 3723 1350 3778 Achilles
1370 3757 1402 3765 -

129 3801 171 3850 66.
198 3792 367 3865 κατελέγχει·
394 3811 450 3847 non
474 3794 609 3848 dedecore
635 3796 766 3863 patruum
793 3793 881 3848 afficit
906 3793 1056 3864 patruelis,
1082 3795 1114 3847 ut
1137 3793 1185 3861 qui
1208 3794 1313 3850 virtute
1341 3813 1404 3850 eum

129 3867 299 3933 aemuletur,
328 3866 361 3920 cf.
382 3865 415 3919 N.
435 3885 465 3917 111
490 3883 522 3920 rs.
561 3865 579 3917 l.
600 3884 630 3917 111
654 3881 693 3931 ιι;
721 3864 821 3919 melius
849 3867 943 3919 autem
970 3865 1040 3919 haee
1068 3864 1210 3919 sententia
1237 3867 1404 3937 exprimere·

128 3942 186 4007 tur,
211 3937 236 3991 si
258 3936 394 4007 patruelis
416 3937 509 4018 potius
533 3954 617 4004 quam
641 3940 758 4007 patruus
782 3935 906 4004 epitheto
929 3944 1025 4004 κριτοῦ
1046 3940 1192 3991 ornaretur
1213 3969 1248 3977 -
1271 3945 1313 3993 67.
1337 3960 1403 4021 μυρ-

130 4007 209 4073 σίνας
227 4007 381 4078 στέφανον·
401 4008 466 4062 hmc
484 4008 576 4062 elucet
595 4007 668 4061 ludis
684 4007 895 4077 Megarensibus
910 4005 1071 4076 (Ἀλκαθόου
1085 4009 1184 4077 ἀγῶνι)
1200 4010 1228 4062 et
1242 4009 1404 4079 Epidaurins

130 4098 260 4135 eoronam
280 4083 416 4148 myrteam
435 4080 590 4134 mercedem
608 4078 709 4133 victori
729 4080 826 4132 datam
845 4094 913 4147 esse,
933 4079 1062 4146 quamvis
1081 4078 1152 4133 nihil
1172 4080 1207 4134 de
1226 4079 1278 4134 hac
1298 4098 1328 4135 re
1346 4098 1401 4135 me·

130 4152 235 4206 moriae
251 4151 386 4205 traditum
401 4151 567 4217 invenerim3
587 4150 657 4205 bene
677 4153 772 4204 autem
790 4149 855 4202 huic
874 4149 914 4203 rei
928 4150 1067 4218 convenit,
1082 4150 1157 4219 quod
1171 4168 1236 4205 vere
1250 4151 1403 4221 incipiente

130 4223 190 4277 ludi
210 4224 386 4293 Megarenses
410 4223 469 4276 fieri
494 4221 655 4289 traduntur,
676 4240 701 4277 r.
721 4220 792 4275 Prol.
812 4240 899 4274 xc-
919 4221 1071 4295 σῦντόχᾳ,
1097 4239 1160 4276 cum
1185 4221 1262 4277 felici
1288 4224 1402 4289 eventu;

130 4295 164 4350 cf.
184 4294 218 4348 N.
238 4313 266 4347 vr
285 4311 310 4349 ss
329 4327 362 4334 —
388 4300 429 4348 69.
455 4291 584 4363 ταρίχει,
611 4297 770 4363 promptum
796 4295 852 4360 est,
879 4292 971 4360 decet,
997 4309 1070 4361 quae
1095 4293 1231 4348 neutralis
1257 4293 1299 4346 vis
1325 4293 1403 4348 verbi

129 4364 264 4436 παρέχειν
290 4383 345 4418 non
371 4365 460 4418 solum
480 4383 497 4418 a
516 4364 620 4435 poetis,
647 4368 679 4418 ut
703 4364 767 4417 Eur.
786 4363 828 4417 ul.
849 4380 913 4431 roso,
940 4363 989 4417 sed
1013 4363 1099 4417 etiam
1119 4364 1351 4434 ascriptoribus,
1373 4369 1404 4418 ut

130 4455 213 4508 saepe
229 4438 265 4491 ab
282 4437 422 4491 Herodoto
441 4439 576 4507 usurpata
596 4438 687 4489 est-
704 4441 745 4490 70.
765 4438 865 4489 constr.
882 4434 999 4503 ἄπειρον
1018 4439 1117 4490 καλῶν.
1132 4434 1259 4504 δάμασεν
1273 4435 1404 4491 similiter

130 4513 215 4578 atque
235 4505 395 4578 δαμαλίζειν
414 4507 443 4563 Ρ,
458 4526 475 4561 v
490 4524 527 4562 ιιι
542 4507 710 4561 translatam
725 4506 782 4559 vim
800 4505 936 4575 perdendi
955 4505 1059 4561 habere
1078 4506 1203 4573 videtur;
1222 4524 1287 4560 nam
1306 4506 1355 4576 qui
1373 4507 1404 4562 in

130 4580 258 4634 latibulis
282 4596 375 4633 exsors
399 4595 491 4632 rerum
514 4579 694 4633 honestarum
719 4576 810 4649 degit,
835 4577 858 4631 is
883 4576 971 4632 vitam
994 4578 1076 4648 quasi
1095 4577 1258 4648 corrumpit;
1283 4577 1403 4633 similem

130 4652 299 4707 sententiam
318 4651 405 4704 habes
426 4650 457 4704 O.
476 4669 486 4702 1
504 4666 537 4707 ιο.

660 4868 871 4876 .——-————-
