3442 5550
818 996 960 1050 ΟΔΤΜΠ.
980 993 1030 1047 Η’.

472 1161 964 1245 ΑΛΚΙΜΕΔΟΝΤΙ
1001 1157 1370 1242 ΑΙΓΙΝΗΤΗι

757 1356 864 1407 ΠΑΙΔΙ
883 1355 1093 1408 ΠΑΛΑΙΣΤΗι.

372 3462 547 3522 Alcimedon
571 3463 718 3540 Aegineta
742 3484 757 3522 e
782 3463 875 3522 nobili
899 3466 987 3541 gente
1014 3463 1241 3538 Blepsiadarum
1264 3455 1306 3542 (v.
1328 3454 1375 3543 75)
1400 3460 1445 3522 Ol.
1463 3463 1505 3522 80
1520 3486 1563 3509 =

283 3552 348 3611 460
372 3570 398 3609 a.
422 3550 489 3613 chr.
514 3572 589 3627 puer
611 3553 693 3611 lucta
717 3553 804 3629 vicit3
831 3552 896 3611 eius
924 3553 1020 3627 alipta
1043 3552 1180 3610 Melesias
1204 3551 1395 3610 Atheniensis
1418 3551 1487 3628 fuit,
1511 3550 1565 3627 qui

284 3641 373 3699 etiam
399 3641 615 3718 Aeginetarum
640 3641 824 3700 Timasarchi
853 3646 884 3701 et
906 3641 1073 3700 Alcimidae
1100 3641 1243 3719 magister
1270 3641 1363 3700 fuisse
1391 3639 1565 3716 perhibetur

283 3722 333 3807 (N.
358 3748 389 3788 ιν
414 3741 455 3790 93.
486 3749 516 3788 vr
542 3723 597 3809 74).
653 3731 683 3788 ls
711 3735 742 3789 et
770 3732 832 3806 ipse
860 3731 994 3806 palmam
1023 3750 1111 3806 saepe
1140 3750 1174 3788 ex
1207 3730 1419 3789 certaminibus
1451 3729 1565 3789 tulerat

281 3822 312 3876 et
339 3819 463 3876 laudum
495 3838 653 3894 puerorum
679 3839 696 3876 a
725 3840 754 3878 se
784 3820 992 3878 institutorum
1024 3824 1139 3895 partem
1171 3819 1277 3878 merito
1306 3819 1362 3877 sibi
1389 3817 1562 3877 vindicavit.

283 3906 379 3966 Paulo
408 3912 477 3965 ante
502 3908 739 3967 Alcimedontem
762 3911 855 3967 frater
878 3909 943 3967 cius
966 3909 1062 3968 maior
1085 3908 1290 3967 Timosthenes
1314 3908 1427 3967 Nemea
1449 3907 1564 3967 vicerat

283 3988 325 4074 (v.
342 3989 398 4075 15),
418 3996 503 4055 cuius
523 3997 680 4056 victoriam
699 3999 795 4075 magis
815 3997 906 4056 etiam
925 3999 981 4058 hoc
1001 3999 1065 4057 loco
1085 3997 1202 4055 laudari
1223 3997 1388 4073 oportebat,
1408 3997 1433 4055 si
1450 3996 1563 4074 eodem,

281 4088 318 4142 ut
340 4104 396 4161 par
419 4090 472 4162 est,
497 4087 619 4145 Melesia
642 4087 736 4162 alipta
760 4106 833 4146 usus
857 4091 929 4146 erat.
964 4087 1067 4145 Trium
1091 4087 1186 4164 igitur
1209 4087 1357 4145 victorum
1381 4086 1485 4145 laudes
1508 4085 1565 4144 hac

283 4173 340 4234 oda
363 4178 453 4250 poeta
477 4176 698 4252 complectitur,
727 4195 859 4235 summas
883 4176 1107 4252 Alcimedontis,
1131 4175 1182 4251 qui
1208 4174 1350 4252 Olympia
1373 4175 1495 4251 vicerat,
1519 4193 1564 4234 se·

282 4263 395 4322 enudas
419 4263 558 4322 Melesiae
583 4265 703 4342 aliptae,
729 4266 814 4325 cuius
838 4266 910 4324 haec
928 4266 1056 4325 victoria
1079 4265 1234 4342 trigesima
1256 4265 1325 4341 fuit,
1348 4264 1439 4323 tertia
1465 4263 1564 4323 Timo-

286 4352 399 4412 sthenis
422 4352 544 4411 Nemeis
566 4353 697 4412 victoris

372 4442 406 4500 In
434 4441 555 4500 exordio
582 4442 721 4501 carminis
747 4447 837 4519 poeta
864 4442 1048 4519 Olympiam,
1077 4443 1155 4501 unde
1186 4442 1374 4519 Alcimedon,
1401 4446 1566 4519 antequam

283 4535 433 4590 certamen
457 4530 556 4607 iniret,
580 4532 715 4590 faustum
738 4533 900 4609 origarium
924 4535 1088 4608 acceperat,
1112 4532 1245 4609 invocat,
1273 4538 1309 4591 ut
1330 4533 1457 4611 benigne
1481 4550 1564 4607 pom·

281 4638 351 4693 pam
386 4620 572 4678 victorialem
605 4621 734 4696 accipiat
767 4613 903 4702 (1—10).
953 4619 1110 4696 Olympiae
1143 4622 1278 4680 favorem
1310 4622 1403 4699 Iovis,
1435 4620 1564 4680 Alcime-

283 4705 368 4767 donti
400 4708 523 4784 eiusque
556 4710 643 4768 fratri
675 4709 859 4768 Timostheni
890 4729 986 4786 nuper
1016 4709 1218 4786 impertitum,
1249 4715 1280 4769 et
1309 4711 1413 4769 landes
1442 4709 1565 4769 victoris

284 4797 370 4870 pueri
395 4802 488 4873 atque
512 4798 646 4876 Aeginae
669 4799 786 4875 patriae
810 4799 942 4858 adnectit
965 4791 1109 4880 (ιο-30).
1148 4798 1234 4870 Quod
1254 4799 1372 4876 Aegina
1394 4819 1413 4858 a
1435 4797 1566 4858 Doribus
