3442 5550
756 1275 911 1329 ΠΤΘΙΟΝ.
930 1274 964 1330 1¹.

473 1440 851 1525 ΙΠΠΟΚΛΕΑι
897 1439 1239 1525 cunabula

655 1636 758 1687 ΠΑΙΔΙ
776 1633 1060 1686 marboneorum.

770 1917 945 1989 strophae.

734 3366 974 3448 Argumentum.

306 3496 487 3572 Hippocleas
514 3496 650 3555 Phriciae
678 3495 758 3554 fflius
782 3487 823 3576 (u.
844 3487 893 3576 16)
916 3495 1095 3555 Pelinnaeus
1122 3494 1269 3571 Pythiade
1295 3498 1334 3554 22
1360 3521 1401 3542 =
1426 3498 1490 3556 502

218 3579 313 3667 (498)
336 3605 361 3644 a.
382 3584 448 3645 Chr.
468 3605 543 3662 puer
566 3585 668 3644 diaulo
692 3585 816 3661 Delphis
838 3584 919 3644 vicit.
956 3584 1093 3643 Eundem
1116 3604 1175 3644 nou
1198 3584 1295 3644 solum
1318 3587 1422 3661 postea
1444 3585 1490 3643 bis

219 3673 368 3753 Olympia,
392 3675 442 3735 scd
461 3675 552 3733 etiam
572 3674 675 3733 eadem
693 3674 840 3749 Pythiade
859 3673 956 3734 stadio
975 3674 1080 3733 vicisse
1100 3673 1213 3734 scholia
1230 3674 1363 3747 tradunt,
1383 3674 1491 3751 quibus

219 3765 249 3823 in
272 3764 329 3824 tali
351 3784 383 3823 re
407 3763 530 3840 obloqui
554 3764 674 3824 difficile
698 3767 755 3840 est,
785 3763 921 3840 quamuis
950 3763 1109 3823 admodum
1132 3763 1241 3823 mirum
1264 3763 1305 3823 sit
1327 3763 1490 3824 Pindarum

219 3853 347 3930 duplicis
361 3853 513 3930 victoriae,
533 3873 594 3929 qua
613 3853 740 3931 gloriam
754 3852 876 3912 victoris
894 3872 953 3912 non
972 3852 1160 3912 mediocriter
1178 3856 1297 3913 auctam
1316 3871 1378 3912 esse
1398 3857 1490 3931 patet

219 3943 398 4003 mentionem
431 3962 490 4001 non
519 3943 631 4003 fecisse.
677 3943 781 4018 Neque
811 3941 942 3999 multum
972 3941 1109 4018 equidem
1138 3942 1239 4002 tribuo
1269 3942 1412 4002 Boeolrhii
1442 3963 1489 4002 ex-

217 4032 378 4108 cusationi,
403 4031 454 4107 qui
478 4031 639 4091 scholiasta
668 4031 741 4090 duce
769 4031 870 4107 plures
892 4033 997 4106 poetas
1021 4030 1059 4088 ad
1081 4031 1289 4090 celebrandum
1312 4031 1489 4108 Hippoclem

215 4121 359 4182 invitatos
383 4124 413 4179 et
431 4120 560 4180 Pindaro
585 4120 677 4179 solius
696 4120 797 4179 dianio
816 4119 959 4178 uictoriae
979 4119 1174 4179 illustrandae
1193 4139 1302 4180 munus
1321 4120 1489 4180 iniunctum

216 4229 278 4271 esse
296 4211 412 4270 statuit.
445 4210 540 4268 Immo
557 4210 669 4269 maiore
685 4209 774 4268 laude
792 4208 919 4285 duplicis
936 4227 1040 4269 cursus
1058 4208 1274 4287 dtavtododpov
1292 4203 1333 4290 (v.
1349 4202 1380 4290 9)
1395 4209 1489 4270 mino·

216 4319 278 4360 rem
296 4300 416 4359 laudem
439 4298 582 4358 uictoriae
604 4299 747 4375 simplicis
771 4297 861 4357 stadii
885 4298 1032 4357 elevatam
1055 4300 1085 4358 et
1104 4299 1191 4374 quasi
1215 4299 1402 4359 obscuratam
1426 4319 1489 4359 esse

215 4388 397 4449 crediderim.
436 4387 536 4458 Quid?
560 4387 639 4464 quod
662 4388 810 4447 Pindarus
828 4387 892 4464 ipse
910 4407 957 4446 ru.
973 4398 1006 4446 26
1026 4389 1056 4446 et
1075 4397 1107 4447 58
1126 4388 1239 4465 plurali
1257 4387 1409 4464 orepavor
1429 4408 1487 4447 non

215 4497 316 4555 unam,
335 4478 386 4536 sed
405 4477 506 4554 plures
525 4476 666 4537 victorias
684 4477 826 4553 Pythicas
845 4476 986 4552 Hippocli
1000 4476 1141 4555 obtigisse
1157 4477 1344 4556 significavit.
1360 4509 1402 4518 -
1419 4477 1488 4536 Oar-

215 4587 282 4627 men
296 4566 466 4626 faciendum
480 4568 588 4643 pactus
602 4568 667 4624 erat
681 4566 808 4644 Thorax,
823 4566 875 4642 qui
888 4568 995 4640 poetae
1009 4565 1116 4642 hospes
1130 4570 1196 4625 erat
1210 4560 1251 4647 (u.
1267 4558 1315 4647 64)
1330 4569 1360 4625 et
1374 4567 1488 4642 Hippo·

215 4656 290 4716 olem
312 4675 440 4733 puerum
463 4656 493 4713 in
518 4655 626 4714 diliciis
648 4655 785 4715 habebat.
822 4654 852 4713 Is
879 4654 941 4712 fuit
961 4673 1039 4714 unus
1062 4675 1098 4714 ex
1120 4655 1216 4716 tribus
1239 4655 1382 4715 fratribus
1404 4654 1486 4714 nobi·

214 4744 345 4805 lissimae
365 4745 463 4824 gentis
482 4744 695 4820 Monadorum,
714 4745 851 4821 quitum
870 4744 1012 4820 temporis
1030 4743 1167 4803 Larissae
1186 4745 1254 4804 urbi
1273 4744 1487 4822 imperitabant

216 4826 257 4915 (r.
275 4835 384 4895 Herod.
408 4853 439 4892 1x
464 4826 521 4913 58).
563 4832 700 4892 Larissae
728 4852 846 4910 quoque
875 4833 913 4891 ad
940 4832 1072 4892 Peneum
1099 4835 1209 4894 flumen
1235 4825 1275 4915 (v.
1296 4827 1343 4908 56)
1367 4853 1486 4894 carmen
