3442 5550
749 417 880 467 evrini
900 417 960 470 vn.
1428 413 1491 477 189

221 585 331 660 utitur,
355 603 414 642 non
438 586 576 644 accurate
600 584 765 643 discernere
789 583 872 661 licet,
897 601 973 658 quas
995 582 1137 643 victorias
1160 582 1237 662 ipse,
1266 601 1341 659 quas
1369 583 1496 642 maiores

221 674 285 733 eius
309 674 409 749 adepti
433 674 501 731 sint.
546 674 591 731 De
614 676 761 750 tempore,
785 692 844 749 quo
869 673 941 731 haec
964 672 1074 748 Pythia
1097 673 1223 733 victoria
1247 676 1335 748 parta
1358 672 1410 750 sit,
1435 672 1493 731 iam

221 763 370 822 Boeckhio
395 763 530 822 suboluit
549 762 645 821 verbis
664 761 784 837 φθόνον
803 759 999 841 ἀμειβόμενον
1018 758 1052 820 τὰ
1070 759 1144 820 καλὰ
1163 758 1233 840 ἔργα
1251 762 1355 839 fugam
1378 762 1494 837 patriae

220 852 347 930 llegacli
372 855 518 911 testarum
543 852 686 929 suffragio
712 851 876 929 irrogatam
904 850 1043 926 indicari,
1073 851 1279 910 testimoninm
1306 871 1376 910 vero
1405 851 1495 909 huius

222 942 263 998 rei
287 940 486 1018 luculentum,
515 960 574 1016 quo
598 959 685 1018 aegre
709 940 755 999 vir
782 940 964 1000 clarissimus
994 940 1126 1016 carebat,
1155 940 1216 999 iam
1243 940 1328 999 nobis
1356 940 1495 1016 suppedi-

221 1033 318 1089 tatum
347 1033 392 1089 est
415 1030 586 1090 Aristotelis
613 1030 688 1090 libro
719 1027 785 1107 περὶ
811 1022 980 1107 Ἀθηναίων
1007 1028 1154 1101 πολιτείας
1181 1030 1318 1107 invento,
1347 1029 1432 1089 cuius
1460 1050 1494 1088 ex

221 1140 243 1178 c.
264 1132 296 1178 aa
316 1120 478 1197 Megaclem
506 1119 697 1195 Hippocratis
724 1119 819 1178 filium
848 1138 884 1178 ox
912 1119 996 1178 demo
1020 1119 1149 1195 Alopece
1178 1138 1256 1179 anno
1280 1114 1375 1197 estse
1401 1120 1494 1177 ostra-

221 1210 311 1267 cismo
339 1209 370 1266 in
398 1208 521 1267 exilium
547 1209 675 1268 eiectum
702 1227 765 1267 esse
789 1208 993 1285 comperimus.
1039 1208 1139 1285 Atque
1168 1209 1223 1267 hac
1250 1209 1286 1268 de
1309 1228 1340 1267 re
1363 1208 1494 1285 primurn

222 1298 337 1356 invenis
360 1298 473 1357 amicus
496 1298 639 1357 Rehmius
663 1318 709 1356 me
733 1298 924 1372 commonuit,
948 1300 1053 1373 postea
1071 1316 1090 1356 a
1108 1297 1349 1375 Wilamowitaio,
1369 1298 1494 1359 Aristot.

221 1406 249 1448 u.
269 1388 376 1445 Athen.
400 1406 423 1444 n
447 1398 498 1445 3⁶23
522 1387 744 1446 accuratissime
767 1387 915 1463 disputari
938 1387 1073 1465 cognovi.
1114 1387 1186 1445 Inde
1210 1387 1270 1446 iam
1294 1390 1412 1446 constat
1434 1387 1494 1446 vic·

222 1477 329 1535 toriam
348 1476 497 1553 Pythiam,
521 1496 612 1552 quam
631 1476 686 1535 hoc
705 1495 821 1535 carmen
846 1478 968 1553 spectet,
993 1473 1038 1535 Ol.
1059 1479 1110 1554 73,
1130 1478 1149 1535 3
1169 1476 1230 1536 sive
1251 1495 1276 1537 a.
1296 1480 1360 1535 486
1381 1496 1407 1535 a.
1426 1476 1493 1535 thr.

222 1565 344 1641 Delphis
367 1569 551 1641 reportatam
574 1585 644 1625 esse.
683 1565 740 1624 Sed
764 1585 824 1641 qua
842 1564 989 1641 Pythiade
1009 1564 1039 1623 id
1056 1566 1171 1624 factum
1191 1566 1239 1643 sit,
1258 1585 1295 1624 ne
1314 1565 1493 1641 sicquidem

221 1655 407 1731 exploratum
426 1658 479 1729 est,
498 1654 740 1730 quandoquidem
754 1655 868 1714 codices
883 1654 1064 1714 scholiorum
1078 1655 1156 1713 inter
1170 1674 1308 1715 numeros
1325 1648 1370 1713 κε’
1389 1658 1419 1713 et
1437 1648 1494 1731 κη’

223 1748 253 1803 ct
270 1738 321 1806 σις’
340 1747 370 1801 et
388 1738 443 1805 rrs'
461 1744 613 1821 vacillant,
637 1744 715 1803 unde
739 1744 807 1803 lites
827 1747 951 1821 veteres,
974 1764 992 1801 a
1015 1763 1075 1819 quo
1094 1744 1216 1803 tandem
1234 1763 1312 1803 anno
1331 1744 1494 1819 Pythiades

221 1836 393 1892 numeratae
416 1833 477 1890 sint
498 1826 541 1914 (v.
560 1833 677 1911 Proleg.
696 1826 837 1915 uxxxvr),
860 1854 896 1892 ne
920 1852 999 1892 nunc
1022 1833 1142 1908 quidem
1166 1833 1347 1909 compositae
1371 1836 1449 1891 sunt.

309 1922 470 1981 Exorditur
492 1926 582 1998 pocta
605 1942 623 1981 a
646 1922 800 1997 splendore
824 1922 906 1981 urbis
925 1922 1111 1981 Athenarum
1134 1924 1165 1981 et
1187 1922 1286 2001 gentis
1304 1922 1491 1981 Alcmaeoni·

221 2012 325 2070 darum
354 2004 480 2091 (1·—10).
525 2012 639 2070 Deinde
668 2011 771 2070 aedem
799 2011 948 2087 Apollinis
975 2011 1012 2069 ab
1036 2011 1097 2070 illis
1125 2010 1348 2070 exaedificatam
1376 2015 1407 2070 et
1434 2011 1493 2071 vic·

221 2101 313 2160 torius
343 2102 511 2176 praeclaras
542 2122 560 2160 a
589 2101 721 2178 llegacle
757 2100 880 2177 eiusque
912 2100 1075 2159 maioribus
1104 2102 1273 2177 reportatas
1303 2120 1366 2159 esse
1402 2101 1494 2160 refert

221 2182 363 2271 (ll-18).
400 2190 536 2267 Denique
555 2190 585 2247 in
605 2190 723 2267 epilogo
744 2210 837 2249 unum
860 2189 935 2248 illud
958 2190 1160 2267 conqueritur,
1184 2190 1265 2266 quod
1289 2189 1326 2249 ob
1350 2189 1493 2249 invidiam

221 2279 333 2338 civium
360 2279 478 2358 integra
505 2299 539 2338 ac
567 2280 656 2355 plena
683 2279 812 2339 felicitas
840 2278 1009 2339 hominihus
1037 2300 1096 2339 non
1119 2297 1258 2339 concessa
1281 2278 1333 2357 sit,
1361 2282 1392 2338 et
1414 2298 1492 2338 nunc

220 2389 341 2446 quoque
363 2369 441 2428 hono
466 2361 639 2448 (victoriae)
662 2370 776 2427 malum
799 2361 950 2451 (exilium)
973 2369 1168 2428 commixtum
1190 2368 1230 2428 sit
1253 2360 1397 2449 (lc-22).

309 2456 509 2533 Optimatium
539 2457 698 2533 imperium
727 2478 795 2517 cum
818 2457 944 2517 Athenis
975 2460 1090 2516 mature
1119 2457 1149 2515 in
1177 2459 1322 2533 populare
1345 2457 1491 2534 vertisset,

220 2548 297 2608 cives
325 2547 419 2606 Attici
454 2547 537 2605 laudi
569 2567 669 2605 rerum
701 2551 820 2606 strenuo
847 2549 1001 2625 gestarum
1028 2547 1124 2625 magis
1152 2566 1243 2623 quam
1271 2546 1410 2606 ludorum
1433 2546 1491 2606 vic·

219 2636 304 2696 toriis
327 2637 445 2696 studere
468 2639 637 2713 coeperunt,
660 2636 738 2694 unde
757 2636 886 2695 Pericles
904 2636 993 2696 rebus
1011 2636 1133 2695 musicis
1151 2637 1253 2713 potius
1272 2655 1363 2713 quam
1382 2635 1492 2713 ignava

219 2730 250 2784 et
273 2725 341 2783 rudi
364 2726 515 2802 palaestra
538 2725 654 2801 plebem
678 2726 883 2785 delectandam
912 2730 944 2785 et
970 2725 1154 2785 educandam
1182 2725 1298 2785 censuit
1321 2718 1417 2807 (Plut
1439 2725 1492 2785 vit.

219 2814 392 2889 Pericl.11;
416 2815 452 2873 cf.
472 2814 574 2891 Eurip.
595 2815 630 2872 fr.
650 2808 725 2895 282).
770 2814 842 2873 Inde
873 2815 1106 2874 Atheniensibus
1134 2814 1283 2873 Pindarus
1313 2834 1366 2874 nec
1396 2816 1493 2873 multa

218 2924 272 2963 nec
291 2904 381 2981 longa
400 2903 528 2979 epinicia
546 2903 625 2963 fecit.
654 2903 753 2974 Quid?
772 2904 852 2980 quod
872 2924 906 2961 er
926 2903 1048 2982 duobus,
1067 2922 1144 2979 qnae
1163 2904 1394 2963 Atheniensibus
1414 2922 1491 2963 com-

217 2993 331 3070 posuit,
360 2993 508 3069 epiniciis,
537 2993 631 3051 P.v11
655 2997 686 3051 et
708 2993 745 3050 N.
764 3012 800 3069 11,
827 2992 910 3068 prius
938 2996 1016 3052 certe
1045 3013 1102 3052 non
1127 2993 1266 3071 Athenis,
1294 2992 1344 3051 sed
1367 2992 1492 3069 Delphis

218 3087 372 3140 cantatum
392 3086 444 3141 cst.
475 3082 557 3140 ldem
577 3085 678 3140 autern
697 3082 920 3141 celeberrimum
939 3082 1160 3158 dithyrambum
1179 3081 1297 3141 civitati
1315 3081 1491 3140 Atheniensi

217 3172 335 3247 scripsit
363 3164 413 3251 (fr.
434 3183 475 3231 π).
500 3182 541 3230 so.
567 3170 627 3252 77),
658 3174 841 3247 quapropter
864 3191 882 3229 a
906 3170 967 3230 suis
994 3171 1108 3229 civibus
1136 3171 1249 3229 mulcta
1277 3170 1359 3229 mille
1387 3169 1491 3229 drach-

218 3280 334 3319 marum
364 3261 501 3337 punituS,
533 3261 570 3319 ah
593 3260 825 3319 Atheniensibus
856 3260 947 3335 duplo
977 3260 1119 3319 maiorem
1149 3259 1314 3319 mercedem
1343 3260 1490 3336 accepisse

219 3350 321 3408 fertur.
366 3350 502 3426 Denique
531 3370 599 3408 euin
627 3369 680 3425 pro
708 3349 904 3427 Hippocrate,
931 3352 1016 3425 patre
1044 3350 1138 3409 nostri
1165 3349 1320 3428 Megaclis,
1351 3350 1490 3408 threnum

217 3439 416 3515 composuisse
441 3439 602 3498 scholiasta
625 3439 663 3497 ad
687 3440 718 3496 P.
738 3456 779 3497 vn
801 3449 833 3496 17
857 3439 1016 3498 memoriae
1040 3439 1147 3516 prodit,
1168 3439 1254 3497 cuius
1274 3442 1374 3498 tamen
1392 3438 1490 3497 threni

216 3528 302 3587 nulla
324 3529 384 3587 iam
407 3531 526 3587 exstant
548 3529 724 3606 fragmenta.

760 3683 804 3747 De
826 3682 948 3748 metris.

305 3795 400 3854 lletra
428 3795 518 3855 huius
545 3795 684 3855 carminis
712 3799 783 3853 sunt
813 3796 998 3874 logaoedica,
1028 3795 1150 3855 insolita
1179 3795 1327 3855 brevitate
1350 3816 1490 3855 versuum

217 3885 431 3944 memorabilia.
472 3886 506 3943 ln
530 3885 664 3945 versibus
687 3885 853 3943 dividendis
876 3904 944 3943 cum
968 3905 1003 3943 ex
1026 3886 1090 3961 ipso
1114 3886 1244 3944 carmine
1268 3888 1390 3962 propter
1412 3886 1489 3945 inso-

216 3973 340 4033 lentiam
367 3978 528 4034 metrorum
556 3979 586 4034 et
615 3976 755 4051 exignum
783 3995 939 4033 numerum
967 3975 1157 4050 stropharum
1184 3978 1267 4035 certa
1295 3974 1405 4033 indicia
1428 3976 1489 4051 peti

217 4066 375 4140 nequeant,
399 4064 507 4123 veteris
531 4064 720 4123 colometriae
745 4064 878 4141 vestigiis
902 4064 950 4122 hic
973 4065 1070 4142 magis
1089 4083 1180 4139 qnam
1199 4064 1274 4122 alias
1293 4063 1488 4122 insistendum

216 4170 279 4209 csse
307 4153 420 4227 putavi.
467 4155 549 4212 Adeo
578 4173 647 4212 vero
675 4154 704 4210 in
734 4154 789 4212 hoc
813 4152 942 4212 carmine
966 4154 1003 4211 ad
1027 4172 1218 4213 numerorum
1242 4153 1488 4229 aequabilitatem

215 4242 380 4300 revocando
408 4241 480 4299 mihi
505 4244 566 4318 ipse
590 4242 706 4299 diffisus
729 4261 808 4319 sum,
836 4245 871 4300 ut
896 4243 1016 4318 punctis
1040 4244 1117 4301 ictus
1140 4246 1171 4300 et
1193 4242 1347 4318 rhythmos
1371 4242 1488 4319 signare

216 4348 274 4387 non
303 4330 450 4388 auderem.
496 4332 608 4390 Vereor
635 4332 713 4389 enim
742 4351 778 4389 ne
806 4330 894 4391 solito
918 4332 1014 4390 maior
1036 4350 1105 4407 pars
1130 4332 1356 4391 intervallorum
1380 4332 1410 4388 in
1434 4331 1488 4388 hec

217 4418 345 4477 carmine
373 4420 474 4494 pausis
503 4424 534 4479 et
562 4420 706 4478 tibiarum
735 4419 815 4479 sonis
839 4421 958 4496 expleta
980 4421 1027 4478 sit.
1075 4420 1204 4495 Stropha
1228 4421 1366 4479 anacrusi
1390 4419 1488 4496 quinti

216 4527 318 4567 versus
342 4509 372 4566 in
395 4509 470 4567 duas
489 4510 642 4585 pericopas
666 4510 826 4586 dirimitur,
850 4528 927 4586 quae
950 4510 1074 4569 metrica
1093 4512 1243 4569 structura
1262 4510 1353 4569 etiam
1371 4514 1487 4568 senten-

216 4598 326 4657 tiarum
351 4599 583 4658 conformatione
608 4574 712 4658 adsta
735 4602 788 4657 est.
827 4599 918 4657 Primi
942 4618 1045 4658 versus
1068 4618 1209 4659 mensura
1226 4600 1336 4675 pendet
1354 4618 1372 4655 a
1391 4598 1485 4657 varie-

216 4692 277 4747 tate
301 4687 450 4764 lectionis,
482 4689 516 4745 de
541 4708 601 4764 qua
625 4689 691 4747 vide
715 4692 774 4747 not.
799 4688 864 4746 crit.
888 4688 925 4745 ad
950 4708 994 4747 vv.
1017 4701 1040 4747 l.
1060 4700 1083 4748 9.
1123 4689 1247 4748 t‘armen
1273 4688 1395 4763 Delphis
1419 4707 1486 4746 can-

216 4780 312 4836 tatum
344 4797 406 4836 esse
436 4797 514 4835 nune
539 4779 709 4836 Aristotelis
739 4777 910 4836 testimonio
941 4778 1033 4837 etiam
1062 4778 1254 4838 verisimilius
1283 4780 1397 4837 fectum
1427 4782 1486 4853 est,

216 4865 281 4926 iude
306 4870 406 4925 autern
429 4868 527 4926 nescio
552 4888 589 4926 an
614 4868 705 4925 etiam
729 4868 860 4926 brevitas
883 4868 1023 4927 cancrinis
1045 4868 1220 4943 explicanda
1244 4867 1290 4925 sit.
