3442 5550
314 419 365 472 XX
814 418 1092 471 PROLEGOMENA.

313 582 378 646 nisi
402 582 489 645 vices
512 581 678 666 legitimae
702 581 766 645 alio
789 580 886 645 modo
909 580 1171 663 restituerentur,
1195 579 1256 644 hoc
1280 584 1389 644 autem
1408 600 1473 644 non
1493 600 1596 661 pausa

314 688 484 753 interiecta
512 688 595 773 fieri,
623 688 679 753 sed
707 687 806 774 longa
830 688 879 752 ita
900 692 1081 772 protracta,
1108 691 1145 750 ut
1169 686 1268 750 arsim
1291 686 1451 770 simulque
1475 685 1594 749 thesim

314 796 455 880 expleat,
477 796 513 859 in
536 795 642 879 capite
666 795 704 859 de
727 794 870 859 numeris
894 816 1062 880 exponam.

402 901 492 967 Haec
517 903 580 966 duo
605 924 724 987 genera
746 924 897 989 versuum
923 906 958 965 ut
980 900 1167 966 nominibus
1191 901 1444 986 distinguamus,
1468 900 1593 985 priores

315 1015 422 1075 rectos
446 1006 617 1095 (ὀρθούς),
641 1009 760 1073 alteros
781 1008 930 1093 obliquos
950 1008 1138 1093 (δοχμίους,
1162 1006 1313 1094 ὑπτίους)
1338 1008 1488 1091 dicimus,
1512 1029 1594 1090 quae

315 1116 445 1201 quidem
472 1115 606 1179 nomina
633 1137 830 1199 quamquam
857 1114 923 1178 iam
949 1115 984 1178 in
1012 1115 1111 1178 simili
1139 1136 1200 1179 usu
1229 1115 1314 1199 apud
1341 1119 1465 1178 veteres
1490 1135 1595 1199 gram·

314 1222 451 1288 maticos
474 1222 577 1306 fuere,
600 1227 710 1286 tamen
733 1223 773 1286 ab
797 1221 853 1305 iis,
876 1244 949 1287 cum
972 1221 1056 1286 hanc
1078 1226 1205 1307 partem
1224 1222 1305 1286 artis
1324 1221 1477 1286 metricae
1495 1220 1593 1284 nimis

313 1330 538 1416 neglegerent,
569 1330 609 1393 ad
641 1329 721 1394 hacc
752 1351 871 1415 genera
896 1351 1049 1394 versuum
1076 1329 1306 1414 distinguenda
1332 1328 1475 1393 nondum
1504 1349 1594 1392 usur-

313 1441 391 1521 pata
414 1443 498 1502 sunt.
535 1436 620 1500 Tota
642 1441 752 1501 autern
775 1435 855 1500 haec
879 1458 930 1500 res
954 1458 1028 1501 cum
1050 1441 1168 1501 natura
1194 1436 1220 1500 si
1245 1436 1352 1500 minus
1377 1435 1535 1519 omnium,
1559 1440 1594 1499 at

314 1548 424 1608 tamen
455 1545 683 1629 plerorumque
716 1566 867 1607 versuum
896 1542 1056 1608 cohaeret.
1103 1543 1197 1620 Quod
1224 1543 1310 1608 enim
1339 1565 1437 1627 supra
1464 1563 1593 1606 versum

314 1650 518 1714 definivimus
542 1650 688 1714 ordinem
711 1648 932 1733 rhythmicum
960 1650 1122 1715 continuis
1148 1650 1292 1714 numeris
1316 1651 1537 1714 decurrentem
1561 1653 1594 1711 et

314 1779 416 1839 pausa
438 1757 581 1840 finitum,
606 1755 669 1820 hoc
693 1756 838 1820 omnium
860 1778 1012 1821 versuum
1035 1779 1205 1822 commune
1229 1762 1291 1840 cst3
1315 1756 1459 1840 plerique
1483 1760 1593 1819 autem

314 1868 430 1947 poetae
463 1868 496 1928 ct
528 1862 668 1927 artifices
701 1862 839 1927 alterum
867 1864 1003 1949 addunt,
1034 1886 1164 1928 vorsum
1195 1888 1234 1928 ex
1261 1864 1409 1948 pluribus
1438 1862 1593 1926 membris

314 1975 463 2034 constare
487 1974 520 2034 et
544 1991 615 2034 eam
639 1992 709 2033 esse
733 1992 844 2034 versus
868 1970 948 2054 viru,
976 1978 1013 2035 ut
1040 1971 1135 2057 plura
1157 1970 1237 2035 hacc
1260 1972 1407 2035 membra
1429 1970 1497 2034 sive
1521 1970 1594 2034 cola

315 2076 354 2140 ad
384 2075 543 2139 unitatem
570 2075 667 2139 unius
696 2077 840 2161 corporis
869 2078 1055 2163 coniungat.
1101 2077 1209 2160 Atque
1237 2077 1400 2142 notissimi
1427 2082 1461 2141 et
1484 2077 1597 2141 crebro

316 2205 376 2248 usu
397 2182 489 2267 quasi
508 2182 624 2248 sanciti
645 2205 770 2265 versus,
793 2189 830 2247 nt
849 2183 1028 2249 hexametri
1048 2184 1214 2269 dactylici,
1237 2184 1420 2250 tetrametri
1439 2183 1596 2249 trochaici

314 2294 347 2355 et
370 2289 583 2375 anapaestici,
606 2290 802 2374 pentametri
824 2290 974 2377 elegiaci,
996 2290 1215 2376 Asclepiadei,
1239 2289 1385 2375 Sotadci,
1412 2290 1597 2373 Galliambi,

314 2418 426 2461 omnes
449 2418 488 2461 ex
511 2395 597 2459 binis
622 2396 702 2460 colis
730 2402 896 2481 constant,
923 2403 960 2462 ut
989 2403 1106 2482 sponte
1130 2420 1164 2463 se
1189 2398 1304 2462 offerat
1328 2397 1488 2482 quaestio,
1516 2419 1594 2461 num

313 2502 473 2568 Pindarus
496 2502 578 2566 ahos
603 2525 699 2585 quam
724 2504 778 2587 qui
803 2528 842 2568 ex
861 2506 987 2570 duobus
1006 2505 1194 2591 pluribusve
1214 2505 1293 2569 colis
1314 2509 1464 2570 constent
1483 2526 1595 2569 versus

312 2609 509 2695 probaverit.
556 2608 619 2672 Sed
647 2608 686 2674 de
713 2610 765 2674 his
798 2613 895 2676 rebus
923 2612 1031 2696 aptius
1058 2611 1158 2696 infra,
1191 2612 1219 2676 si
1245 2612 1285 2675 ad
1309 2612 1533 2696 quaestionem
1557 2611 1596 2674 de

313 2716 537 2801 magnitudine
561 2737 673 2780 versus
696 2721 729 2781 et
753 2718 791 2781 de
816 2718 895 2781 colis
918 2741 1070 2783 versuum
1093 2719 1290 2803 venerimus,
1314 2719 1518 2784 disseremus.

404 2824 471 2909 Q
482 2826 683 2888 structura
706 2846 890 2889 versuum.
928 2824 1060 2890 Iudiciis
1083 2826 1203 2910 quibus
1226 2849 1338 2891 versus
1362 2828 1442 2890 fines
1462 2826 1597 2891 circum-

315 2930 501 2996 scribantur
533 2929 689 3014 expositis
722 2930 760 2993 de
791 2931 897 3015 specie
925 2955 1037 2996 versus
1065 2932 1137 3018 ipsa
1163 2932 1259 2997 nobis
1287 2932 1509 2997 disserendum
1537 2937 1597 3016 est,

314 3043 351 3102 ut
379 3039 490 3124 quales
519 3037 647 3101 ordines
675 3037 852 3120 rhythmici
884 3039 1015 3103 nomine
1048 3062 1160 3105 versus
1187 3062 1261 3104 verc
1290 3039 1379 3125 digni
1408 3040 1475 3104 sint
1502 3039 1596 3103 intel-

313 3146 468 3231 legamus.
517 3145 624 3227 Atque
653 3149 729 3208 sunt
758 3145 889 3228 quidam
916 3147 1045 3211 ordines
1068 3146 1259 3231 rhythmici,
1287 3147 1404 3230 quibus
1427 3147 1500 3232 ipsa
1523 3168 1597 3210 con-

313 3252 498 3316 firmatione
522 3251 644 3315 ordinis
668 3252 763 3337 signa
784 3252 864 3315 iusti
888 3257 920 3317 et
942 3254 1077 3338 perfecti
1103 3275 1214 3317 versus
1238 3253 1397 3338 impressa
1421 3254 1495 3318 sint.
1542 3251 1595 3317 Sic

313 3380 426 3422 versus
449 3357 483 3421 P.
504 3376 541 3420 ιιι
566 3362 621 3421 str.
641 3359 662 3423 5
686 3363 718 3422 et
741 3360 829 3443 ep.3

714 3475 1196 3517 .3.v--·'u=)-w--²u.V

314 3594 388 3636 cum
421 3570 528 3635 media
554 3594 630 3655 pars
659 3571 819 3654 dactylica
846 3572 1009 3655 utrimque
1038 3573 1178 3657 epitritis
1207 3574 1405 3639 circumdata
1434 3574 1491 3657 sit,
1522 3574 1595 3657 ipsa

315 3679 534 3743 concinnitate
563 3678 809 3762 compositionis
837 3680 1000 3763 perfectus
1025 3680 1114 3743 etin
1138 3703 1171 3745 se
1196 3681 1354 3746 rotundus
1377 3702 1447 3745 esse
1469 3678 1594 3743 intelle-

314 3786 412 3871 gitur.
458 3786 547 3850 ldem
571 3786 657 3850 valet
680 3787 718 3850 de
742 3808 837 3851 versu
860 3786 885 3851 Ι.
904 3788 993 3851 ιἰιῠ

482 3921 1411 3964 a-⁷oo-o-o²cu-o-0‡c-oo.u;o-o!

316 4018 406 4082 cuius
434 4039 546 4082 versus
574 4019 680 4082 media
702 4041 778 4104 pars
802 4041 841 4083 ex
865 4020 971 4084 tribus
995 4019 1075 4084 colis
1098 4020 1297 4105 logaoedicis
1321 4021 1483 4086 simihbus
1510 4043 1596 4086 com-

314 4125 423 4209 posita
450 4124 597 4210 quamvis
624 4147 691 4189 non
718 4126 850 4209 paribus
878 4127 1014 4211 pedibus
1039 4126 1203 4212 utrimque
1227 4127 1457 4212 circumdetur,
1485 4132 1595 4193 tamen

314 4230 436 4315 optime
469 4253 489 4295 a
522 4231 613 4316 gravi
646 4232 717 4296 basi
748 4233 923 4317 spondaica
949 4232 1115 4297 inducitur
1142 4239 1175 4298 et
1202 4234 1237 4298 in
1264 4236 1394 4300 sedatos
1423 4235 1594 4300 trochaeos

313 4359 485 4401 numerose
508 4339 657 4403 excurrit.

403 4444 508 4508 Multo
537 4445 665 4529 saepius
693 4469 805 4511 versus
834 4447 904 4511 solo
934 4446 1023 4511 exitu
1052 4447 1205 4511 definitur
1230 4455 1263 4512 et
1288 4449 1327 4512 ad
1350 4448 1473 4513 iustum
1497 4450 1594 4515 finem

314 4551 490 4616 deducitur.
538 4554 645 4638 Atque
673 4554 735 4617 hoc
762 4554 902 4638 primurn
931 4554 982 4637 lit,
1010 4553 1037 4617 si
1065 4558 1142 4637 post
1169 4553 1249 4619 duas
1275 4554 1422 4639 pluresve
1447 4557 1594 4640 dipodius

313 4658 455 4743 tripudia
476 4658 585 4743 posita
608 4664 672 4743 est,
695 4660 784 4724 velut

480 4793 1223 4836 ευ,υὺ,ιυ-υ3.υ-υ.·.υυΙ-.ὶυ-υὲ
1282 4765 1434 4855 (016),

474 4899 957 4942 romanoram!
1010 4872 1192 4963 (nien),
