3442 5550
586 384 620 436 ll.
648 383 698 433 Da
716 382 811 434 ARTE
829 382 988 434 nasama
1007 383 1162 435 PlNDARl.
1466 380 1514 435 LV

227 542 296 609 Sed
329 544 358 609 si
390 549 547 629 quantum
579 565 699 629 pausae
731 544 818 609 inter
849 544 996 631 singulos
1029 567 1141 610 versus
1171 544 1350 611 intercedat
1379 546 1512 613 definire

225 650 326 736 velis,
349 673 416 716 rem
441 650 612 716 admodum
637 651 803 716 difficilem
826 656 859 717 et
876 652 1035 717 lubricam
1055 674 1126 717 esse
1144 652 1323 738 intelleges.
1361 652 1408 718 Ut
1425 653 1511 718 enim

227 760 311 823 fines
335 781 454 843 pausae
474 763 621 824 accurate
640 758 767 824 deliniri
785 763 937 844 possunt,
961 759 988 823 si
1007 781 1134 824 versum
1156 760 1380 825 catalecticum
1397 783 1510 825 versus

228 867 270 930 ab
295 866 361 930 arsi
383 866 541 950 incipiens
566 865 797 951 subsequatur,
819 866 909 931 velut

529 977 883 1042 ³w.w2w-h

523 1080 949 1149 .=.w.oorssiin-„²-o--
973 1078 1023 1167 (Ο.
1044 1078 1216 1167 ν12-3),

228 1206 276 1269 ita
298 1206 326 1270 si
350 1227 478 1270 versum
502 1205 713 1271 acatelectum
736 1228 848 1271 versus
872 1206 912 1270 ab
937 1205 1001 1270 arsi
1024 1206 1182 1290 incipiens
1206 1207 1257 1271 vel
1276 1226 1405 1270 versum
1424 1210 1508 1271 cata·

228 1312 378 1378 lecticum
403 1335 514 1378 versus
537 1313 578 1378 ab
603 1313 751 1378 anacrusi
774 1312 932 1398 incipiens
956 1317 1124 1396 sequatur,
1146 1312 1236 1377 velut

475 1440 509 1486 st
582 1438 1280 1488 --‡w-wfflffl2w-wssm

474 1527 811 1596 clamarit
839 1569 858 1594 o
895 1587 910 1594 -
939 1524 1193 1612 (0.v1113-4)

472 1653 1114 1704 Lu--ssw-wfflfflssu-

438 1741 553 1810 ,ιζυ
581 1801 597 1810 .
625 1802 641 1810 -
680 1769 695 1809 .=.
722 1784 802 1810 w-
829 1738 1262 1827 νυμ·,ε,α(().νιαΙ-ἱ)),

228 1867 341 1931 dubius
373 1866 536 1939 haerebis,
568 1870 678 1931 utrum
710 1865 792 1931 nihil
824 1888 943 1951 pausae
976 1887 1017 1929 an
1044 1865 1252 1930 intervallum
1280 1866 1381 1930 totius
1411 1868 1503 1951 pedis

228 1995 266 2037 an
287 1973 426 2059 denique
448 1973 655 2040 intervallum
680 1973 781 2038 totius
805 1973 952 2057 dipodiae
971 1972 1253 2038 intermittendum
1272 1995 1343 2037 esse
1362 1995 1503 2039 censeas.

226 2079 335 2165 Neque
364 2102 403 2146 ex
431 2080 611 2147 sententiae
636 2079 894 2146 conformatione
916 2079 1229 2164 interpunctionisve
1253 2079 1340 2145 notis
1365 2081 1503 2146 multum
1602 2130 1605 2135 ,

226 2188 333 2252 auxilii
358 2188 399 2253 ad
421 2187 642 2254 dubitationes
664 2187 745 2252 istas
768 2187 986 2272 profligandas
1005 2191 1114 2270 petere
1134 2187 1271 2271 poteris,
1296 2188 1449 2271 quoniam
1467 2188 1502 2253 in

224 2294 327 2381 longis
356 2294 440 2380 odis,
467 2295 572 2381 qualis
600 2299 651 2360 est
674 2293 811 2379 Pythice
839 2299 954 2378 quarta
981 2293 1118 2379 triginta
1145 2314 1261 2357 novem
1286 2294 1504 2380 stropharum,

225 2403 315 2467 modo
338 2423 491 2489 magnam
514 2402 822 2487 interpunctionem,
846 2401 942 2466 modo
965 2400 1089 2466 nullam
1112 2399 1147 2465 in
1169 2400 1233 2464 fine
1252 2400 1371 2484 prioris
1389 2424 1501 2469 versus

224 2507 361 2590 positam
382 2508 536 2574 invenies.
573 2508 666 2575 Unde
685 2509 833 2594 equidem
852 2531 917 2573 non
937 2508 1093 2592 mirabor,
1116 2507 1145 2571 si
1163 2507 1236 2592 quis
1255 2512 1386 2591 poetam
1404 2511 1501 2575 certis

223 2636 393 2698 pausarum
425 2615 605 2681 intervallis
638 2616 783 2702 singulos
816 2638 928 2681 versus
961 2615 1200 2680 discriminasse
1238 2615 1369 2680 omnino
1404 2623 1502 2703 neget

222 2726 431 2807 nostrumque
454 2727 605 2788 conatum
627 2745 801 2807 pausarum
821 2723 915 2810 signa
933 2721 1137 2788 intericiendi
1156 2722 1251 2806 plane
1271 2721 1384 2786 reiciat
1402 2728 1501 2809 atque

222 2828 356 2894 damnet.
398 2827 521 2895 Verum
540 2851 580 2894 ne
598 2829 660 2895 hac
679 2831 809 2915 quidem
827 2829 861 2893 in
882 2830 1071 2914 quaestione
1092 2829 1201 2894 omnia
1220 2829 1365 2893 carmina
1379 2830 1498 2895 eisdem

222 2937 356 3002 modulis
390 2937 552 3003 metienda
584 2942 668 3002 sunt.
714 2937 855 3003 Multum
884 2937 970 3002 enim
998 2938 1149 3019 interest,
1181 2936 1351 3001 steteritne
1381 2936 1499 3002 chorus

220 3042 301 3109 inter
324 3044 508 3110 canendum
531 3067 573 3109 an
591 3045 787 3128 processerit
806 3049 863 3108 aut
881 3043 1059 3109 saltaverit.
1090 3043 1130 3107 In
1148 3041 1255 3128 priore
1275 3042 1359 3107 enim
1381 3065 1498 3129 genere

221 3151 395 3217 carminum
422 3151 493 3216 fieri
520 3151 667 3235 potuisse
694 3151 830 3237 largior,
857 3155 895 3213 ut
924 3154 1021 3234 poeta
1048 3172 1166 3235 pausas
1193 3149 1264 3233 ipse
1287 3170 1353 3213 non
1376 3152 1498 3216 curarit

221 3261 312 3342 atque
340 3280 452 3323 curam
480 3280 653 3342 pausarum
680 3257 852 3324 intervalla
877 3256 994 3341 pollice
1018 3257 1068 3322 vel
1091 3256 1181 3341 pedis
1206 3255 1322 3341 plausu
1347 3256 1497 3343 signandi

221 3363 481 3430 chorodidascalo
517 3365 702 3448 permiserit
710 3363 752 3452 ¹),
789 3386 853 3449 qua
885 3363 985 3428 simili
1017 3363 1168 3428 libertate
1200 3363 1299 3428 etiam
1331 3369 1496 3430 nostrates

220 3472 332 3536 melodi
360 3476 513 3555 utuntur,
540 3493 613 3536 cum
643 3494 779 3556 pausam
805 3471 1165 3537 incommensurabilem
1190 3469 1230 3557 (F
1232 3470 1370 3558 armata)
1399 3474 1497 3539 versi·

219 3577 274 3642 bus
296 3578 494 3643 intericiunt.
533 3578 578 3642 At
595 3578 631 3643 in
650 3578 862 3664 carminibus,
885 3600 966 3663 quae
985 3583 1023 3642 ut
1041 3579 1157 3644 chorus
1177 3579 1264 3642 inter
1283 3578 1495 3663 gradiendum

218 3690 342 3750 caneret
365 3684 523 3750 distinata
545 3690 651 3771 erant,
678 3689 775 3770 poeta
797 3684 867 3769 ipse
890 3689 1069 3749 metrorum
1093 3684 1349 3750 conformatione
1371 3686 1495 3770 prospi-

217 3813 283 3856 cere
302 3791 457 3876 debebat,
474 3797 511 3857 nt
530 3797 618 3859 certa
631 3791 802 3857 intervalla
816 3789 1012 3878 (ἐμμέτρους
1025 3789 1232 3877 ἀναπαύλας)
1246 3791 1333 3856 inter
1347 3792 1493 3878 singulos

216 3919 323 3964 versus
341 3898 588 3964 intermittenda
606 3899 812 3985 significaret.
846 3897 908 3963 Sed
928 3921 999 3963 cum
1020 3899 1072 3963 vel
1090 3899 1141 3962 his
1156 3898 1189 3961 in
1204 3897 1401 3963 carminibus
1416 3923 1493 3984 pau·

216 4026 320 4070 sarum
343 4005 602 4091 magnitudinem
626 4005 758 4070 definire
782 4005 954 4070 admodum
978 4005 1110 4070 difficile
1129 4027 1199 4069 esse
1218 4005 1380 4090 videatur,
1403 4029 1493 4090 prae·

216 4113 322 4178 sertim
347 4134 420 4177 cum
443 4117 558 4197 poetae
581 4111 710 4177 licuerit
736 4134 796 4196 pro
819 4112 945 4198 exiguis
967 4112 1041 4178 istis
1064 4110 1174 4196 pausis
1198 4110 1296 4199 longa
1317 4111 1493 4179 interludia

216 4219 344 4284 musicis
367 4219 498 4305 organis
522 4219 678 4303 explenda
700 4219 930 4303 intermittere,
957 4219 991 4282 in
1020 4217 1193 4283 schematis
1218 4217 1356 4303 singulis
1380 4221 1492 4285 carmi-

214 4325 305 4390 nibus
325 4325 511 4409 praemissis
530 4329 626 4390 notas
645 4330 828 4411 temporum
841 4325 987 4391 inanium
1001 4325 1107 4390 nullas
1122 4324 1336 4390 adhibuimus.
1363 4324 1425 4391 Sed
1439 4327 1490 4392 his

214 4431 244 4495 iu
257 4430 500 4517 Prolegomenis
517 4431 584 4497 iarn
603 4432 782 4517 periculum
800 4433 906 4498 facere
925 4433 1048 4517 placuit
1066 4432 1295 4497 nonnullorum
1311 4434 1489 4499 carminum

214 4538 446 4625 diagrammata
464 4539 662 4625 syllabarum
682 4544 715 4604 et
733 4561 908 4624 pausarum
927 4539 1107 4605 intervallis
1122 4540 1255 4604 definita
1269 4540 1489 4627 proporrere.²)

298 4699 324 4763 1)
343 4695 422 4751 conf.
441 4695 556 4751 Arima
576 4694 785 4767 prob1.1a‚sa.

297 4768 325 4837 2)
343 4767 497 4822 Pausarum
516 4768 586 4822 fines
604 4767 634 4822 in
648 4768 702 4822 fine
718 4767 896 4850 stropharum
910 4769 940 4821 et
953 4768 1105 4838 epodorum
1121 4772 1197 4821 certo
1212 4766 1321 4822 definiri
1336 4783 1391 4821 non
1405 4783 1488 4837 posse

216 4840 240 4890 et
255 4855 272 4893 a
290 4855 335 4893 me
353 4856 404 4909 pro
422 4839 540 4896 arbitrio
559 4839 667 4910 positos
686 4854 746 4893 esse
764 4839 853 4893 libere
872 4836 970 4894 fateor.
