3442 5550
687 376 837 427 PINDARI
854 374 1020 427 EPINICIA.

760 537 806 601 De
828 536 949 603 metris.

307 650 479 709 Carminum
503 650 609 710 horum
633 654 728 709 metra
751 651 1037 727 dactylo-epitritica
1061 651 1099 709 ad
1125 670 1258 710 severam
1281 654 1312 710 et
1335 653 1501 730 antiquam

218 759 353 800 normam
383 740 549 815 composita
578 743 664 817 sunt,
694 742 730 798 ut
759 740 897 799 similiter
927 743 1018 816 atque
1048 740 1080 798 in
1110 741 1240 800 carmine
1269 740 1302 800 Ο.
1325 760 1361 799 111
1388 760 1500 802 cursus

218 850 410 889 numerorum
437 848 505 889 raro
534 832 624 905 atque
654 848 742 906 saepe
774 850 811 888 ne
839 829 870 887 in
897 829 955 888 fine
983 829 1104 906 quidem
1132 830 1320 908 singulorum
1352 850 1499 890 versuum

219 920 406 995 interruptus
429 919 477 977 sit.
515 919 618 978 Solum
641 919 672 977 in
695 937 784 979 versu
808 930 841 977 63
864 918 920 978 hoc
943 918 1000 977 sibi
1024 919 1152 995 sumpsit
1175 922 1264 995 poeta
1287 920 1441 998 licentiam
1459 924 1499 979 ut

219 1008 346 1068 nominis
365 1008 479 1085 proprii
499 1007 656 1067 Τελεσιάδα
674 1011 784 1068 natura
802 1012 961 1068 excusatus
979 1010 1101 1087 longam
1120 1009 1261 1085 dactylici
1275 1010 1358 1086 pedis
1372 1010 1403 1068 in
1419 1010 1497 1069 duas

219 1099 322 1157 breves
342 1098 455 1157 solvere
475 1098 597 1156 auderet
621 1091 671 1178 (cf.
691 1099 728 1156 N.
749 1117 791 1156 vn
811 1090 867 1179 70).
900 1099 1048 1157 Versuum
1071 1118 1140 1158 vero
1164 1098 1271 1158 divisio
1294 1103 1416 1175 poetam
1435 1120 1496 1160 non

219 1188 386 1264 prohibuit,
416 1187 577 1263 quominus
607 1187 770 1264 cabalaam,
801 1207 878 1263 quae
908 1187 996 1247 finem
1026 1188 1140 1264 periodi
1171 1189 1343 1248 antecedere
1371 1192 1403 1248 ot
1425 1209 1496 1249 con-

220 1278 383 1336 versionem
412 1270 544 1352 rhythmi
573 1276 703 1335 indicare
731 1277 819 1354 solet,
849 1277 881 1335 in
908 1278 1031 1353 stropha
1058 1280 1128 1336 ante
1155 1278 1297 1336 ultimum
1327 1278 1496 1338 membrum

219 1367 397 1443 paenultimi
421 1384 533 1442 versus,
556 1365 588 1423 in
611 1366 705 1441 epodo
728 1370 797 1442 post
819 1367 948 1442 primam
970 1369 1087 1443 partem
1110 1367 1211 1426 ultimi
1234 1387 1337 1427 versus
1360 1372 1495 1444 poneret.

219 1456 318 1532 llpodi
345 1456 507 1515 versiculos
535 1455 658 1514 tertium
686 1458 717 1514 et
745 1458 885 1532 quartum
914 1456 1075 1532 quominus
1102 1457 1132 1515 in
1160 1476 1253 1515 unum
1282 1476 1400 1517 versum
1424 1478 1495 1518 con-

219 1546 382 1623 iungerem,
408 1544 582 1621 scrupulum
608 1544 707 1605 animo
733 1545 899 1604 iniecerunt
924 1545 1057 1621 syllabae
1085 1546 1230 1622 ancipites
1260 1547 1291 1605 in
1316 1546 1373 1606 fine
1397 1568 1445 1607 vv.
1459 1560 1494 1606 33

220 1638 251 1694 et
274 1647 307 1693 37
331 1635 487 1694 admissae.
511 1666 552 1674 —
577 1634 717 1694 Carmina
744 1635 804 1694 duo
833 1635 862 1693 in
891 1635 1098 1695 comissatione
1126 1635 1248 1710 publica
1270 1656 1288 1695 a
1311 1637 1401 1696 choro
1425 1656 1494 1696 can·

221 1725 313 1783 tanda
341 1742 371 1783 se
398 1724 562 1784 destinasse
589 1727 679 1800 poeta
701 1725 791 1784 verbo
814 1723 958 1802 κωμάζειν
980 1724 1026 1783 bis
1049 1728 1195 1801 usurpato
1219 1718 1280 1806 (vv.
1300 1738 1325 1784 8.
1345 1718 1395 1805 90)
1419 1727 1495 1785 indi·

221 1814 314 1890 cavit3
338 1834 434 1890 neque
457 1813 521 1872 ullo
544 1814 575 1872 in
599 1814 728 1873 carmine
751 1814 910 1874 Pindarico
934 1815 1030 1873 oratio
1054 1814 1150 1892 magis
1174 1834 1265 1891 quam
1284 1815 1314 1872 in
1334 1815 1390 1873 hoc
1413 1816 1495 1876 chori

220 1904 356 1980 partibus
384 1904 612 1963 adcommodata
638 1906 696 1981 est;
725 1923 854 1980 namque
882 1903 956 1961 nihil
985 1904 1015 1961 in
1043 1908 1105 1962 tam
1133 1903 1223 1982 longo
1251 1904 1381 1963 carmine
1404 1904 1441 1965 de
1464 1924 1494 1965 se

221 1996 310 2069 pocta
334 1993 477 2069 loquitur,
501 1993 601 2052 omnia
624 2013 658 2051 ex
682 1993 830 2052 sententia
853 1997 884 2052 et
906 2012 1033 2069 persona
1051 1993 1145 2053 totius
1164 1994 1254 2053 chori.
1287 1993 1373 2064 Quod
1392 1997 1494 2053 autern

220 2082 266 2141 bis
289 2074 350 2162 (vv.
373 2093 404 2141 15
424 2086 455 2141 et
474 2075 523 2162 53)
547 2082 676 2141 secunda
703 2101 829 2158 persona
856 2082 968 2158 plurali
991 2074 1080 2163 (ἴστε)
1109 2101 1181 2142 usus
1209 2086 1267 2161 est,
1294 2084 1350 2142 hoc
1379 2087 1435 2142 aut
1461 2085 1496 2143 de

221 2172 371 2230 choreutis
394 2190 456 2230 sese
480 2172 607 2231 invicem
626 2172 875 2247 compellantibus
894 2176 948 2229 aut
967 2172 1004 2231 de
1022 2172 1111 2231 choro
1130 2191 1269 2231 coronam
1287 2172 1403 2232 virium
1423 2174 1496 2234 allo·

222 2264 331 2337 quante
355 2262 543 2337 interpretor.
589 2262 701 2320 Tamen
729 2262 764 2320 de
788 2262 876 2321 choro
900 2262 1050 2339 gradatim
1074 2262 1251 2337 procedente
1275 2262 1414 2338 equidem
1437 2282 1496 2323 non

221 2350 429 2428 cogitaverim,
453 2351 696 2426 quandoquidem
719 2370 814 2427 neque
838 2351 940 2427 pausis
964 2351 1037 2409 satis
1060 2351 1151 2426 spatii
1174 2352 1204 2409 in
1228 2351 1285 2410 fine
1309 2351 1497 2431 singulorum

221 2459 360 2499 versuum
388 2440 525 2498 relictum
552 2445 597 2499 est
620 2460 716 2515 nequo
740 2441 914 2500 catalectica
937 2440 1068 2516 tripodia
1091 2441 1190 2498 ultimi
1214 2460 1317 2500 versus
1341 2442 1429 2517 epodi
1453 2442 1496 2500 fa·

221 2529 277 2588 cile
299 2528 437 2604 passibus
460 2529 541 2587 chori
565 2529 703 2604 adaptari
726 2534 838 2607 potest3
862 2549 1046 2606 quamquam
1065 2529 1088 2587 si
1108 2530 1234 2589 audacia
1252 2530 1308 2588 tibi
1328 2550 1386 2590 non
1406 2531 1497 2608 deest,

219 2619 346 2677 alteram
369 2618 579 2677 difficultatem
602 2619 657 2676 hac
680 2619 825 2678 divisione
849 2619 953 2678 tollere.
976 2618 1101 2694 potoris:

714 2739 998 2788 ᾩ-υυιυαζ

275 2885 319 2944 Εἴ
338 2904 388 2957 τις
411 2880 545 2965 ἀνδρῶν
567 2880 762 2964 εὐτυχήσαις
785 2880 805 2964 ἢ
829 2883 892 2947 σὺν
916 2881 1063 2959 εὐδόξοις
1085 2881 1222 2958 ἀέθλοις
1299 2888 1381 2968 Στρ.
1400 2884 1471 2949 α’.’

273 2987 293 3071 ἢ
316 2988 429 3053 σθένει
452 2990 598 3053 πλούτου
622 2987 747 3072 κατέχει
771 2986 896 3075 φρασίν
919 2990 1018 3071 αίανῆ
1040 2991 1156 3072 κόρον,

273 3096 362 3174 ίίξιος
385 3095 551 3178 εὐλογίαις
574 3095 683 3161 ἀστῶν
706 3102 872 3180 μεμῖχθαι.
1481 3118 1496 3163 5

276 3208 354 3286 Ζεῦ,
378 3202 515 3287 μεγάλαι
539 3200 571 3266 δ’
597 3200 709 3288 ἀρεταί
733 3209 871 3278 θνατοῖς
894 3201 1027 3267 ἕπονται

238 3310 308 3376 σέκ
331 3309 444 3376 σέθεν·
470 3311 540 3386 ζώει
564 3306 600 3373 δὲ
623 3310 758 3393 μάσσων
782 3312 880 3393 ὄλβος
902 3309 1118 3394 ὀπιζομένων,
1141 3315 1296 3395 πλαγίαις

318 3414 354 3482 di
378 3416 555 3503 φρένεσσιν

273 3525 334 3609 οὐχ
358 3525 445 3609 ὁμῶς
468 3523 575 3588 πάντα
598 3528 720 3608 χρόνον
743 3524 880 3590 θιίλλων
903 3525 1018 3610 ὁμιλεῖ.
1465 3547 1498 3594 10

290 3719 370 3753 viam
391 3718 494 3753 nermo.
531 3700 615 3754 Inscr.
635 3718 688 3756 om.
707 3702 775 3756 BD
797 3700 837 3769 (in
863 3702 892 3754 D
915 3700 968 3755 hoc
994 3719 1105 3756 carmen
1132 3720 1194 3755 cum
1219 3703 1407 3828 praecedente
1434 3722 1497 3759 con·

220 3774 345 3827 iunctum
365 3774 426 3840 est),
446 3769 543 3834 ἵπποις
561 3788 594 3825 ex
614 3772 700 3827 schol.
720 3773 762 3826 ed.
782 3773 874 3839 Rom,
893 3771 1055 3846 παγκρατίῳ
1074 3773 1200 3842 Boeckh,

220 3844 318 3913 scripsi
337 3846 369 3896 ut
388 3843 506 3896 duorum
525 3843 679 3897 carminum
699 3848 865 3911 argumenta
883 3845 1146 3915 comprehenderem
1164 3877 1196 3884 -
1217 3845 1323 3901 Schol:
1342 3844 1496 3916 γέγραπται

220 3914 349 3987 Μελίσσῳ
371 3912 497 3988 Θηβαίῳ·
523 3911 603 3977 οὗτος
622 3913 748 3983 ἐνίκησεν
763 3913 877 3985 Ἴσθμια
896 3917 944 3969 καὶ
965 3914 1069 3985 Νέμεα,
1088 3915 1252 3986 πρόσκειται
1271 3916 1301 3971 δὲ
1321 3926 1354 3989 τῇ
1374 3918 1435 3991 ᾠδῇ
1454 3918 1496 3973 irr-

219 4007 283 4050 ποις
302 3986 350 4040 διὰ
369 3986 401 4040 τὸ
420 3986 456 4075 μίῳ
476 3988 581 4055 δηλοῦν
598 3987 648 4041 τὸν
666 3984 812 4056 Πίνδαρον
831 3987 929 4042 τὸτοῦ
949 3986 1140 4057 ἀγωνίσματος
1159 3984 1246 4058 εἶδος,
1265 3987 1386 4058 πότερον
1405 3990 1496 4061 κέλητι

220 4056 406 4145 ἣτεθῳίππῳ,
421 4077 508 4127 μονον
523 4056 553 4112 δὲ
569 4056 741 4133 ἱπποδρομίᾳ
755 4059 828 4129 λέγει
842 4058 1058 4129 ἐστεφανῶσθαι
1077 4061 1121 4129 (cf.
1137 4080 1161 4115 v.
1179 4066 1225 4129 ra);
1245 4065 1276 4115 at
1294 4061 1360 4117 vide
1379 4081 1405 4117 τ,
1422 4080 1446 4118 ιτ
1466 4095 1495 4103 -

220 4138 244 4186 5.
264 4149 396 4201 φρενεσιν
415 4131 445 4185 D
463 4162 496 4169 —

1231 3793 1316 3838 πποις
1334 3774 1497 3849 παγκρατίῳ)

291 4292 480 4327 coummrrmu.
500 4291 525 4328 v.
538 4280 561 4326 l.
581 4273 632 4327 σὺν
647 4273 772 4338 εὐδόξοις
786 4270 901 4336 ἀέθλοις
915 4273 999 4345 iunge
1014 4292 1075 4328 cum
1093 4273 1271 4344 εὐτυχήσαις·
1287 4275 1322 4329 dc
1337 4276 1389 4329 σὺν
1404 4293 1428 4331 c.
1440 4277 1497 4331 dat.

219 4366 269 4417 pro
289 4345 410 4415 simplici
431 4344 527 4398 dativo
547 4344 755 4399 instrumentali
775 4344 846 4399 conl.
862 4345 891 4399 P.
907 4366 917 4397 1
931 4363 963 4400 aa.
985 4346 1018 4399 N.
1034 4366 1049 4399 x
1065 4364 1091 4400 rs
1106 4379 1138 4386 —
1154 4354 1178 4400 3,
1198 4344 1318 4416 κατέχει,
1333 4364 1497 4417 oppressum

219 4422 309 4485 lenet;
334 4418 368 4472 cf.
389 4416 444 4471 Sol.
466 4433 489 4483 ι,
509 4435 529 4471 e.
558 4416 741 4486 Theogenes
767 4448 800 4456 -
829 4424 853 4470 4.
885 4421 950 4472 Ζεῦ·
975 4419 1070 4471 Iovem
1092 4418 1206 4472 invocat
1225 4422 1254 4473 ct
1272 4418 1347 4487 quod
1372 4437 1497 4474 summus

219 4490 345 4545 omnium
367 4491 459 4542 rector
482 4490 526 4541 est
548 4490 577 4541 et
595 4488 670 4555 quod
691 4487 859 4542 Nemeaeum
878 4488 1026 4544 victoriam
1046 4489 1159 4543 Melisso
1179 4489 1342 4560 impertivit.
1381 4491 1496 4547 Senten-

219 4562 261 4616 tia
289 4559 390 4614 similis
418 4561 461 4613 est
489 4559 518 4612 Ρ.
538 4577 548 4609 ι
571 4575 605 4613 rr.
638 4559 745 4628 Maesa,
775 4560 901 4630 Orpheus
930 4581 956 4631 p.
976 4578 1015 4615 ma
1040 4560 1113 4615 falso
1141 4562 1195 4615 huc
1223 4560 1334 4616 rettulit
1359 4561 1497 4633 placitum

219 4632 409 4686 Christianum
425 4631 458 4683 de
473 4629 626 4683 virtutibus
641 4630 749 4685 animas
765 4636 936 4686 mortuorum
950 4632 1151 4686 comitantibus
1165 4633 1194 4687 in
1209 4634 1294 4703 Apoc.
1310 4633 1408 4688 Ioann.
1424 4652 1458 4704 rr,
1474 4652 1497 4689 m

221 4737 256 4743 —
276 4711 299 4758 6,
325 4704 375 4772 οὐχ
395 4701 467 4771 ὁμῶς
491 4717 662 4770 quamquam
681 4719 743 4757 cum
762 4703 857 4758 πάντα
876 4702 978 4774 χρόνον
996 4702 1076 4772 iungi
1095 4707 1201 4773 potest,
1221 4704 1321 4759 melius
1340 4708 1439 4761 tamen
1457 4723 1497 4760 rc·

220 4776 308 4828 l'ertur
326 4774 362 4827 ad
381 4770 512 4841 πλαγίαις
531 4770 688 4841 φρένεσσιν,
707 4778 739 4828 ut
757 4774 836 4843 impii
856 4775 983 4829 homines
997 4792 1054 4828 non
1068 4792 1158 4844 aeque
1172 4781 1259 4845 atque
1274 4776 1341 4831 iusti
1356 4778 1497 4848 perpetui-

220 4848 278 4901 tate
306 4846 436 4899 fortunac
459 4844 513 4897 t'rui
533 4844 664 4899 dicantur
684 4878 713 4885 —
735 4845 834 4915 ὁμιλεῖ,
855 4846 948 4914 adest3
968 4848 1003 4901 cf.
1023 4846 1051 4900 Ρ.
1072 4866 1109 4901 vn
1129 4866 1141 4903 ν
1160 4850 1190 4902 et
1207 4848 1271 4902 Eur.
1291 4847 1334 4903 El.
1353 4865 1395 4904 aro
1412 4849 1448 4903 τὰ
1467 4848 1497 4903 δὲ
