3442 5550
827 1016 1031 1067 onrnss.z.

628 1178 949 1261 AIAFOPA2
991 1176 1222 1260 ΡΟΔΙΩι

851 1372 999 1422 unkrut

835 1655 1012 1723 Strophae.

375 3301 523 3378 Diagoras
551 3302 711 3380 Damageti
741 3301 820 3360 lilius
847 3301 982 3360 Rhodius
1006 3321 1021 3358 e
1045 3300 1231 3359 nobilissima
1258 3303 1346 3377 gente
1370 3300 1564 3360 Eratidarum

287 3382 327 3469 (v.
339 3383 396 3468 93),
411 3409 488 3464 qnae
499 3410 516 3448 a
527 3390 707 3469 Tlepolemo,
722 3390 860 3450 Herculis
874 3389 945 3465 filio,
961 3389 1105 3467 originem
1121 3389 1215 3465 duxit,
1226 3386 1270 3447 Ol.
1279 3392 1318 3447 79
1330 3413 1371 3436 =
1383 3392 1447 3448 464
1458 3408 1486 3449 a.
1495 3389 1563 3451 Chr.

285 3477 426 3555 pugilatu
442 3476 600 3555 Olympiae
616 3480 696 3540 vicit.
723 3481 769 3537 Ex
783 3479 880 3538 tribus
895 3478 1069 3537 civitatibus
1084 3478 1200 3536 insulae
1214 3477 1311 3537 Rhodi
1326 3477 1468 3556 Ialysum,
1483 3479 1564 3537 utin

285 3584 346 3642 qua
360 3567 433 3626 urbe
449 3567 519 3626 olim
536 3569 723 3646 Damagetus
742 3569 856 3647 regiam
875 3570 1055 3643 potestatem
1075 3566 1239 3627 exercuerit
1258 3560 1299 3647 (v.
1313 3566 1402 3625 Paua.
1418 3586 1448 3625 rv
1464 3578 1507 3645 ⁶24,
1523 3560 1563 3647 1),

285 3655 415 3730 patriam
443 3657 566 3716 victoris
589 3659 680 3717 fuisse
705 3658 865 3718 verisimile
893 3660 946 3716 est.
993 3657 1059 3732 Ipse
1087 3658 1186 3714 clarus
1210 3657 1288 3715 inter
1309 3675 1421 3732 paucos
1445 3660 1564 3716 statura

285 3748 316 3803 et
336 3744 440 3804 robore
464 3747 595 3822 eorporis
619 3748 686 3826 fuit,
710 3749 834 3824 eiusque
857 3745 1000 3804 memoria
1019 3749 1050 3804 et
1068 3746 1123 3805 hae
1143 3746 1199 3805 oda
1222 3745 1253 3803 in
1276 3745 1388 3821 templo
1412 3746 1563 3805 Minervae

286 3831 411 3892 Liudiae
435 3837 534 3894 aureis
557 3837 666 3896 litteris
690 3841 814 3896 exarata
837 3839 868 3894 et
891 3838 994 3893 statua
1016 3836 1085 3910 plus
1109 3839 1240 3911 quatuor
1267 3835 1437 3894 cubitorum
1460 3833 1563 3910 Olym-

284 3921 353 3999 piae
376 3924 475 3998 posita
499 3918 540 4006 (v.
556 3926 644 3985 schol.
665 3927 703 3985 ad
721 3927 854 3986 inseret
872 3925 1093 4002 Paua.vr7‚·2)
1112 3925 1150 3983 ad
1169 3926 1304 3999 posteros
1322 3927 1490 4002 propagata
1509 3928 1563 3984 est.

284 4011 384 4070 Patris
416 4033 486 4073 vero
519 4015 620 4073 studia
649 4017 806 4094 pugilatus
835 4017 866 4072 et
895 4013 1044 4089 pancratii
1075 4014 1167 4072 etiarn
1199 4013 1237 4071 ad
1268 4013 1345 4072 filios
1377 4018 1409 4071 et
1439 4017 1563 4089 nepotes

285 4101 439 4160 transiisse
463 4107 614 4163 testantur
636 4106 726 4164 schol.
750 4107 787 4164 ad
811 4106 897 4162 inser.
921 4106 952 4161 et
974 4103 1063 4160 Pana
1084 4122 1114 4161 v1
1140 4114 1154 4160 7
1178 4105 1209 4160 et
1231 4100 1290 4161 Cio.
1314 4102 1401 4161 Tuae.
1425 4113 1502 4162 146.

373 4190 532 4268 Magnifioo
564 4195 729 4272 prooemio,
762 4215 821 4271 quo
855 4211 943 4249 sunm
976 4183 1100 4250 munus¹
1117 4194 1207 4267 poeta
1238 4208 1307 4249 euin
1337 4195 1443 4266 patera
1471 4211 1564 4251 aurea

285 4277 363 4337 inter
386 4281 556 4340 convivium
586 4303 694 4360 genero
725 4285 828 4344 oblata
857 4281 993 4357 apposite
1023 4282 1151 4356 confert,
1182 4280 1342 4358 eonsilium
1371 4281 1562 4356 praedicandi

284 4367 441 4428 victoriam
470 4370 620 4448 Diagorae
654 4374 751 4449 aperit
778 4363 904 4454 (1-19).
950 4369 986 4427 In
1016 4369 1175 4445 principali
1206 4373 1291 4444 parte
1325 4370 1399 4428 odae
1428 4364 1563 4450 (ao—tt)

285 4460 346 4516 tres
376 4459 496 4517 tabulas
524 4461 622 4519 Rhodi
655 4463 769 4521 insulae
800 4462 919 4535 narrat,
943 4478 958 4517 e
982 4459 1091 4534 quibus
1122 4459 1219 4533 prima
1249 4462 1295 4517 est
1324 4459 1360 4517 de
1390 4460 1563 4535 Tlepolemo

283 4546 443 4606 Heraelida
476 4549 513 4607 ad
545 4550 722 4626 expiandam
750 4553 872 4611 caedem
903 4547 1050 4623 Licymnii
1078 4548 1109 4605 in
1137 4547 1280 4621 insulam,
1306 4548 1360 4605 nbi
1387 4550 1504 4624 Iupiter
1532 4550 1563 4607 in

284 4636 436 4695 natalibus
465 4638 617 4697 Minervae
647 4634 764 4698 aurum'
785 4641 923 4717 pluisset,
954 4636 1102 4695 coloniam
1133 4636 1276 4695 deducere
1307 4637 1388 4697 iusso
1418 4631 1562 4718 (ad-38),

285 4725 381 4785 altera
408 4724 443 4785 de
471 4727 595 4787 Rhodiis
619 4748 637 4785 a
660 4729 794 4788 Minerva
822 4733 944 4807 propter
967 4744 1051 4783 sacra
1074 4726 1146 4783 deae
1169 4725 1201 4782 in
1224 4746 1290 4785 arce
1315 4726 1457 4785 instituta
1479 4727 1563 4786 miris

284 4814 417 4873 mfificiis
441 4817 538 4875 auctis
557 4811 699 4894 (39—53'1,
724 4821 813 4878 tertia
838 4820 873 4878 de
896 4812 1000 4878 Rhodo
1025 4814 1124 4872 insula
1148 4817 1238 4873 antea
1261 4815 1292 4872 in
1317 4835 1446 4892 aequore
1469 4817 1563 4875 maris

563 4884 570 4897 'a
