3442 5550
746 1168 910 1220 ΙΣΘΜῙΟΝ.
930 1165 971 1220 Ζ’.

484 1331 905 1416 ΣΤΡΕΨΙΑΔΗι
951 1329 1239 1414 ΘΗΒΑΙΩι

744 1526 973 1576 ΠΑΓΚΒΑΤΙΩι.

768 1808 945 1880 strophae.

734 3362 976 3444 Argumentum.

307 3490 509 3567 Strepsiadem
529 3492 705 3552 Thebanum
724 3492 851 3552 Isthmia
869 3490 1024 3568 pancratio
1044 3491 1149 3549 vicisse
1169 3491 1412 3567 avunculumque
1431 3491 1495 3550 eius

216 3579 432 3657 cognominem,
447 3581 570 3641 Diodoti
588 3581 694 3659 filium,
709 3583 762 3658 qui
776 3582 868 3657 paulo
883 3584 952 3639 ante
971 3600 1024 3656 pro
1043 3580 1143 3656 patrie
1162 3583 1287 3638 mortem
1307 3580 1496 3656 occubuerat,

217 3672 385 3728 consortem
408 3670 523 3748 gloriae
546 3671 651 3730 secisse
675 3691 710 3729 ex
733 3671 863 3729 carmine
886 3670 951 3746 ipso
975 3669 1180 3745 comperimus
1217 3669 1262 3728 De
1284 3673 1417 3745 tempore
1436 3669 1495 3729 vic-

216 3758 314 3818 toriae
338 3759 414 3817 nihil
438 3761 598 3820 memoriae
621 3760 767 3818 traditum
790 3759 967 3836 invenimus
987 3758 1038 3818 sed
1056 3757 1137 3834 quod
1156 3758 1191 3816 de
1211 3761 1363 3817 senectute
1382 3759 1495 3818 elfato

216 3847 348 3906 instante
371 3852 462 3924 poeta
485 3848 576 3909 verba
598 3849 672 3909 facit
697 3841 738 3929 (v.
758 3841 821 3929 41),
848 3845 917 3907 inde
941 3847 1047 3908 merito
1071 3847 1238 3907 Boeckhius
1261 3848 1396 3925 collegit,
1420 3867 1495 3926 pug-

215 3954 299 4014 nem,
328 3956 389 4013 qua
417 3937 603 4015 Strepsiades
631 3939 800 3999 avunculus
822 3937 926 4013 periit,
951 3957 1010 3998 non
1033 3937 1240 3995 Plataeensem
1262 3935 1496 4014 intellegendam

215 4044 293 4103 esse,
320 4029 351 4085 et
374 4027 466 4086 etiam
490 4028 588 4087 minus
612 4027 794 4104 superiorem
819 4026 952 4103 aliquam
976 4044 1123 4104 pugnam,
1150 4025 1200 4082 sed
1225 4023 1495 4101 Oenophytensem‚

216 4134 278 4191 qua
297 4114 431 4174 Thebani
450 4117 589 4176 destituti
608 4136 626 4174 a
645 4115 888 4176 Lacedaemoniis
908 4108 949 4194 (v.
971 4127 1003 4175 16
1022 4134 1074 4191 sq,
1098 4113 1134 4173 cf.
1155 4113 1247 4172 Thuc.
1266 4133 1277 4170 1
1299 4124 1348 4172 108
1368 4117 1399 4174 et
1417 4114 1495 4173 Plat.

215 4204 329 4264 Menon.
344 4215 395 4262 ‘242
410 4198 453 4285 b),
473 4207 652 4282 quibuscum
671 4205 824 4266 coniuncti
842 4204 1025 4283 sexagesimo
1045 4202 1174 4263 secundo
1193 4202 1241 4262 die
1260 4206 1329 4261 ante
1344 4195 1385 4283 (v.
1401 4203 1494 4262 Thac.

215 4293 236 4353 1.
255 4285 290 4374 1.)
310 4293 507 4354 Athenienses
525 4299 557 4354 et
575 4295 704 4373 Argivos
722 4295 761 4353 ad
779 4295 950 4373 Tanagram
967 4294 1111 4370 vicerant,
1131 4290 1169 4350 ab
1184 4291 1416 4351 Atheniensibus
1434 4291 1496 4350 fusi

216 4384 248 4442 et
274 4382 376 4460 fugati
405 4387 483 4444 sunt.
530 4383 611 4454 Quae
642 4402 745 4463 pugna
772 4403 840 4443 cum
868 4403 946 4443 anno
971 4385 1033 4443 457
1058 4385 1184 4442 exeunte
1211 4383 1260 4440 vel
1284 4384 1347 4442 456
1373 4382 1494 4440 ineunte

215 4471 375 4532 commissa
402 4473 454 4549 sit,
484 4473 686 4549 Strepsiadem
714 4476 769 4532 aut
796 4493 864 4532 vere
892 4473 963 4533 anni
986 4475 1049 4533 456
1074 4464 1136 4552 (01.
1157 4474 1208 4548 80,
1232 4463 1267 4551 4)
1295 4474 1351 4529 aut
1377 4470 1494 4531 duobus

215 4560 303 4620 annis
332 4564 413 4638 post,
443 4581 511 4621 vere
542 4562 613 4621 anni
641 4565 705 4622 454
736 4554 797 4642 (01.
818 4565 874 4639 81,
899 4554 933 4643 ⁶2)
963 4560 1090 4620 Isthmia
1120 4560 1225 4620 vicisse
1255 4559 1410 4636 probabile
1440 4561 1493 4619 est.

215 4649 357 4709 Alterum
379 4653 416 4709 nt
439 4651 610 4728 admittam,
637 4652 788 4711 mentione
811 4651 990 4727 Pythiorum
1013 4651 1045 4709 in
1067 4648 1125 4709 fine
1149 4649 1289 4709 carminis
1312 4650 1394 4708 facta
1416 4668 1495 4708 com·

215 4758 351 4816 moveor3
381 4758 450 4798 nam
480 4740 616 4816 proxima
644 4741 755 4817 Pythia
784 4744 854 4816 post
882 4758 1016 4818 pugnam
1046 4740 1085 4798 ad
1113 4738 1292 4814 Oenophyta
1322 4758 1400 4798 anno
1429 4740 1493 4799 454

216 4828 369 4891 celebrata
388 4833 467 4890 sunt.
504 4830 606 4907 Longe
629 4830 777 4890 diversam
800 4829 948 4890 rationem
971 4828 1108 4906 Heynius
1131 4831 1162 4887 ct
1184 4828 1331 4905 Bergkius
1354 4827 1495 4908 inierunt,
