<?xml version="1.0" encoding="UTF-8"?>
<!DOCTYPE html PUBLIC "-//W3C//DTD XHTML 1.0 Transitional//EN"
    "http://www.w3.org/TR/xhtml1/DTD/xhtml1-transitional.dtd">
<html xmlns="http://www.w3.org/1999/xhtml" xml:lang="en" lang="en">
 <head>
  <title>
</title>
<meta http-equiv="Content-Type" content="text/html;charset=utf-8" />
  <meta name='ocr-system' content='tesseract 3.04.00' />
  <meta name='ocr-capabilities' content='ocr_page ocr_carea ocr_par ocr_line ocrx_word'/>
</head>
<body>
  <div class='ocr_page' id='page_1' title='image "./pindaricarminap00chrigoog_0224.png"; bbox 0 0 3442 5550; ppageno 0'>
   <div class='ocr_carea' id='block_1_1' title="bbox 698 383 920 441">
    <p class='ocr_par' dir='ltr' id='par_1_1' title="bbox 698 383 920 441">
     <span class='ocr_line' id='line_1_1' title="bbox 698 383 920 441; baseline 0 -7"><span class='ocrx_word' id='word_1_1' title='bbox 698 383 855 441; x_wconf 77' lang='lat' dir='ltr'><strong>OLYMPIA</strong></span> <span class='ocrx_word' id='word_1_2' title='bbox 873 383 920 434; x_wconf 85' lang='lat' dir='ltr'><strong><em>IX.</em></strong></span> 
     </span>
    </p>
   </div>
   <div class='ocr_carea' id='block_1_2' title="bbox 251 542 1212 1380">
    <p class='ocr_par' dir='ltr' id='par_1_2' title="bbox 329 542 1100 630">
     <span class='ocr_line' id='line_1_2' title="bbox 329 542 1100 630; baseline -0.004 -19"><span class='ocrx_word' id='word_1_3' title='bbox 329 545 405 611; x_wconf 89' lang='grc' dir='ltr'><strong><em>υίὸν</em></strong></span> <span class='ocrx_word' id='word_1_4' title='bbox 428 543 459 609; x_wconf 91' lang='grc' dir='ltr'><strong><em>δ’</em></strong></span> <span class='ocrx_word' id='word_1_5' title='bbox 476 543 635 630; x_wconf 91' lang='grc' dir='ltr'><strong><em>’Ἀκτορος</em></strong></span> <span class='ocrx_word' id='word_1_6' title='bbox 659 543 775 628; x_wconf 79' lang='grc' dir='ltr'><em>ἐξόχως</em></span> <span class='ocrx_word' id='word_1_7' title='bbox 799 548 936 629; x_wconf 80' lang='grc' dir='ltr'><strong><em>τίμασεν</em></strong></span> <span class='ocrx_word' id='word_1_8' title='bbox 959 542 1100 609; x_wconf 76' lang='grc' dir='ltr'><strong><em>ἐποίκων</em></strong></span> 
     </span>
    </p>

    <p class='ocr_par' dir='ltr' id='par_1_3' title="bbox 251 648 1212 1380">
     <span class='ocr_line' id='line_1_3' title="bbox 251 648 1212 736; baseline -0.003 -18"><span class='ocrx_word' id='word_1_9' title='bbox 251 671 284 718; x_wconf 78' lang='lat'><strong><em>70</em></strong></span> <span class='ocrx_word' id='word_1_10' title='bbox 330 655 471 736; x_wconf 83' lang='grc' dir='ltr'><strong><em>Αἰγίνας</em></strong></span> <span class='ocrx_word' id='word_1_11' title='bbox 493 676 527 717; x_wconf 90' lang='grc' dir='ltr'><strong><em>τε</em></strong></span> <span class='ocrx_word' id='word_1_12' title='bbox 550 655 747 717; x_wconf 86' lang='grc' dir='ltr'><strong><em>Μενοίτιον·</em></strong></span> <span class='ocrx_word' id='word_1_13' title='bbox 771 661 831 716; x_wconf 87' lang='grc' dir='ltr'><strong><em>τοῦ</em></strong></span> <span class='ocrx_word' id='word_1_14' title='bbox 853 663 931 727; x_wconf 92' lang='grc' dir='ltr'><strong><em>παῖς</em></strong></span> <span class='ocrx_word' id='word_1_15' title='bbox 954 649 1006 736; x_wconf 78' lang='grc' dir='ltr'><strong><em>ἅμ’</em></strong></span> <span class='ocrx_word' id='word_1_16' title='bbox 1032 648 1212 735; x_wconf 77' lang='grc' dir='ltr'><strong><em>Ἀτρείδαις</em></strong></span> 
     </span>
     <span class='ocr_line' id='line_1_4' title="bbox 336 755 1171 844; baseline -0.004 -19"><span class='ocrx_word' id='word_1_17' title='bbox 336 761 547 844; x_wconf 73' lang='grc' dir='ltr'><strong><em>Τεύθραντος</em></strong></span> <span class='ocrx_word' id='word_1_18' title='bbox 568 762 685 825; x_wconf 92' lang='grc' dir='ltr'><strong><em>πεδίον</em></strong></span> <span class='ocrx_word' id='word_1_19' title='bbox 708 760 820 844; x_wconf 83' lang='grc' dir='ltr'><strong><em>μολὼν</em></strong></span> <span class='ocrx_word' id='word_1_20' title='bbox 844 761 921 824; x_wconf 89' lang='grc' dir='ltr'><strong><em>ἔστα</em></strong></span> <span class='ocrx_word' id='word_1_21' title='bbox 944 761 1008 823; x_wconf 93' lang='grc' dir='ltr'><strong><em>σὺν</em></strong></span> <span class='ocrx_word' id='word_1_22' title='bbox 1029 755 1171 843; x_wconf 75' lang='grc' dir='ltr'><strong><em>Ἀχιλλεῖ</em></strong></span> 
     </span>
     <span class='ocr_line' id='line_1_5' title="bbox 330 863 1212 952; baseline -0.005 -20"><span class='ocrx_word' id='word_1_23' title='bbox 330 870 441 952; x_wconf 83' lang='grc' dir='ltr'><strong><em>μόνος,</em></strong></span> <span class='ocrx_word' id='word_1_24' title='bbox 465 865 513 932; x_wconf 84' lang='grc' dir='ltr'><strong><em>ὅτ’</em></strong></span> <span class='ocrx_word' id='word_1_25' title='bbox 540 866 719 952; x_wconf 64' lang='grc' dir='ltr'><strong><em>ἀλκάεντας</em></strong></span> <span class='ocrx_word' id='word_1_26' title='bbox 736 867 894 942; x_wconf 85' lang='grc' dir='ltr'><strong><em>Δαναοὺς</em></strong></span> <span class='ocrx_word' id='word_1_27' title='bbox 911 863 1047 950; x_wconf 76' lang='grc' dir='ltr'><strong><em>τρέψαις</em></strong></span> <span class='ocrx_word' id='word_1_28' title='bbox 1066 864 1212 929; x_wconf 73' lang='grc' dir='ltr'><strong><em>ἁλίαισιν</em></strong></span> 
     </span>
     <span class='ocr_line' id='line_1_6' title="bbox 330 975 848 1059; baseline -0.002 -21"><span class='ocrx_word' id='word_1_29' title='bbox 330 975 496 1059; x_wconf 81' lang='grc' dir='ltr'><strong><em>πρύμναις</em></strong></span> <span class='ocrx_word' id='word_1_30' title='bbox 524 975 672 1057; x_wconf 80' lang='grc' dir='ltr'><strong><em>Τήλεφος</em></strong></span> <span class='ocrx_word' id='word_1_31' title='bbox 694 976 848 1058; x_wconf 80' lang='grc' dir='ltr'><strong><em>ἔμβαλεν·</em></strong></span> 
     </span>
     <span class='ocr_line' id='line_1_7' title="bbox 330 1078 702 1166; baseline -0.003 -21"><span class='ocrx_word' id='word_1_32' title='bbox 330 1079 408 1145; x_wconf 79' lang='grc' dir='ltr'><strong><em>ὥστ’</em></strong></span> <span class='ocrx_word' id='word_1_33' title='bbox 434 1078 577 1166; x_wconf 83' lang='grc' dir='ltr'><strong><em>ἔμφρονι</em></strong></span> <span class='ocrx_word' id='word_1_34' title='bbox 600 1080 702 1158; x_wconf 85' lang='grc' dir='ltr'><strong><em>δεῖξαι</em></strong></span> 
     </span>
     <span class='ocr_line' id='line_1_8' title="bbox 330 1187 943 1272; baseline 0 -21"><span class='ocrx_word' id='word_1_35' title='bbox 330 1194 452 1271; x_wconf 80' lang='grc' dir='ltr'><strong><em>μαθεῖν</em></strong></span> <span class='ocrx_word' id='word_1_36' title='bbox 475 1189 673 1272; x_wconf 88' lang='grc' dir='ltr'><strong><em>Πατρόκλου</em></strong></span> <span class='ocrx_word' id='word_1_37' title='bbox 696 1187 831 1270; x_wconf 85' lang='grc' dir='ltr'><strong><em>βια-τάν</em></strong></span> <span class='ocrx_word' id='word_1_38' title='bbox 853 1189 943 1251; x_wconf 88' lang='grc' dir='ltr'><strong><em>νόον.</em></strong></span> 
     </span>
     <span class='ocr_line' id='line_1_9' title="bbox 332 1287 1076 1380; baseline -0.001 -23"><span class='ocrx_word' id='word_1_39' title='bbox 332 1291 363 1371; x_wconf 75' lang='grc' dir='ltr'><strong><em>ἐξ</em></strong></span> <span class='ocrx_word' id='word_1_40' title='bbox 388 1287 428 1357; x_wconf 87' lang='grc' dir='ltr'><strong><em>οὗ</em></strong></span> <span class='ocrx_word' id='word_1_41' title='bbox 453 1291 706 1376; x_wconf 81' lang='grc' dir='ltr'><strong><em>Θέτιος-γοῦνος</em></strong></span> <span class='ocrx_word' id='word_1_42' title='bbox 729 1293 830 1380; x_wconf 88' lang='grc' dir='ltr'><strong><em>οὐλίῳ</em></strong></span> <span class='ocrx_word' id='word_1_43' title='bbox 854 1317 910 1357; x_wconf 91' lang='grc' dir='ltr'><strong><em>νιν</em></strong></span> <span class='ocrx_word' id='word_1_44' title='bbox 934 1291 970 1357; x_wconf 86' lang='grc' dir='ltr'><strong><em>έν</em></strong></span> <span class='ocrx_word' id='word_1_45' title='bbox 984 1290 1076 1376; x_wconf 87' lang='grc' dir='ltr'><strong><em>’Ἀρει</em></strong></span> 
     </span>
    </p>
   </div>
   <div class='ocr_carea' id='block_1_3' title="bbox 331 1473 1390 2410">
    <p class='ocr_par' dir='ltr' id='par_1_4' title="bbox 331 1473 1390 2410">
     <span class='ocr_line' id='line_1_10' title="bbox 331 1473 720 1557; baseline -0.005 -21"><span class='ocrx_word' id='word_1_46' title='bbox 331 1482 550 1557; x_wconf 80' lang='grc' dir='ltr'><strong><em>παραγορεῖτο</em></strong></span> <span class='ocrx_word' id='word_1_47' title='bbox 574 1473 618 1554; x_wconf 83' lang='grc' dir='ltr'><strong><em>μή</em></strong></span> <span class='ocrx_word' id='word_1_48' title='bbox 640 1492 720 1535; x_wconf 90' lang='grc' dir='ltr'><strong><em>ποτε</em></strong></span> 
     </span>
     <span class='ocr_line' id='line_1_11' title="bbox 333 1576 855 1662; baseline -0.004 -19"><span class='ocrx_word' id='word_1_49' title='bbox 333 1577 494 1662; x_wconf 83' lang='grc' dir='ltr'><strong><em>σφετέρας</em></strong></span> <span class='ocrx_word' id='word_1_50' title='bbox 516 1579 636 1662; x_wconf 86' lang='grc' dir='ltr'><strong><em>άτερθε</em></strong></span> <span class='ocrx_word' id='word_1_51' title='bbox 658 1576 855 1654; x_wconf 80' lang='grc' dir='ltr'><strong><em>ταξιοῦσθαι</em></strong></span> 
     </span>
     <span class='ocr_line' id='line_1_12' title="bbox 333 1685 753 1769; baseline -0.002 -21"><span class='ocrx_word' id='word_1_52' title='bbox 333 1685 603 1769; x_wconf 80' lang='grc' dir='ltr'><strong><em>δαμασιμβρότου</em></strong></span> <span class='ocrx_word' id='word_1_53' title='bbox 626 1685 753 1767; x_wconf 77' lang='grc' dir='ltr'><strong><em>αἰχμάς.</em></strong></span> 
     </span>
     <span class='ocr_line' id='line_1_13' title="bbox 333 1790 843 1875; baseline -0.002 -20"><span class='ocrx_word' id='word_1_54' title='bbox 333 1797 405 1874; x_wconf 84' lang='grc' dir='ltr'><strong><em>είην</em></strong></span> <span class='ocrx_word' id='word_1_55' title='bbox 428 1791 623 1875; x_wconf 83' lang='grc' dir='ltr'><strong><em>εὑρησιεπὴς</em></strong></span> <span class='ocrx_word' id='word_1_56' title='bbox 645 1790 843 1872; x_wconf 81' lang='grc' dir='ltr'><strong><em>ἀναγεῖσθαι</em></strong></span> 
     </span>
     <span class='ocr_line' id='line_1_14' title="bbox 332 1896 889 1984; baseline -0.002 -22"><span class='ocrx_word' id='word_1_57' title='bbox 332 1900 524 1983; x_wconf 88' lang='grc' dir='ltr'><strong><em>πρόσφορος</em></strong></span> <span class='ocrx_word' id='word_1_58' title='bbox 548 1896 584 1962; x_wconf 86' lang='grc' dir='ltr'><strong><em>έν</em></strong></span> <span class='ocrx_word' id='word_1_59' title='bbox 607 1902 742 1962; x_wconf 86' lang='grc' dir='ltr'><strong><em>Μοισᾶν</em></strong></span> <span class='ocrx_word' id='word_1_60' title='bbox 766 1898 889 1984; x_wconf 90' lang='grc' dir='ltr'><strong><em>δίφρῳ·</em></strong></span> 
     </span>
     <span class='ocr_line' id='line_1_15' title="bbox 333 2001 955 2089; baseline 0.002 -21"><span class='ocrx_word' id='word_1_61' title='bbox 333 2006 436 2088; x_wconf 89' lang='grc' dir='ltr'><strong><em>τόλμα</em></strong></span> <span class='ocrx_word' id='word_1_62' title='bbox 459 2001 494 2069; x_wconf 79' lang='grc' dir='ltr'><strong><em>δέ</em></strong></span> <span class='ocrx_word' id='word_1_63' title='bbox 518 2002 572 2068; x_wconf 83' lang='grc' dir='ltr'><strong><em>καί</em></strong></span> <span class='ocrx_word' id='word_1_64' title='bbox 597 2004 791 2088; x_wconf 75' lang='grc' dir='ltr'><strong><em>ἀμφιλαφὴς</em></strong></span> <span class='ocrx_word' id='word_1_65' title='bbox 814 2006 955 2089; x_wconf 88' lang='grc' dir='ltr'><strong><em>δύναμις</em></strong></span> 
     </span>
     <span class='ocr_line' id='line_1_16' title="bbox 334 2107 1043 2197; baseline 0.003 -23"><span class='ocrx_word' id='word_1_66' title='bbox 334 2108 473 2174; x_wconf 81' lang='grc' dir='ltr'><strong><em>ἕσποιτο.</em></strong></span> <span class='ocrx_word' id='word_1_67' title='bbox 520 2110 676 2197; x_wconf 82' lang='grc' dir='ltr'><strong><em>προξενίᾳ</em></strong></span> <span class='ocrx_word' id='word_1_68' title='bbox 700 2108 731 2174; x_wconf 89' lang='grc' dir='ltr'><strong><em>δ’</em></strong></span> <span class='ocrx_word' id='word_1_69' title='bbox 757 2109 857 2196; x_wconf 82' lang='grc' dir='ltr'><strong><em>ἀρετᾷ</em></strong></span> <span class='ocrx_word' id='word_1_70' title='bbox 880 2109 908 2175; x_wconf 90' lang='grc' dir='ltr'><strong><em>τ’</em></strong></span> <span class='ocrx_word' id='word_1_71' title='bbox 935 2107 1043 2193; x_wconf 83' lang='grc' dir='ltr'><strong><em>ἦλθον</em></strong></span> 
     </span>
     <span class='ocr_line' id='line_1_17' title="bbox 335 2216 962 2303; baseline 0.003 -23"><span class='ocrx_word' id='word_1_72' title='bbox 335 2217 491 2303; x_wconf 74' lang='grc' dir='ltr'><strong><em>τιμάορος</em></strong></span> <span class='ocrx_word' id='word_1_73' title='bbox 512 2216 690 2301; x_wconf 88' lang='grc' dir='ltr'><strong><em>Ἰσθμίαισι</em></strong></span> <span class='ocrx_word' id='word_1_74' title='bbox 714 2219 962 2302; x_wconf 82' lang='grc' dir='ltr'><strong><em>Λαμπρομάχου</em></strong></span> 
     </span>
     <span class='ocr_line' id='line_1_18' title="bbox 388 2323 1390 2410; baseline -0.001 -21"><span class='ocrx_word' id='word_1_75' title='bbox 388 2328 532 2408; x_wconf 82' lang='grc' dir='ltr'><strong><em>μίτραις,</em></strong></span> <span class='ocrx_word' id='word_1_76' title='bbox 556 2323 602 2388; x_wconf 82' lang='grc' dir='ltr'><strong><em>ὅτ’</em></strong></span> <span class='ocrx_word' id='word_1_77' title='bbox 630 2323 812 2410; x_wconf 80' lang='grc' dir='ltr'><strong><em>ἀμφότεροι</em></strong></span> <span class='ocrx_word' id='word_1_78' title='bbox 835 2325 1003 2409; x_wconf 83' lang='grc' dir='ltr'><strong><em>κράτησαν</em></strong></span> <span class='ocrx_word' id='word_1_79' title='bbox 1341 2341 1390 2388; x_wconf 78' lang='lat'><strong><em>125</em></strong></span> 
     </span>
    </p>
   </div>
   <div class='ocr_carea' id='block_1_4' title="bbox 325 2500 1392 3016">
    <p class='ocr_par' dir='ltr' id='par_1_5' title="bbox 335 2500 1338 2695">
     <span class='ocr_line' id='line_1_19' title="bbox 337 2500 1338 2587; baseline 0.001 -21"><span class='ocrx_word' id='word_1_80' title='bbox 337 2505 417 2587; x_wconf 93' lang='grc' dir='ltr'><strong><em>μίαν</em></strong></span> <span class='ocrx_word' id='word_1_81' title='bbox 440 2505 539 2586; x_wconf 82' lang='grc' dir='ltr'><strong><em>ἔργον</em></strong></span> <span class='ocrx_word' id='word_1_82' title='bbox 562 2501 612 2566; x_wconf 80' lang='grc' dir='ltr'><strong><em>ἀν’</em></strong></span> <span class='ocrx_word' id='word_1_83' title='bbox 640 2500 773 2587; x_wconf 79' lang='grc' dir='ltr'><strong><em>ἁμέραν.</em></strong></span> <span class='ocrx_word' id='word_1_84' title='bbox 1188 2508 1268 2587; x_wconf 88' lang='grc' dir='ltr'><strong><em>Στρ.</em></strong></span> <span class='ocrx_word' id='word_1_85' title='bbox 1293 2503 1338 2567; x_wconf 89' lang='grc' dir='ltr'><strong><em>δ’.</em></strong></span> 
     </span>
     <span class='ocr_line' id='line_1_20' title="bbox 335 2605 778 2695; baseline 0.002 -22"><span class='ocrx_word' id='word_1_86' title='bbox 335 2611 432 2673; x_wconf 84' lang='grc' dir='ltr'><strong><em>άλλαι</em></strong></span> <span class='ocrx_word' id='word_1_87' title='bbox 456 2605 492 2673; x_wconf 76' lang='grc' dir='ltr'><strong><em>δέ</em></strong></span> <span class='ocrx_word' id='word_1_88' title='bbox 516 2608 567 2674; x_wconf 89' lang='grc' dir='ltr'><strong><em>δύ’</em></strong></span> <span class='ocrx_word' id='word_1_89' title='bbox 597 2608 632 2674; x_wconf 81' lang='grc' dir='ltr'><strong><em>ἐν</em></strong></span> <span class='ocrx_word' id='word_1_90' title='bbox 656 2613 778 2695; x_wconf 86' lang='grc' dir='ltr'><strong><em>Κορίν-</em></strong></span> 
     </span>
    </p>

    <p class='ocr_par' dir='ltr' id='par_1_6' title="bbox 325 2715 1392 3016">
     <span class='ocr_line' id='line_1_21' title="bbox 387 2715 1061 2803; baseline 0 -23"><span class='ocrx_word' id='word_1_91' title='bbox 387 2722 455 2780; x_wconf 93' lang='grc' dir='ltr'><strong><em>θου</em></strong></span> <span class='ocrx_word' id='word_1_92' title='bbox 478 2717 597 2792; x_wconf 84' lang='grc' dir='ltr'><strong><em>πύλαις</em></strong></span> <span class='ocrx_word' id='word_1_93' title='bbox 620 2715 763 2798; x_wconf 79' lang='grc' dir='ltr'><strong><em>ἐγένοντ’</em></strong></span> <span class='ocrx_word' id='word_1_94' title='bbox 791 2719 901 2782; x_wconf 84' lang='grc' dir='ltr'><strong><em>ἔπειτα</em></strong></span> <span class='ocrx_word' id='word_1_95' title='bbox 924 2716 1061 2803; x_wconf 80' lang='grc' dir='ltr'><strong><em>χάρμαι,</em></strong></span> 
     </span>
     <span class='ocr_line' id='line_1_22' title="bbox 334 2820 1392 2911; baseline 0.001 -24"><span class='ocrx_word' id='word_1_96' title='bbox 334 2820 388 2887; x_wconf 82' lang='grc' dir='ltr'><strong><em>ταὶ</em></strong></span> <span class='ocrx_word' id='word_1_97' title='bbox 412 2820 448 2887; x_wconf 69' lang='lat' dir='ltr'>oi</span> <span class='ocrx_word' id='word_1_98' title='bbox 471 2821 527 2887; x_wconf 81' lang='grc' dir='ltr'><strong><em>καὶ</em></strong></span> <span class='ocrx_word' id='word_1_99' title='bbox 550 2822 680 2908; x_wconf 81' lang='grc' dir='ltr'><strong><em>Νεμέας</em></strong></span> <span class='ocrx_word' id='word_1_100' title='bbox 700 2822 914 2911; x_wconf 79' lang='grc' dir='ltr'><strong><em>Ἐφαρμόστῳ</em></strong></span> <span class='ocrx_word' id='word_1_101' title='bbox 939 2826 1021 2889; x_wconf 87' lang='grc' dir='ltr'><strong><em>κατά</em></strong></span> <span class='ocrx_word' id='word_1_102' title='bbox 1043 2827 1181 2890; x_wconf 87' lang='grc' dir='ltr'><strong><em>κόλπον·</em></strong></span> <span class='ocrx_word' id='word_1_103' title='bbox 1341 2842 1392 2889; x_wconf 85' lang='grc'><strong><em>130</em></strong></span> 
     </span>
     <span class='ocr_line' id='line_1_23' title="bbox 325 2927 1338 3016; baseline -0.001 -22"><span class='ocrx_word' id='word_1_104' title='bbox 325 2927 440 3014; x_wconf 87' lang='grc' dir='ltr'><strong><em>Ἀργει</em></strong></span> <span class='ocrx_word' id='word_1_105' title='bbox 464 2928 493 2993; x_wconf 90' lang='grc' dir='ltr'><strong><em>τ’</em></strong></span> <span class='ocrx_word' id='word_1_106' title='bbox 520 2933 633 3013; x_wconf 82' lang='grc' dir='ltr'><strong><em>ἔσχεθε</em></strong></span> <span class='ocrx_word' id='word_1_107' title='bbox 657 2930 758 3006; x_wconf 87' lang='grc' dir='ltr'><strong><em>κῦδος</em></strong></span> <span class='ocrx_word' id='word_1_108' title='bbox 781 2929 930 3016; x_wconf 85' lang='grc' dir='ltr'><strong><em>ἀνδρῶν,</em></strong></span> <span class='ocrx_word' id='word_1_109' title='bbox 954 2943 1031 3006; x_wconf 88' lang='grc' dir='ltr'><strong><em>παῖς</em></strong></span> <span class='ocrx_word' id='word_1_110' title='bbox 1054 2930 1085 2994; x_wconf 89' lang='grc' dir='ltr'><strong><em>δ’</em></strong></span> <span class='ocrx_word' id='word_1_111' title='bbox 1113 2929 1150 2994; x_wconf 85' lang='grc' dir='ltr'><strong><em>έν</em></strong></span> <span class='ocrx_word' id='word_1_112' title='bbox 1168 2930 1338 3005; x_wconf 89' lang='grc' dir='ltr'><strong><em>Ἀθάναις.</em></strong></span> 
     </span>
    </p>
   </div>
   <div class='ocr_carea' id='block_1_5' title="bbox 174 3119 1455 3620">
    <p class='ocr_par' dir='ltr' id='par_1_7' title="bbox 174 3119 1455 3620">
     <span class='ocr_line' id='line_1_24' title="bbox 248 3119 1453 3194; baseline 0 -17"><span class='ocrx_word' id='word_1_113' title='bbox 248 3129 290 3178; x_wconf 82' lang='grc'><strong><em>69.</em></strong></span> <span class='ocrx_word' id='word_1_114' title='bbox 310 3119 358 3178; x_wconf 79' lang='lat' dir='ltr'>uia</span> <span class='ocrx_word' id='word_1_115' title='bbox 374 3124 442 3194; x_wconf 74' lang='lat' dir='ltr'>Byr.</span> <span class='ocrx_word' id='word_1_116' title='bbox 457 3122 553 3176; x_wconf 88' lang='lat' dir='ltr'>inutili</span> <span class='ocrx_word' id='word_1_117' title='bbox 568 3127 727 3177; x_wconf 87' lang='lat' dir='ltr'>correctura</span> <span class='ocrx_word' id='word_1_118' title='bbox 742 3123 860 3176; x_wconf 85' lang='lat' dir='ltr'>metrica</span> <span class='ocrx_word' id='word_1_119' title='bbox 879 3154 911 3162; x_wconf 91' lang='lat'><em>-</em></span> <span class='ocrx_word' id='word_1_120' title='bbox 933 3128 974 3178; x_wconf 78' lang='lat'><strong><em>71.</em></strong></span> <span class='ocrx_word' id='word_1_121' title='bbox 992 3121 1087 3194; x_wconf 81' lang='grc' dir='ltr'><strong><em>Ἀχιλεῖ</em></strong></span> <span class='ocrx_word' id='word_1_122' title='bbox 1102 3124 1129 3176; x_wconf 80' lang='grc' dir='ltr'><strong><em>Α</em></strong></span> <span class='ocrx_word' id='word_1_123' title='bbox 1147 3154 1182 3162; x_wconf 97' lang='grc'><strong>-</strong></span> <span class='ocrx_word' id='word_1_124' title='bbox 1202 3128 1243 3177; x_wconf 74' lang='lat' dir='ltr'><strong><em>to.</em></strong></span> <span class='ocrx_word' id='word_1_125' title='bbox 1263 3131 1364 3192; x_wconf 83' lang='grc' dir='ltr'><strong><em>γοῦνος</em></strong></span> <span class='ocrx_word' id='word_1_126' title='bbox 1383 3123 1453 3177; x_wconf 89' lang='lat' dir='ltr'>coni.</span> 
     </span>
     <span class='ocr_line' id='line_1_25' title="bbox 174 3191 1454 3267; baseline 0 -20"><span class='ocrx_word' id='word_1_127' title='bbox 174 3192 349 3265; x_wconf 74' lang='lat' dir='ltr'>Miugarelli:</span> <span class='ocrx_word' id='word_1_128' title='bbox 365 3191 448 3263; x_wconf 81' lang='grc' dir='ltr'><strong><em>γόνος</em></strong></span> <span class='ocrx_word' id='word_1_129' title='bbox 461 3194 550 3261; x_wconf 87' lang='lat' dir='ltr'>codd.‚</span> <span class='ocrx_word' id='word_1_130' title='bbox 566 3192 593 3263; x_wconf 82' lang='grc' dir='ltr'><strong><em>γ’</em></strong></span> <span class='ocrx_word' id='word_1_131' title='bbox 606 3193 666 3259; x_wconf 72' lang='grc' dir='ltr'><strong><em>ὄζος</em></strong></span> <span class='ocrx_word' id='word_1_132' title='bbox 681 3194 783 3265; x_wconf 76' lang='lat' dir='ltr'>Bergr,</span> <span class='ocrx_word' id='word_1_133' title='bbox 798 3194 914 3267; x_wconf 84' lang='grc' dir='ltr'><strong><em>βλαστὸς</em></strong></span> <span class='ocrx_word' id='word_1_134' title='bbox 928 3194 1070 3248; x_wconf 82' lang='lat' dir='ltr'>Hermann</span> <span class='ocrx_word' id='word_1_135' title='bbox 1085 3225 1117 3232; x_wconf 91' lang='lat'>—</span> <span class='ocrx_word' id='word_1_136' title='bbox 1133 3192 1213 3247; x_wconf 83' lang='grc' dir='ltr'><strong><em>οὑλία</em></strong></span> <span class='ocrx_word' id='word_1_137' title='bbox 1226 3192 1258 3249; x_wconf 76' lang='lat'><strong><em>0¹</em></strong></span> <span class='ocrx_word' id='word_1_138' title='bbox 1273 3225 1305 3234; x_wconf 93' lang='lat'>-</span> <span class='ocrx_word' id='word_1_139' title='bbox 1323 3199 1363 3250; x_wconf 84' lang='grc'><strong><em>78.</em></strong></span> <span class='ocrx_word' id='word_1_140' title='bbox 1379 3195 1454 3248; x_wconf 85' lang='grc' dir='ltr'><strong><em>άντι·</em></strong></span> 
     </span>
     <span class='ocr_line' id='line_1_26' title="bbox 174 3263 1455 3338; baseline -0.001 -18"><span class='ocrx_word' id='word_1_141' title='bbox 174 3269 281 3320; x_wconf 78' lang='grc' dir='ltr'><strong><em>οὕσθαι</em></strong></span> <span class='ocrx_word' id='word_1_142' title='bbox 304 3264 376 3320; x_wconf 83' lang='lat' dir='ltr'>coni.</span> <span class='ocrx_word' id='word_1_143' title='bbox 395 3265 491 3320; x_wconf 86' lang='lat' dir='ltr'>Naber</span> <span class='ocrx_word' id='word_1_144' title='bbox 513 3297 548 3305; x_wconf 98' lang='lat'>—</span> <span class='ocrx_word' id='word_1_145' title='bbox 573 3271 614 3320; x_wconf 78' lang='lat' dir='ltr'><strong><em>m.</em></strong></span> <span class='ocrx_word' id='word_1_146' title='bbox 639 3263 865 3338; x_wconf 85' lang='grc' dir='ltr'><strong><em>δαμασιμβρότας</em></strong></span> <span class='ocrx_word' id='word_1_147' title='bbox 889 3267 930 3319; x_wconf 84' lang='grc' dir='ltr'><strong><em>Βι</em></strong></span> <span class='ocrx_word' id='word_1_148' title='bbox 950 3298 982 3305; x_wconf 93' lang='grc'>-</span> <span class='ocrx_word' id='word_1_149' title='bbox 1007 3270 1048 3318; x_wconf 84' lang='grc'><strong><em>80.</em></strong></span> <span class='ocrx_word' id='word_1_150' title='bbox 1073 3266 1121 3332; x_wconf 83' lang='grc' dir='ltr'><strong><em>εδρ</em></strong></span> <span class='ocrx_word' id='word_1_151' title='bbox 1142 3282 1165 3318; x_wconf 94' lang='grc' dir='ltr'><strong><em>σ.</em></strong></span> <span class='ocrx_word' id='word_1_152' title='bbox 1191 3267 1228 3320; x_wconf 89' lang='lat' dir='ltr'><strong><em>B:</em></strong></span> <span class='ocrx_word' id='word_1_153' title='bbox 1253 3265 1341 3332; x_wconf 82' lang='grc' dir='ltr'><strong><em>εὑρεσ.</em></strong></span> <span class='ocrx_word' id='word_1_154' title='bbox 1366 3265 1455 3320; x_wconf 79' lang='lat' dir='ltr'><strong><em>AOD</em></strong></span> 
     </span>
     <span class='ocr_line' id='line_1_27' title="bbox 176 3285 1452 3410; baseline 0 -20"><span class='ocrx_word' id='word_1_155' title='bbox 176 3369 208 3377; x_wconf 94' lang='lat'>—</span> <span class='ocrx_word' id='word_1_156' title='bbox 224 3341 267 3391; x_wconf 81' lang='lat'><strong><em>83.</em></strong></span> <span class='ocrx_word' id='word_1_157' title='bbox 287 3334 413 3391; x_wconf 82' lang='grc' dir='ltr'><strong><em>ἔσποιτο·</em></strong></span> <span class='ocrx_word' id='word_1_158' title='bbox 434 3334 568 3410; x_wconf 79' lang='grc' dir='ltr'><strong><em>προξενίᾳ</em></strong></span> <span class='ocrx_word' id='word_1_159' title='bbox 590 3336 657 3401; x_wconf 80' lang='grc' dir='ltr'><strong><em>(αἰεί</em></strong></span> <span class='ocrx_word' id='word_1_160' title='bbox 672 3340 738 3391; x_wconf 85' lang='lat' dir='ltr'>ante</span> <span class='ocrx_word' id='word_1_161' title='bbox 752 3338 830 3404; x_wconf 81' lang='grc' dir='ltr'><strong><em>προξ.</em></strong></span> <span class='ocrx_word' id='word_1_162' title='bbox 846 3337 934 3391; x_wconf 91' lang='lat' dir='ltr'>minio</span> <span class='ocrx_word' id='word_1_163' title='bbox 949 3336 1013 3391; x_wconf 78' lang='lat' dir='ltr'>edd.</span> <span class='ocrx_word' id='word_1_164' title='bbox 1030 3336 1065 3403; x_wconf 83' lang='lat'><strong><em>0)</em></strong></span> <span class='ocrx_word' id='word_1_165' title='bbox 1079 3285 1168 3391; x_wconf 67' lang='lat' dir='ltr'>Boiu</span> <span class='ocrx_word' id='word_1_166' title='bbox 1183 3338 1211 3390; x_wconf 87' lang='lat' dir='ltr'><strong><em>et</em></strong></span> <span class='ocrx_word' id='word_1_167' title='bbox 1226 3336 1326 3391; x_wconf 73' lang='lat' dir='ltr'>schot:</span> <span class='ocrx_word' id='word_1_168' title='bbox 1346 3334 1452 3390; x_wconf 78' lang='grc' dir='ltr'><strong><em>ἔσται’</em></strong></span> 
     </span>
     <span class='ocr_line' id='line_1_28' title="bbox 174 3405 1454 3482; baseline 0 -20"><span class='ocrx_word' id='word_1_169' title='bbox 174 3408 233 3462; x_wconf 78' lang='grc' dir='ltr'><strong><em>αἰεί</em></strong></span> <span class='ocrx_word' id='word_1_170' title='bbox 253 3409 332 3476; x_wconf 84' lang='grc' dir='ltr'><strong><em>προξ.</em></strong></span> <span class='ocrx_word' id='word_1_171' title='bbox 352 3405 440 3482; x_wconf 80' lang='grc' dir='ltr'><strong><em>(ξενίῳ</em></strong></span> <span class='ocrx_word' id='word_1_172' title='bbox 456 3408 570 3476; x_wconf 84' lang='lat' dir='ltr'>lemma)</span> <span class='ocrx_word' id='word_1_173' title='bbox 590 3410 624 3474; x_wconf 80' lang='lat' dir='ltr'><strong><em>A,</em></strong></span> <span class='ocrx_word' id='word_1_174' title='bbox 644 3408 718 3462; x_wconf 88' lang='lat' dir='ltr'>unde</span> <span class='ocrx_word' id='word_1_175' title='bbox 737 3406 843 3462; x_wconf 70' lang='grc' dir='ltr'><strong><em>ἔπτατ’</em></strong></span> <span class='ocrx_word' id='word_1_176' title='bbox 865 3405 928 3462; x_wconf 78' lang='lat' dir='ltr'>atsi.</span> <span class='ocrx_word' id='word_1_177' title='bbox 949 3405 1027 3481; x_wconf 81' lang='grc' dir='ltr'><strong><em>ξενίᾳ</em></strong></span> <span class='ocrx_word' id='word_1_178' title='bbox 1046 3407 1200 3461; x_wconf 85' lang='lat' dir='ltr'>Mommsen</span> <span class='ocrx_word' id='word_1_179' title='bbox 1220 3407 1324 3462; x_wconf 84' lang='lat' dir='ltr'>collato</span> <span class='ocrx_word' id='word_1_180' title='bbox 1344 3408 1373 3463; x_wconf 92' lang='lat' dir='ltr'><strong><em>P.</em></strong></span> <span class='ocrx_word' id='word_1_181' title='bbox 1389 3427 1406 3460; x_wconf 81' lang='lat' dir='ltr'>x</span> <span class='ocrx_word' id='word_1_182' title='bbox 1420 3425 1454 3462; x_wconf 81' lang='grc' dir='ltr'><strong><em>οι.</em></strong></span> 
     </span>
     <span class='ocr_line' id='line_1_29' title="bbox 175 3473 1453 3550; baseline 0.001 -17"><span class='ocrx_word' id='word_1_183' title='bbox 175 3479 209 3534; x_wconf 83' lang='lat' dir='ltr'><strong><em>N.</em></strong></span> <span class='ocrx_word' id='word_1_184' title='bbox 225 3497 265 3532; x_wconf 72' lang='lat' dir='ltr'><strong><em>vn</em></strong></span> <span class='ocrx_word' id='word_1_185' title='bbox 283 3494 309 3534; x_wconf 70' lang='grc' dir='ltr'><strong><em>ου</em></strong></span> <span class='ocrx_word' id='word_1_186' title='bbox 328 3511 362 3518; x_wconf 96' lang='grc'>-</span> <span class='ocrx_word' id='word_1_187' title='bbox 380 3473 472 3548; x_wconf 76' lang='grc' dir='ltr'><strong><em>ἦλθον</em></strong></span> <span class='ocrx_word' id='word_1_188' title='bbox 486 3481 569 3550; x_wconf 65' lang='lat' dir='ltr'>Byr:</span> <span class='ocrx_word' id='word_1_189' title='bbox 589 3478 698 3546; x_wconf 79' lang='grc' dir='ltr'><strong><em>ἤλυθον</em></strong></span> <span class='ocrx_word' id='word_1_190' title='bbox 718 3479 777 3533; x_wconf 78' lang='lat' dir='ltr'><strong><em>AB</em></strong></span> <span class='ocrx_word' id='word_1_191' title='bbox 784 3480 839 3534; x_wconf 80' lang='lat'><strong><em>01)</em></strong></span> <span class='ocrx_word' id='word_1_192' title='bbox 853 3512 887 3518; x_wconf 96' lang='lat'><strong>—</strong></span> <span class='ocrx_word' id='word_1_193' title='bbox 907 3485 949 3535; x_wconf 79' lang='grc'><strong><em>84.</em></strong></span> <span class='ocrx_word' id='word_1_194' title='bbox 969 3476 1108 3548; x_wconf 82' lang='grc' dir='ltr'><strong><em>μίτραισιν</em></strong></span> <span class='ocrx_word' id='word_1_195' title='bbox 1122 3480 1150 3533; x_wconf 75' lang='lat' dir='ltr'><strong><em>A</em></strong></span> <span class='ocrx_word' id='word_1_196' title='bbox 1170 3511 1202 3518; x_wconf 89' lang='lat'><em>-</em></span> <span class='ocrx_word' id='word_1_197' title='bbox 1222 3483 1264 3533; x_wconf 84' lang='lat'><strong><em>86.</em></strong></span> <span class='ocrx_word' id='word_1_198' title='bbox 1280 3478 1409 3548; x_wconf 79' lang='grc' dir='ltr'><strong><em>ἐγένοντο</em></strong></span> <span class='ocrx_word' id='word_1_199' title='bbox 1424 3477 1453 3534; x_wconf 83' lang='grc' dir='ltr'><strong><em>δ’</em></strong></span> 
     </span>
     <span class='ocr_line' id='line_1_30' title="bbox 179 3547 736 3620; baseline 0 -16"><span class='ocrx_word' id='word_1_200' title='bbox 179 3547 736 3620; x_wconf 61' lang='grc' dir='ltr'><strong><em>1)-,άρμαΑ-87.τᾶδεΑ-</em></strong></span> 
     </span>
    </p>
   </div>
   <div class='ocr_carea' id='block_1_6' title="bbox 172 3691 1458 4900">
    <p class='ocr_par' dir='ltr' id='par_1_8' title="bbox 172 3691 1456 4261">
     <span class='ocr_line' id='line_1_31' title="bbox 248 3691 1455 3762; baseline 0 -15"><span class='ocrx_word' id='word_1_201' title='bbox 248 3699 289 3747; x_wconf 78' lang='lat' dir='ltr'><strong><em>w.</em></strong></span> <span class='ocrx_word' id='word_1_202' title='bbox 308 3700 358 3746; x_wconf 82' lang='grc' dir='ltr'><strong><em>τοῦ</em></strong></span> <span class='ocrx_word' id='word_1_203' title='bbox 372 3701 447 3759; x_wconf 79' lang='grc' dir='ltr'><strong><em>παῖς,</em></strong></span> <span class='ocrx_word' id='word_1_204' title='bbox 467 3691 621 3760; x_wconf 77' lang='lat' dir='ltr'><strong>Patroclus,</strong></span> <span class='ocrx_word' id='word_1_205' title='bbox 641 3691 720 3746; x_wconf 92' lang='lat' dir='ltr'>cuius</span> <span class='ocrx_word' id='word_1_206' title='bbox 734 3709 835 3746; x_wconf 92' lang='lat' dir='ltr'>nomen</span> <span class='ocrx_word' id='word_1_207' title='bbox 849 3693 961 3746; x_wconf 84' lang='lat' dir='ltr'>demum</span> <span class='ocrx_word' id='word_1_208' title='bbox 980 3709 1061 3746; x_wconf 82' lang='lat' dir='ltr'>versu</span> <span class='ocrx_word' id='word_1_209' title='bbox 1076 3707 1101 3746; x_wconf 81' lang='grc' dir='ltr'><strong><em>ιο</em></strong></span> <span class='ocrx_word' id='word_1_210' title='bbox 1115 3697 1304 3762; x_wconf 60' lang='lat' dir='ltr'>nuncupatum</span> <span class='ocrx_word' id='word_1_211' title='bbox 1326 3693 1362 3746; x_wconf 86' lang='lat' dir='ltr'><strong><em>ad</em></strong></span> <span class='ocrx_word' id='word_1_212' title='bbox 1381 3694 1455 3747; x_wconf 91' lang='lat' dir='ltr'>hunc</span> 
     </span>
     <span class='ocr_line' id='line_1_32' title="bbox 177 3762 1454 3835; baseline 0 -17"><span class='ocrx_word' id='word_1_213' title='bbox 177 3768 272 3819; x_wconf 81' lang='lat' dir='ltr'>autem</span> <span class='ocrx_word' id='word_1_214' title='bbox 292 3762 448 3818; x_wconf 85' lang='lat' dir='ltr'>orationem</span> <span class='ocrx_word' id='word_1_215' title='bbox 466 3767 551 3834; x_wconf 85' lang='lat' dir='ltr'>poeta</span> <span class='ocrx_word' id='word_1_216' title='bbox 569 3762 746 3818; x_wconf 76' lang='lat' dir='ltr'>transtulisse</span> <span class='ocrx_word' id='word_1_217' title='bbox 762 3763 880 3829; x_wconf 79' lang='lat' dir='ltr'>videtur,</span> <span class='ocrx_word' id='word_1_218' title='bbox 896 3763 970 3832; x_wconf 86' lang='lat' dir='ltr'>quod</span> <span class='ocrx_word' id='word_1_219' title='bbox 986 3763 1059 3818; x_wconf 89' lang='lat' dir='ltr'>inter</span> <span class='ocrx_word' id='word_1_220' title='bbox 1073 3763 1171 3817; x_wconf 86' lang='lat' dir='ltr'>heroes</span> <span class='ocrx_word' id='word_1_221' title='bbox 1186 3765 1335 3818; x_wconf 84' lang='lat' dir='ltr'>Locrorum</span> <span class='ocrx_word' id='word_1_222' title='bbox 1350 3764 1454 3835; x_wconf 80' lang='lat' dir='ltr'>insigni</span> 
     </span>
     <span class='ocr_line' id='line_1_33' title="bbox 174 3835 1455 3906; baseline 0 -16"><span class='ocrx_word' id='word_1_223' title='bbox 174 3835 280 3890; x_wconf 87' lang='lat' dir='ltr'>honore</span> <span class='ocrx_word' id='word_1_224' title='bbox 303 3836 454 3899; x_wconf 80' lang='lat' dir='ltr'>frueretur3</span> <span class='ocrx_word' id='word_1_225' title='bbox 478 3837 624 3906; x_wconf 84' lang='lat' dir='ltr'>praeterea</span> <span class='ocrx_word' id='word_1_226' title='bbox 643 3836 737 3889; x_wconf 86' lang='lat' dir='ltr'>confer</span> <span class='ocrx_word' id='word_1_227' title='bbox 757 3852 829 3903; x_wconf 80' lang='lat' dir='ltr'>quse</span> <span class='ocrx_word' id='word_1_228' title='bbox 849 3837 885 3889; x_wconf 85' lang='lat' dir='ltr'><strong><em>ad</em></strong></span> <span class='ocrx_word' id='word_1_229' title='bbox 905 3853 930 3889; x_wconf 87' lang='lat' dir='ltr'><strong><em>v.</em></strong></span> <span class='ocrx_word' id='word_1_230' title='bbox 945 3851 971 3890; x_wconf 82' lang='lat' dir='ltr'>so</span> <span class='ocrx_word' id='word_1_231' title='bbox 990 3835 1188 3889; x_wconf 81' lang='lat' dir='ltr'>adnotavimus</span> <span class='ocrx_word' id='word_1_232' title='bbox 1212 3867 1245 3875; x_wconf 98' lang='lat'><strong>—</strong></span> <span class='ocrx_word' id='word_1_233' title='bbox 1273 3841 1306 3888; x_wconf 84' lang='grc'><strong><em>70</em></strong></span> <span class='ocrx_word' id='word_1_234' title='bbox 1321 3853 1356 3889; x_wconf 87' lang='lat' dir='ltr'><strong><em>ss.</em></strong></span> <span class='ocrx_word' id='word_1_235' title='bbox 1384 3836 1455 3890; x_wconf 87' lang='lat' dir='ltr'>haec</span> 
     </span>
     <span class='ocr_line' id='line_1_34' title="bbox 176 3905 1454 3976; baseline 0.001 -15"><span class='ocrx_word' id='word_1_236' title='bbox 176 3909 271 3961; x_wconf 77' lang='lat' dir='ltr'>sumta</span> <span class='ocrx_word' id='word_1_237' title='bbox 295 3909 361 3961; x_wconf 88' lang='lat' dir='ltr'>sunt</span> <span class='ocrx_word' id='word_1_238' title='bbox 379 3924 412 3960; x_wconf 79' lang='lat' dir='ltr'><strong><em>ex</em></strong></span> <span class='ocrx_word' id='word_1_239' title='bbox 432 3907 511 3976; x_wconf 88' lang='lat' dir='ltr'>epico</span> <span class='ocrx_word' id='word_1_240' title='bbox 530 3905 653 3960; x_wconf 78' lang='lat' dir='ltr'>carmine</span> <span class='ocrx_word' id='word_1_241' title='bbox 672 3906 848 3976; x_wconf 84' lang='lat' dir='ltr'><strong>Cypriorum,</strong></span> <span class='ocrx_word' id='word_1_242' title='bbox 871 3907 945 3961; x_wconf 86' lang='lat' dir='ltr'>unde</span> <span class='ocrx_word' id='word_1_243' title='bbox 964 3906 1080 3960; x_wconf 89' lang='lat' dir='ltr'>Proclus</span> <span class='ocrx_word' id='word_1_244' title='bbox 1098 3907 1249 3976; x_wconf 81' lang='lat' dir='ltr'>excerpsit:</span> <span class='ocrx_word' id='word_1_245' title='bbox 1280 3906 1406 3975; x_wconf 81' lang='grc' dir='ltr'><strong><em>Τήλεφος</em></strong></span> <span class='ocrx_word' id='word_1_246' title='bbox 1425 3905 1454 3962; x_wconf 84' lang='grc' dir='ltr'><strong><em>δ’</em></strong></span> 
     </span>
     <span class='ocr_line' id='line_1_35' title="bbox 176 3975 1456 4057; baseline 0.001 -25"><span class='ocrx_word' id='word_1_247' title='bbox 176 3977 312 4051; x_wconf 67' lang='grc' dir='ltr'><strong><em>ἐκβοηθεῖ</em></strong></span> <span class='ocrx_word' id='word_1_248' title='bbox 327 3975 508 4046; x_wconf 85' lang='grc' dir='ltr'><strong><em>Θέρσανδρόν</em></strong></span> <span class='ocrx_word' id='word_1_249' title='bbox 526 3997 555 4031; x_wconf 88' lang='grc' dir='ltr'><strong><em>τε</em></strong></span> <span class='ocrx_word' id='word_1_250' title='bbox 573 3977 624 4032; x_wconf 86' lang='grc' dir='ltr'><strong><em>τὸν</em></strong></span> <span class='ocrx_word' id='word_1_251' title='bbox 639 3975 826 4040; x_wconf 84' lang='grc' dir='ltr'><strong><em>Πολυνείκους</em></strong></span> <span class='ocrx_word' id='word_1_252' title='bbox 844 3976 946 4033; x_wconf 79' lang='grc' dir='ltr'><strong><em>κτείνει</em></strong></span> <span class='ocrx_word' id='word_1_253' title='bbox 964 3979 1012 4032; x_wconf 82' lang='grc' dir='ltr'><strong><em>καί</em></strong></span> <span class='ocrx_word' id='word_1_254' title='bbox 1031 3977 1116 4041; x_wconf 79' lang='grc' dir='ltr'><strong><em>αὐτὸς</em></strong></span> <span class='ocrx_word' id='word_1_255' title='bbox 1134 3975 1190 4031; x_wconf 76' lang='grc' dir='ltr'><strong><em>ὑπό</em></strong></span> <span class='ocrx_word' id='word_1_256' title='bbox 1206 3975 1342 4057; x_wconf 83' lang='grc' dir='ltr'><strong><em>Ἀχιλλέως</em></strong></span> <span class='ocrx_word' id='word_1_257' title='bbox 1360 3981 1456 4045; x_wconf 84' lang='grc' dir='ltr'><strong><em>τιτρίο·</em></strong></span> 
     </span>
     <span class='ocr_line' id='line_1_36' title="bbox 172 4048 1456 4119; baseline 0.001 -16"><span class='ocrx_word' id='word_1_258' title='bbox 172 4067 271 4104; x_wconf 79' lang='grc' dir='ltr'><strong><em>σκεται</em></strong></span> <span class='ocrx_word' id='word_1_259' title='bbox 290 4080 322 4089; x_wconf 89' lang='lat'><strong><em>-—</em></strong></span> <span class='ocrx_word' id='word_1_260' title='bbox 344 4055 384 4104; x_wconf 84' lang='grc'><strong><em>78.</em></strong></span> <span class='ocrx_word' id='word_1_261' title='bbox 405 4048 552 4118; x_wconf 77' lang='grc' dir='ltr'><strong><em>σφετέρας·</em></strong></span> <span class='ocrx_word' id='word_1_262' title='bbox 573 4049 625 4102; x_wconf 85' lang='lat' dir='ltr'><strong><em>hoc</em></strong></span> <span class='ocrx_word' id='word_1_263' title='bbox 643 4066 795 4119; x_wconf 87' lang='lat' dir='ltr'>pronomen</span> <span class='ocrx_word' id='word_1_264' title='bbox 811 4067 873 4103; x_wconf 86' lang='lat' dir='ltr'><strong><em>cum</em></strong></span> <span class='ocrx_word' id='word_1_265' title='bbox 889 4050 925 4103; x_wconf 85' lang='lat' dir='ltr'><strong><em>ab</em></strong></span> <span class='ocrx_word' id='word_1_266' title='bbox 939 4050 1059 4104; x_wconf 86' lang='lat' dir='ltr'>Homero</span> <span class='ocrx_word' id='word_1_267' title='bbox 1074 4052 1104 4103; x_wconf 85' lang='lat' dir='ltr'><strong><em>ot</em></strong></span> <span class='ocrx_word' id='word_1_268' title='bbox 1118 4048 1300 4118; x_wconf 75' lang='lat' dir='ltr'>scriptoribus</span> <span class='ocrx_word' id='word_1_269' title='bbox 1319 4049 1456 4119; x_wconf 76' lang='lat' dir='ltr'>prosaicis</span> 
     </span>
     <span class='ocr_line' id='line_1_37' title="bbox 173 4119 1454 4191; baseline 0.004 -18"><span class='ocrx_word' id='word_1_270' title='bbox 173 4136 285 4191; x_wconf 87' lang='lat' dir='ltr'>semper</span> <span class='ocrx_word' id='word_1_271' title='bbox 299 4120 336 4173; x_wconf 85' lang='lat' dir='ltr'><strong><em>ud</em></strong></span> <span class='ocrx_word' id='word_1_272' title='bbox 350 4120 445 4189; x_wconf 89' lang='lat' dir='ltr'>plures</span> <span class='ocrx_word' id='word_1_273' title='bbox 459 4120 604 4185; x_wconf 85' lang='lat' dir='ltr'>reseratur,</span> <span class='ocrx_word' id='word_1_274' title='bbox 620 4137 637 4174; x_wconf 90' lang='lat' dir='ltr'>a</span> <span class='ocrx_word' id='word_1_275' title='bbox 652 4119 773 4174; x_wconf 84' lang='lat' dir='ltr'>Pindaro</span> <span class='ocrx_word' id='word_1_276' title='bbox 789 4124 818 4174; x_wconf 91' lang='lat' dir='ltr'><strong><em>et</em></strong></span> <span class='ocrx_word' id='word_1_277' title='bbox 832 4121 868 4174; x_wconf 82' lang='lat' dir='ltr'><strong><em>ad</em></strong></span> <span class='ocrx_word' id='word_1_278' title='bbox 884 4119 1009 4191; x_wconf 74' lang='lat' dir='ltr'>singulos</span> <span class='ocrx_word' id='word_1_279' title='bbox 1023 4124 1065 4189; x_wconf 91' lang='lat' dir='ltr'><strong><em>(ut</em></strong></span> <span class='ocrx_word' id='word_1_280' title='bbox 1079 4119 1125 4173; x_wconf 93' lang='lat' dir='ltr'>hic</span> <span class='ocrx_word' id='word_1_281' title='bbox 1140 4123 1170 4174; x_wconf 88' lang='lat' dir='ltr'><strong><em>et</em></strong></span> <span class='ocrx_word' id='word_1_282' title='bbox 1184 4120 1215 4175; x_wconf 88' lang='lat'><strong><em>0.</em></strong></span> <span class='ocrx_word' id='word_1_283' title='bbox 1230 4139 1279 4173; x_wconf 83' lang='lat' dir='ltr'><strong><em>xrn</em></strong></span> <span class='ocrx_word' id='word_1_284' title='bbox 1293 4137 1326 4175; x_wconf 83' lang='grc' dir='ltr'><strong><em>οι.</em></strong></span> <span class='ocrx_word' id='word_1_285' title='bbox 1343 4120 1412 4175; x_wconf 87' lang='lat' dir='ltr'>P.1v</span> <span class='ocrx_word' id='word_1_286' title='bbox 1421 4138 1454 4179; x_wconf 78' lang='lat' dir='ltr'><strong><em>aa</em></strong></span> 
     </span>
     <span class='ocr_line' id='line_1_38' title="bbox 172 4191 829 4261; baseline -0.002 -16"><span class='ocrx_word' id='word_1_287' title='bbox 172 4192 193 4245; x_wconf 90' lang='lat'><strong><em>1.</em></strong></span> <span class='ocrx_word' id='word_1_288' title='bbox 210 4210 238 4245; x_wconf 81' lang='lat' dir='ltr'><strong><em>ss</em></strong></span> <span class='ocrx_word' id='word_1_289' title='bbox 252 4207 286 4247; x_wconf 79' lang='lat' dir='ltr'>sa.</span> <span class='ocrx_word' id='word_1_290' title='bbox 305 4210 354 4244; x_wconf 88' lang='lat' dir='ltr'><strong><em>vm</em></strong></span> <span class='ocrx_word' id='word_1_291' title='bbox 368 4194 405 4260; x_wconf 78' lang='lat' dir='ltr'>st)</span> <span class='ocrx_word' id='word_1_292' title='bbox 423 4194 453 4245; x_wconf 90' lang='lat' dir='ltr'><strong><em>et</em></strong></span> <span class='ocrx_word' id='word_1_293' title='bbox 470 4192 507 4246; x_wconf 90' lang='lat' dir='ltr'><strong><em>ad</em></strong></span> <span class='ocrx_word' id='word_1_294' title='bbox 526 4192 619 4261; x_wconf 86' lang='lat' dir='ltr'>plures</span> <span class='ocrx_word' id='word_1_295' title='bbox 639 4191 760 4244; x_wconf 87' lang='lat' dir='ltr'>relatum</span> <span class='ocrx_word' id='word_1_296' title='bbox 778 4194 829 4245; x_wconf 89' lang='lat' dir='ltr'>est.</span> 
     </span>
    </p>

    <p class='ocr_par' dir='ltr' id='par_1_9' title="bbox 173 4261 1458 4900">
     <span class='ocr_line' id='line_1_39' title="bbox 246 4261 1456 4333; baseline 0 -17"><span class='ocrx_word' id='word_1_297' title='bbox 246 4268 288 4317; x_wconf 85' lang='lat'><strong><em>80.</em></strong></span> <span class='ocrx_word' id='word_1_298' title='bbox 308 4278 380 4316; x_wconf 86' lang='lat' dir='ltr'>novo</span> <span class='ocrx_word' id='word_1_299' title='bbox 395 4262 538 4333; x_wconf 89' lang='lat' dir='ltr'>prooemio</span> <span class='ocrx_word' id='word_1_300' title='bbox 552 4261 582 4316; x_wconf 89' lang='lat' dir='ltr'>in</span> <span class='ocrx_word' id='word_1_301' title='bbox 595 4279 670 4316; x_wconf 83' lang='lat' dir='ltr'>nova</span> <span class='ocrx_word' id='word_1_302' title='bbox 684 4265 765 4332; x_wconf 88' lang='lat' dir='ltr'>parte</span> <span class='ocrx_word' id='word_1_303' title='bbox 780 4262 910 4316; x_wconf 87' lang='lat' dir='ltr'>carminis</span> <span class='ocrx_word' id='word_1_304' title='bbox 929 4266 1014 4333; x_wconf 88' lang='lat' dir='ltr'>poeta</span> <span class='ocrx_word' id='word_1_305' title='bbox 1033 4262 1130 4329; x_wconf 87' lang='lat' dir='ltr'>utitur,</span> <span class='ocrx_word' id='word_1_306' title='bbox 1150 4265 1182 4315; x_wconf 87' lang='lat' dir='ltr'><strong><em>ut</em></strong></span> <span class='ocrx_word' id='word_1_307' title='bbox 1199 4261 1230 4316; x_wconf 89' lang='lat'><strong><em>0.</em></strong></span> <span class='ocrx_word' id='word_1_308' title='bbox 1247 4269 1331 4317; x_wconf 74' lang='lat' dir='ltr'>v182.</span> <span class='ocrx_word' id='word_1_309' title='bbox 1352 4263 1381 4317; x_wconf 88' lang='lat' dir='ltr'><strong><em>P.</em></strong></span> <span class='ocrx_word' id='word_1_310' title='bbox 1397 4283 1407 4317; x_wconf 91' lang='lat'>1</span> <span class='ocrx_word' id='word_1_311' title='bbox 1421 4279 1456 4319; x_wconf 77' lang='lat' dir='ltr'>us.</span> 
     </span>
     <span class='ocr_line' id='line_1_40' title="bbox 173 4333 1458 4416; baseline 0.001 -28"><span class='ocrx_word' id='word_1_312' title='bbox 173 4354 202 4388; x_wconf 85' lang='lat' dir='ltr'><strong><em>rx</em></strong></span> <span class='ocrx_word' id='word_1_313' title='bbox 212 4350 251 4397; x_wconf 86' lang='lat' dir='ltr'>so;</span> <span class='ocrx_word' id='word_1_314' title='bbox 266 4333 419 4388; x_wconf 84' lang='lat' dir='ltr'>transitum</span> <span class='ocrx_word' id='word_1_315' title='bbox 433 4337 528 4388; x_wconf 87' lang='lat' dir='ltr'>autem</span> <span class='ocrx_word' id='word_1_316' title='bbox 543 4333 646 4388; x_wconf 86' lang='lat' dir='ltr'>eximia</span> <span class='ocrx_word' id='word_1_317' title='bbox 657 4338 717 4388; x_wconf 80' lang='lat' dir='ltr'>erte</span> <span class='ocrx_word' id='word_1_318' title='bbox 732 4333 774 4387; x_wconf 84' lang='lat' dir='ltr'>ita</span> <span class='ocrx_word' id='word_1_319' title='bbox 787 4333 842 4387; x_wconf 89' lang='lat' dir='ltr'>sibi</span> <span class='ocrx_word' id='word_1_320' title='bbox 857 4334 976 4416; x_wconf 79' lang='lat' dir='ltr'>paravit,</span> <span class='ocrx_word' id='word_1_321' title='bbox 988 4336 1019 4387; x_wconf 86' lang='lat' dir='ltr'><strong><em>ut</em></strong></span> <span class='ocrx_word' id='word_1_322' title='bbox 1032 4333 1061 4386; x_wconf 93' lang='lat' dir='ltr'>in</span> <span class='ocrx_word' id='word_1_323' title='bbox 1076 4334 1130 4387; x_wconf 88' lang='lat' dir='ltr'><strong><em>fine</em></strong></span> <span class='ocrx_word' id='word_1_324' title='bbox 1144 4333 1286 4401; x_wconf 80' lang='lat' dir='ltr'>mythicae</span> <span class='ocrx_word' id='word_1_325' title='bbox 1301 4334 1392 4404; x_wconf 87' lang='lat' dir='ltr'>partis</span> <span class='ocrx_word' id='word_1_326' title='bbox 1406 4352 1458 4405; x_wconf 91' lang='lat' dir='ltr'><strong><em>par</em></strong></span> 
     </span>
     <span class='ocr_line' id='line_1_41' title="bbox 175 4403 1457 4474; baseline 0 -15"><span class='ocrx_word' id='word_1_327' title='bbox 175 4404 293 4459; x_wconf 80' lang='lat' dir='ltr'>fortium</span> <span class='ocrx_word' id='word_1_328' title='bbox 312 4404 478 4472; x_wconf 86' lang='lat' dir='ltr'>amicorum,</span> <span class='ocrx_word' id='word_1_329' title='bbox 498 4404 638 4459; x_wconf 89' lang='lat' dir='ltr'>Pactrocli</span> <span class='ocrx_word' id='word_1_330' title='bbox 657 4408 686 4459; x_wconf 92' lang='lat' dir='ltr'><strong><em>et</em></strong></span> <span class='ocrx_word' id='word_1_331' title='bbox 704 4404 835 4472; x_wconf 82' lang='lat' dir='ltr'>Achillis,</span> <span class='ocrx_word' id='word_1_332' title='bbox 855 4424 884 4458; x_wconf 87' lang='lat'><strong><em>111</em></strong></span> <span class='ocrx_word' id='word_1_333' title='bbox 905 4404 986 4459; x_wconf 88' lang='lat' dir='ltr'>initio</span> <span class='ocrx_word' id='word_1_334' title='bbox 1005 4403 1107 4458; x_wconf 86' lang='lat' dir='ltr'>tertiae</span> <span class='ocrx_word' id='word_1_335' title='bbox 1127 4404 1259 4458; x_wconf 86' lang='lat' dir='ltr'>carminis</span> <span class='ocrx_word' id='word_1_336' title='bbox 1278 4406 1381 4474; x_wconf 86' lang='lat' dir='ltr'>partis,</span> <span class='ocrx_word' id='word_1_337' title='bbox 1401 4422 1457 4474; x_wconf 85' lang='lat' dir='ltr'><strong><em>qua</em></strong></span> 
     </span>
     <span class='ocr_line' id='line_1_42' title="bbox 175 4475 1456 4599; baseline -0.002 -68"><span class='ocrx_word' id='word_1_338' title='bbox 175 4477 212 4531; x_wconf 83' lang='lat' dir='ltr'><strong><em>ad</em></strong></span> <span class='ocrx_word' id='word_1_339' title='bbox 236 4476 336 4530; x_wconf 87' lang='lat' dir='ltr'>laudes</span> <span class='ocrx_word' id='word_1_340' title='bbox 379 4476 551 4531; x_wconf 74' lang='lat' dir='ltr'>ressontium</span> <span class='ocrx_word' id='word_1_341' title='bbox 573 4476 712 4531; x_wconf 86' lang='lat' dir='ltr'>victorum</span> <span class='ocrx_word' id='word_1_342' title='bbox 736 4476 849 4541; x_wconf 83' lang='lat' dir='ltr'>transit,</span> <span class='ocrx_word' id='word_1_343' title='bbox 870 4493 922 4547; x_wconf 89' lang='lat' dir='ltr'><strong><em>par</em></strong></span> <span class='ocrx_word' id='word_1_344' title='bbox 940 4479 1115 4531; x_wconf 88' lang='lat' dir='ltr'>strenuorum</span> <span class='ocrx_word' id='word_1_345' title='bbox 1135 4475 1304 4530; x_wconf 84' lang='lat' dir='ltr'>luctatorum</span> <span class='ocrx_word' id='word_1_346' title='bbox 1324 4477 1456 4599; x_wconf 62' lang='lat' dir='ltr'>Lampru-</span> 
     </span>
     <span class='ocr_line' id='line_1_43' title="bbox 174 4545 1455 4618; baseline -0.002 -16"><span class='ocrx_word' id='word_1_347' title='bbox 174 4547 269 4602; x_wconf 82' lang='lat' dir='ltr'>msohi</span> <span class='ocrx_word' id='word_1_348' title='bbox 294 4549 324 4601; x_wconf 83' lang='lat' dir='ltr'><strong><em>et</em></strong></span> <span class='ocrx_word' id='word_1_349' title='bbox 373 4547 531 4618; x_wconf 88' lang='lat' dir='ltr'>pharmosti</span> <span class='ocrx_word' id='word_1_350' title='bbox 556 4550 673 4617; x_wconf 86' lang='lat' dir='ltr'>poneret</span> <span class='ocrx_word' id='word_1_351' title='bbox 699 4579 731 4587; x_wconf 93' lang='lat'><em>-</em></span> <span class='ocrx_word' id='word_1_352' title='bbox 758 4552 801 4601; x_wconf 82' lang='grc'><strong><em>84.</em></strong></span> <span class='ocrx_word' id='word_1_353' title='bbox 827 4546 1053 4618; x_wconf 75' lang='grc' dir='ltr'><strong><em>Λαμπρομάχου·</em></strong></span> <span class='ocrx_word' id='word_1_354' title='bbox 1074 4545 1156 4601; x_wconf 82' lang='lat' dir='ltr'>amici</span> <span class='ocrx_word' id='word_1_355' title='bbox 1176 4549 1205 4601; x_wconf 86' lang='lat' dir='ltr'><strong><em>et</em></strong></span> <span class='ocrx_word' id='word_1_356' title='bbox 1223 4547 1330 4600; x_wconf 87' lang='lat' dir='ltr'>sodalis</span> <span class='ocrx_word' id='word_1_357' title='bbox 1350 4548 1391 4617; x_wconf 88' lang='lat' dir='ltr'><strong><em>Ep</em></strong></span> <span class='ocrx_word' id='word_1_358' title='bbox 1413 4563 1455 4600; x_wconf 88' lang='lat' dir='ltr'><strong><em>ar-</em></strong></span> 
     </span>
     <span class='ocr_line' id='line_1_44' title="bbox 174 4617 1456 4690; baseline -0.001 -17"><span class='ocrx_word' id='word_1_359' title='bbox 174 4618 260 4673; x_wconf 89' lang='lat' dir='ltr'>mosti</span> <span class='ocrx_word' id='word_1_360' title='bbox 276 4651 308 4658; x_wconf 92' lang='lat'>-</span> <span class='ocrx_word' id='word_1_361' title='bbox 324 4621 446 4689; x_wconf 86' lang='grc' dir='ltr'><strong><em>μίτραις·</em></strong></span> <span class='ocrx_word' id='word_1_362' title='bbox 465 4621 583 4690; x_wconf 85' lang='lat' dir='ltr'>partem,</span> <span class='ocrx_word' id='word_1_363' title='bbox 598 4619 695 4673; x_wconf 90' lang='lat' dir='ltr'>laneas</span> <span class='ocrx_word' id='word_1_364' title='bbox 710 4618 829 4687; x_wconf 78' lang='lat' dir='ltr'>taenias,</span> <span class='ocrx_word' id='word_1_365' title='bbox 844 4636 894 4689; x_wconf 89' lang='lat' dir='ltr'><strong><em>pro</em></strong></span> <span class='ocrx_word' id='word_1_366' title='bbox 908 4622 978 4688; x_wconf 83' lang='lat' dir='ltr'>toto,</span> <span class='ocrx_word' id='word_1_367' title='bbox 997 4634 1100 4672; x_wconf 89' lang='lat' dir='ltr'>corona</span> <span class='ocrx_word' id='word_1_368' title='bbox 1114 4617 1205 4673; x_wconf 89' lang='lat' dir='ltr'>laneis</span> <span class='ocrx_word' id='word_1_369' title='bbox 1220 4619 1323 4672; x_wconf 88' lang='lat' dir='ltr'>taeniis</span> <span class='ocrx_word' id='word_1_370' title='bbox 1338 4617 1456 4672; x_wconf 89' lang='lat' dir='ltr'>circum-</span> 
     </span>
     <span class='ocr_line' id='line_1_45' title="bbox 175 4688 1456 4761; baseline 0 -18"><span class='ocrx_word' id='word_1_371' title='bbox 175 4690 283 4756; x_wconf 82' lang='lat' dir='ltr'>voluta,</span> <span class='ocrx_word' id='word_1_372' title='bbox 301 4689 446 4760; x_wconf 87' lang='lat' dir='ltr'>posuit-</span> <span class='ocrx_word' id='word_1_373' title='bbox 461 4689 627 4761; x_wconf 77' lang='grc' dir='ltr'><strong><em>ἀμφότεροι·</em></strong></span> <span class='ocrx_word' id='word_1_374' title='bbox 648 4690 884 4759; x_wconf 85' lang='lat' dir='ltr'>Lampromachus</span> <span class='ocrx_word' id='word_1_375' title='bbox 904 4693 932 4744; x_wconf 87' lang='lat' dir='ltr'><strong><em>et</em></strong></span> <span class='ocrx_word' id='word_1_376' title='bbox 951 4689 1161 4760; x_wconf 78' lang='lat' dir='ltr'>Ephsrmostus‚</span> <span class='ocrx_word' id='word_1_377' title='bbox 1182 4689 1229 4758; x_wconf 88' lang='lat' dir='ltr'>qui</span> <span class='ocrx_word' id='word_1_378' title='bbox 1249 4689 1273 4742; x_wconf 91' lang='lat' dir='ltr'><strong><em>si</em></strong></span> <span class='ocrx_word' id='word_1_379' title='bbox 1293 4689 1390 4743; x_wconf 87' lang='lat' dir='ltr'>eodem</span> <span class='ocrx_word' id='word_1_380' title='bbox 1409 4688 1456 4743; x_wconf 90' lang='lat' dir='ltr'>die</span> 
     </span>
     <span class='ocr_line' id='line_1_46' title="bbox 175 4757 1455 4831; baseline -0.002 -16"><span class='ocrx_word' id='word_1_381' title='bbox 175 4760 312 4829; x_wconf 79' lang='lat' dir='ltr'>vicerunt,</span> <span class='ocrx_word' id='word_1_382' title='bbox 331 4761 443 4816; x_wconf 85' lang='lat' dir='ltr'>diversa</span> <span class='ocrx_word' id='word_1_383' title='bbox 461 4778 566 4831; x_wconf 78' lang='lat' dir='ltr'>genera</span> <span class='ocrx_word' id='word_1_384' title='bbox 584 4761 770 4816; x_wconf 86' lang='lat' dir='ltr'>certaminum</span> <span class='ocrx_word' id='word_1_385' title='bbox 788 4761 971 4816; x_wconf 87' lang='lat' dir='ltr'>obierunt-</span> <span class='ocrx_word' id='word_1_386' title='bbox 990 4766 1032 4816; x_wconf 83' lang='grc'><strong><em>87,</em></strong></span> <span class='ocrx_word' id='word_1_387' title='bbox 1053 4760 1165 4830; x_wconf 77' lang='grc' dir='ltr'><strong><em>Νεμέας</em></strong></span> <span class='ocrx_word' id='word_1_388' title='bbox 1181 4806 1186 4815; x_wconf 93' lang='grc'><strong><em>.</em></strong></span> <span class='ocrx_word' id='word_1_389' title='bbox 1204 4760 1319 4814; x_wconf 84' lang='grc' dir='ltr'><strong><em>..κατὰ</em></strong></span> <span class='ocrx_word' id='word_1_390' title='bbox 1338 4757 1455 4826; x_wconf 83' lang='grc' dir='ltr'><strong><em>κάλτιον;</em></strong></span> 
     </span>
     <span class='ocr_line' id='line_1_47' title="bbox 175 4830 1456 4900; baseline -0.003 -13"><span class='ocrx_word' id='word_1_391' title='bbox 175 4831 205 4887; x_wconf 86' lang='lat' dir='ltr'>in</span> <span class='ocrx_word' id='word_1_392' title='bbox 224 4830 299 4887; x_wconf 76' lang='lat' dir='ltr'>valle</span> <span class='ocrx_word' id='word_1_393' title='bbox 318 4831 474 4900; x_wconf 58' lang='lat' dir='ltr'>Nemeum</span> <span class='ocrx_word' id='word_1_394' title='bbox 493 4833 528 4887; x_wconf 84' lang='lat' dir='ltr'><strong><em>cf.</em></strong></span> <span class='ocrx_word' id='word_1_395' title='bbox 544 4833 576 4888; x_wconf 90' lang='grc'><strong><em>0.</em></strong></span> <span class='ocrx_word' id='word_1_396' title='bbox 591 4853 636 4886; x_wconf 81' lang='lat' dir='ltr'>xiv</span> <span class='ocrx_word' id='word_1_397' title='bbox 652 4851 676 4887; x_wconf 72' lang='grc' dir='ltr'><strong><em>ει</em></strong></span> <span class='ocrx_word' id='word_1_398' title='bbox 692 4830 818 4887; x_wconf 85' lang='grc' dir='ltr'><strong><em>κόλποισι</em></strong></span> <span class='ocrx_word' id='word_1_399' title='bbox 836 4831 926 4896; x_wconf 84' lang='grc' dir='ltr'><strong><em>Πίσας</em></strong></span> <span class='ocrx_word' id='word_1_400' title='bbox 949 4866 982 4875; x_wconf 98' lang='grc'>-</span> <span class='ocrx_word' id='word_1_401' title='bbox 1007 4836 1048 4886; x_wconf 85' lang='grc'><strong><em>88.</em></strong></span> <span class='ocrx_word' id='word_1_402' title='bbox 1074 4835 1160 4895; x_wconf 81' lang='grc' dir='ltr'><strong><em>κῦδος</em></strong></span> <span class='ocrx_word' id='word_1_403' title='bbox 1178 4833 1303 4900; x_wconf 81' lang='grc' dir='ltr'><strong><em>ἀνδρῶν,</em></strong></span> <span class='ocrx_word' id='word_1_404' title='bbox 1327 4840 1394 4895; x_wconf 80' lang='grc' dir='ltr'><strong><em>ταῖς</em></strong></span> <span class='ocrx_word' id='word_1_405' title='bbox 1412 4830 1456 4884; x_wconf 87' lang='grc' dir='ltr'><strong><em>δέ·</em></strong></span> 
     </span>
    </p>
   </div>
   <div class='ocr_carea' id='block_1_7' title="bbox 0 0 1738 5550">
    <p class='ocr_par' dir='ltr' id='par_1_10' title="bbox 0 0 1738 5550">
     <span class='ocr_line' id='line_1_48' title="bbox 0 0 1738 5550; baseline 0 0"><span class='ocrx_word' id='word_1_406' title='bbox 0 0 1738 5550; x_wconf 95' lang='lat' dir='ltr'><strong><em> </em></strong></span> 
     </span>
    </p>
   </div>
  </div>
 </body>
</html>
