3442 5550
219 413 284 475 244
688 417 836 467 emnam
857 417 1022 469 errarem.

220 582 428 641 Timodemum
446 582 551 640 vicisse
570 582 638 641 inde
658 583 775 660 colligo,
795 583 875 659 quod
893 587 958 641 tum
978 583 1037 641 iam
1055 583 1199 658 Pythium
1222 586 1375 642 certamen
1400 583 1503 642 subire

219 671 381 729 meditatus
405 690 467 729 esse
491 671 602 729 dicitur
626 665 667 751 (r.
687 664 726 751 9).

309 759 441 819 Carmini
460 760 556 819 forma
574 761 719 835 prooemii
733 763 787 836 est,
802 780 863 836 qua
877 764 966 836 poeta
980 761 1067 837 cives,
1082 765 1118 818 ut
1132 760 1340 820 Timodemum
1354 762 1501 822 victorem

220 869 238 907 a
256 849 413 909 Nemeaeis
436 849 515 907 ludis
538 849 712 908 redeuntem
731 850 945 927 gratulabundi
965 851 1123 927 accipiant,
1142 849 1323 909 cohortatur.
1363 850 1399 909 In
1418 852 1500 928 prin·

220 939 297 1014 cipio
323 938 530 997 Timodemum
554 939 597 996 ait
620 939 759 997 similiter
782 942 872 1015 atque
896 938 1072 999 Homeridas
1096 958 1113 996 a
1136 938 1220 1016 Iove,
1244 939 1324 1014 quod
1347 938 1500 1000 Nemeaea

220 1027 299 1087 lovis
323 1046 407 1087 sacra
429 1028 543 1105 vicerit,
567 1027 688 1086 initium
712 1047 816 1104 capere
839 1020 947 1109 (1-5).
993 1027 1065 1087 Inde
1088 1028 1198 1088 bonam
1221 1047 1304 1103 spem
1327 1047 1406 1106 esse,
1437 1030 1498 1089 fore

218 1119 254 1175 ut
277 1137 345 1177 mor
368 1118 443 1176 alias
463 1136 582 1194 quoque
600 1117 741 1177 victorias
760 1117 917 1176 lsthmicas
937 1120 967 1176 et
984 1117 1110 1193 Pythias
1128 1121 1338 1195 consequatur,
1363 1119 1498 1195 quando·

219 1206 339 1283 quidem
362 1205 478 1282 patriae
502 1206 574 1284 eius,
598 1210 629 1265 et
656 1205 798 1282 adoptiva
822 1209 852 1265 et
874 1207 1014 1285 genuina,
1037 1207 1169 1266 virorum
1192 1206 1318 1266 fortium
1340 1210 1436 1285 atque
1461 1208 1498 1267 ad

219 1296 368 1372 pancratii
390 1295 505 1355 labores
520 1295 708 1355 sustinendos
722 1296 872 1355 factorum
886 1296 1005 1355 altrices
1021 1296 1089 1374 sint,
1108 1300 1139 1355 et
1152 1297 1264 1355 multas
1278 1296 1339 1354 iam
1354 1297 1498 1357 victorias

218 1385 345 1445 maiores
377 1385 441 1443 eius
473 1385 597 1460 Delphis
626 1384 761 1444 Corinthi
788 1384 918 1444 Nemeae
946 1385 1072 1445 Athenis
1104 1385 1323 1461 reportaverint
1351 1378 1498 1467 (6-24).

218 1473 333 1545 Quibus
360 1474 494 1534 victoriis
524 1474 702 1549 praedicatis
731 1474 768 1531 ad
795 1478 982 1549 praesentem
1005 1475 1161 1535 victoriam
1189 1474 1267 1533 redit
1289 1474 1370 1534 cives
1394 1476 1497 1536 cohor-

219 1567 311 1641 tatus,
333 1566 370 1621 ut
392 1564 535 1622 victorem
559 1562 696 1622 reducem
719 1583 829 1638 pompa
852 1566 882 1622 et
905 1564 985 1623 dulci
1009 1567 1100 1623 cantu
1123 1562 1273 1639 excipiant
1296 1556 1453 1647 (as-25).

306 1652 454 1712 Prooemii
478 1652 606 1727 speciem
629 1652 698 1710 huic
722 1651 846 1710 carmini
869 1672 931 1712 esse
956 1652 1016 1710 diri
1040 1653 1178 1713 similiter
1200 1656 1291 1729 atque
1316 1653 1391 1714 odae
1411 1652 1447 1715 Ο.
1466 1673 1496 1712 nr

218 1747 248 1801 et
271 1742 389 1802 Horatii
417 1741 542 1801 carmini
567 1759 597 1798 ιν
621 1752 644 1799 6.
692 1741 750 1799 Sed
779 1741 846 1800 inde
875 1743 1049 1802 concludere
1078 1762 1136 1801 non
1165 1742 1236 1800 licet
1263 1742 1347 1800 aliud
1376 1744 1497 1823 longius

218 1850 348 1908 carmen,
386 1831 466 1907 quod
499 1829 572 1888 iusti
604 1829 724 1905 epinicii
756 1830 896 1889 canninis
927 1834 1028 1906 partes
1060 1831 1233 1907 sustineret,
1262 1834 1401 1891 secutum
1425 1852 1495 1893 esse.

217 1920 319 1998 Longe
347 1920 426 1979 enim
453 1919 514 1977 alia
541 1922 651 1977 natura
678 1920 822 1995 prooemii
845 1919 1004 1979 Horatiani
1027 1924 1085 1997 est,
1114 1940 1173 1996 quo
1197 1923 1287 1995 poeta
1309 1921 1434 1981 chorum
1459 1922 1497 1982 ad

217 2013 339 2068 cantum
362 2009 557 2068 exercendum
579 2008 694 2086 incitat,
718 2011 809 2085 atque
832 2008 922 2068 huius
941 2010 1084 2085 prooemii
1104 2009 1262 2087 Pindarici,
1286 2029 1346 2085 quo
1366 2011 1496 2071 virtutes

218 2103 249 2156 et
270 2098 375 2156 laudes
397 2098 519 2157 victoris
543 2097 624 2175 ipsae
648 2098 708 2156 iam
732 2104 927 2174 exponuntur.
969 2099 1074 2175 Neque
1098 2099 1188 2174 Leop.
1213 2098 1372 2157 Schmidtii
1397 2094 1496 2183 (Pind.

218 2188 287 2246 Leb.
311 2208 337 2263 p.
358 2180 424 2267 517)
447 2187 596 2245 sententia
617 2187 673 2246 hoc
696 2187 823 2262 epinicio
846 2188 956 2263 hymno
980 2188 1028 2246 dei
1046 2188 1183 2264 praeludi
1202 2187 1404 2248 existimantis
1422 2190 1496 2249 mihi

217 2276 374 2352 probatur,
403 2276 546 2351 quoniam
573 2275 627 2335 deo
655 2276 768 2352 primae
792 2295 852 2335 non
875 2277 1020 2336 secundae
1050 2280 1150 2353 partes
1174 2277 1267 2335 tribui
1291 2277 1431 2338 solebant
1454 2272 1495 2361 (r.

219 2363 251 2424 0.
267 2384 299 2423 vr
313 2358 370 2445 88).
402 2365 514 2423 Ceteris
529 2365 624 2443 igitur
638 2365 839 2424 festivitatum
853 2366 1019 2444 generibuS,
1034 2367 1118 2425 velut
1132 2366 1349 2426 consecrationi
1369 2388 1495 2429 coronae

218 2457 248 2513 et
275 2454 385 2531 epulis,
412 2454 468 2512 hoc
496 2471 613 2513 carmen
642 2455 780 2530 pompale
808 2455 1001 2530 praecessisse
1030 2456 1145 2515 ultimis
1174 2455 1309 2516 versibus
1333 2457 1494 2535 significari

217 2547 305 2620 puto,
327 2543 404 2601 nihil
427 2544 515 2601 ultra.

762 2626 806 2690 De
830 2630 952 2693 metris.

307 2721 432 2781 Carmen
464 2722 519 2781 hoc
556 2720 762 2799 logaoedicum
794 2727 882 2799 grata
914 2724 1044 2799 quadarn
1077 2724 1269 2799 simplicitate
1302 2744 1493 2787 numerorum

217 2811 333 2889 insigne
357 2814 410 2888 est,
435 2812 514 2887 quod
538 2831 606 2870 cum
627 2811 656 2867 in
676 2830 785 2887 pompa
804 2831 823 2869 a
842 2813 930 2871 choro
950 2813 1104 2890 gradiente
1124 2816 1288 2889 caneretur,
1307 2813 1339 2872 in
1358 2814 1493 2891 dipodius

217 2902 264 2961 vel
288 2899 382 2970 πόδας
405 2898 570 2981 {taurignac
592 2899 685 2958 dividi
709 2899 812 2958 debuit
835 2904 866 2960 et
888 2901 975 2961 facile
999 2902 1107 2978 potuit.
1145 2901 1294 2971 Quartum
1317 2922 1440 2963 versum
1460 2914 1521 2964 ex·

217 2991 313 3049 tribus
332 2989 472 3048 membris
491 2994 626 3049 constare
645 2992 738 3066 patet,
762 2989 813 3048 sed
834 2994 937 3049 utrum
956 2991 1101 3067 glyconea
1120 3010 1155 3049 ea
1174 2991 1242 3069 sint,
1266 3010 1305 3050 an
1329 2992 1493 3053 ionicorum

218 3080 278 3138 ritu
302 3080 331 3137 in
356 3078 432 3138 duas
454 3080 560 3157 longas
583 3083 742 3137 excurrant
764 3080 820 3138 hoc
842 3080 943 3139 modo:

542 3189 1263 3240 ·o-ut'.-0²eu-um'.-0.?eet-!

217 3298 262 3353 est
285 3295 364 3370 quod
389 3293 514 3352 dubites
552 3292 648 3352 Priori
671 3293 749 3351 enim
772 3293 956 3369 percussioni
979 3294 1144 3353 similitudo
1163 3294 1364 3353 membrorum
1387 3294 1492 3372 prioris

218 3384 311 3457 partis
336 3384 474 3459 strophae
498 3389 528 3441 et
551 3382 632 3439 iusta
651 3382 792 3441 cataleris
812 3383 934 3460 periodi,
958 3383 1045 3442 alteri
1064 3383 1238 3442 colometria
1257 3383 1394 3443 codicum
1413 3384 1491 3446 scho-

217 3471 385 3547 liorumque
404 3470 602 3531 metricorum
614 3474 645 3530 et
663 3491 801 3531 caesurae
821 3472 904 3531 sedes
923 3472 954 3529 in
973 3472 1084 3531 maiore
1099 3492 1221 3532 numero
1237 3491 1379 3532 versuum
1393 3474 1489 3534 favere

217 3561 364 3620 videntur.
410 3561 557 3636 Equidem
581 3564 740 3636 utramque
764 3560 844 3619 viam
868 3561 1027 3621 scandendi
1051 3561 1113 3638 inii,
1137 3561 1266 3637 priorem
1288 3561 1320 3620 in
1344 3563 1490 3623 schemata

217 3650 341 3709 carmini
366 3650 541 3726 praemisso,
569 3651 695 3709 alteram
719 3651 749 3707 in
772 3650 851 3709 Prol.
875 3670 945 3710 nvrr.
993 3650 1132 3710 Ceterum
1160 3650 1292 3710 conferre
1320 3651 1410 3711 iurat
1432 3670 1489 3711 car·

217 3740 298 3797 mina
317 3740 464 3797 similibus
483 3739 584 3798 metris
603 3740 768 3815 composita
788 3738 821 3799 Ο.
836 3759 876 3797 rx.
901 3740 933 3798 P.
948 3759 1012 3798 r111.
1036 3740 1072 3797 N.
1087 3758 1126 3798 rr.
1150 3738 1239 3798 I.v11.
1259 3757 1322 3799 vrrr.
1353 3740 1489 3819 Pompac,

218 3848 277 3904 qua
295 3829 391 3888 victor
410 3830 502 3887 redux
524 3829 643 3888 domum
663 3828 865 3888 deducebatur
883 3824 925 3911 (v.
941 3824 997 3910 aa),
1016 3829 1256 3904 monostrophica
1276 3849 1397 3906 quoque
1417 3850 1489 3891 com·

217 3917 326 3993 positio
350 3917 573 3976 accommodata
595 3923 648 3994 est,
673 3921 708 3976 ut
731 3919 855 3994 exposui
879 3920 908 3976 iu
932 3939 994 3996 arg.
1015 3919 1154 3978 carminis
1178 3918 1281 3977 P.x11.

263 4088 425 4176 Ὅθενπερ
450 4088 504 4155 καὶ
523 4088 694 4175 Ὁμηρίδαι
1293 4095 1374 4177 Στρ.
1398 4091 1442 4158 α’.

272 4198 405 4279 ῥαπτῶν
429 4197 533 4262 ἐπέων
556 4197 691 4263 ταπόλλ’
717 4198 825 4263 ἀοιδοὶ

288 4391 368 4425 vaura
389 4390 490 4426 ascaro.
529 4373 612 4427 lnscr.
633 4391 686 4430 orn.
706 4375 733 4429 Β
752 4378 781 4429 et
799 4374 899 4441 schol.;
918 4395 972 4444 τιμ.
991 4375 1040 4428 dd.
1061 4375 1180 4445 ἀχαρνεῑ
1197 4383 1354 4444 παγκρατεῑ
1371 4375 1403 4432 D
1422 4405 1454 4415 -

289 4534 478 4570 (warmarium.
512 4536 536 4569 v.
559 4523 618 4570 lss.
653 4520 684 4570 ut
708 4534 725 4570 a
747 4518 889 4587 prooemio
913 4517 987 4571 loris
1006 4517 1173 4572 Homeridae
1197 4517 1393 4587 auspicantur,
1418 4517 1493 4571 sica

216 4586 290 4641 Iovis
310 4587 385 4641 ludis
403 4587 552 4641 Nemeaeis
571 4587 749 4643 Timodemus
768 4588 968 4658 pancratiaste.
1001 4589 1171 4659 Rhapsodiis
1190 4588 1346 4644 Homericis
1365 4589 1492 4659 hymnos,

216 4657 319 4725 quibus
339 4658 403 4712 inde
422 4676 523 4713 nomen
541 4658 695 4729 προοιμίων
713 4660 769 4713 fuit
786 4664 822 4729 (v.
842 4678 854 4714 a
873 4664 902 4715 et
920 4661 1006 4715 Thuc.
1026 4678 1050 4727 s,
1068 4666 1127 4728 un),
1151 4660 1296 4729 praemitti
1315 4660 1415 4715 solitos
1433 4676 1493 4715 esse

216 4728 290 4783 inter
312 4747 407 4785 omnes
432 4733 555 4797 constat,
585 4730 685 4784 mirum
709 4730 793 4799 illud,
822 4731 898 4801 quod
916 4730 1054 4785 Pindarus
1079 4731 1125 4785 hic
1145 4735 1174 4786 et
1191 4732 1225 4786 N.
1245 4752 1262 4785 v
1281 4749 1307 4786 ss
1329 4732 1493 4802 plerumque

216 4800 261 4867 ard
280 4801 376 4869 πολλοὶ,
396 4802 430 4855 cf.
450 4801 481 4855 ll.
501 4821 557 4855 xvrr
571 4820 619 4856 rso.
639 4802 711 4857 Plat.
726 4804 800 4857 Prot.
816 4806 884 4871 arm)
904 4803 977 4858 Iovis
996 4803 1082 4857 fuisse
1106 4804 1172 4857 illos
1191 4803 1309 4872 hymnos
1329 4804 1412 4871 dicit,
1438 4803 1494 4857 Ho-

216 4873 312 4926 merici
332 4877 426 4927 autem
445 4873 541 4943 hymni
566 4872 692 4943 plerique
711 4873 830 4927 aliorum
849 4874 964 4929 deorum
984 4878 1049 4928 sunt
1068 4877 1097 4928 et
1116 4892 1186 4929 urms
1206 4874 1281 4929 solus
1302 4876 1340 4945 (h.
1360 4880 1397 4947 ss)
1415 4874 1494 4943 isque
