3442 5550
743 1189 886 1241 ΟΛΤΜΠ.
905 1186 965 1242 IP‘.

445 1350 856 1438 ΞΕΝΟΦΩΝΤΙ
902 1351 1264 1438 ΚΟΡΙΝΘΙΩι

550 1545 820 1598 ΣΤΑΔΙΟΔΡΟΜΩι
847 1547 910 1598 KAI
936 1546 1159 1600 ΠΕΝΤΑΘΛΩι.

304 3706 468 3782 Xenophon
504 3705 639 3764 Thessali
673 3704 753 3764 filius
789 3704 961 3765 Corinthius
996 3706 1093 3767 stadio
1128 3709 1160 3766 et
1193 3706 1387 3784 quinquertio
1421 3706 1496 3769 vicit

216 3796 261 3856 01.
282 3800 321 3857 69
343 3820 385 3843 =
405 3798 469 3855 464
489 3814 515 3853 a.
534 3795 614 3872 Chr,
643 3795 728 3853 cuins
756 3794 885 3871 duplicis
913 3796 1056 3855 victoriae
1084 3799 1204 3872 praeter
1230 3796 1344 3856 scholia
1371 3795 1495 3856 Pinden'

213 3885 363 3945 Diodorus
393 3903 425 3942 xr
457 3896 505 3960 70,
537 3883 701 3959 Dionysius
733 3884 829 3942 Helio.
859 3884 973 3961 antiqu.
1001 3903 1033 3942 rx
1064 3896 1111 3963 61,
1143 3884 1309 3944 Pausanias
1339 3904 1371 3945 1v
1399 3897 1448 3965 24,
1478 3896 1494 3945 ὁ

215 3978 306 4034 testes
330 3977 409 4033 sunt.
456 3973 609 4034 Oriundus
632 3972 683 4032 ille
706 3973 767 4030 fuit
789 3992 825 4032 ex
847 3973 941 4033 nobili
964 3977 1051 4052 gente
1077 3973 1349 4053 Oligaethidarum,
1377 3974 1409 4033 in
1432 3994 1496 4052 qua

214 4067 302 4143 gente
326 4063 466 4142 gymnica
490 4062 591 4121 studia
614 4062 702 4138 quasi
724 4061 905 4121 hereditaria
926 4066 1024 4141 erant3
1047 4082 1117 4121 nam
1136 4063 1341 4139 Xenophontis
1359 4066 1391 4122 et
1408 4067 1496 4139 pater

214 4153 377 4212 Thessalus
406 4171 496 4212 eursu
520 4150 707 4228 Olympicam
731 4148 777 4209 01.
798 4161 830 4209 69
853 4152 1025 4228 multasque
1054 4152 1129 4211 alias
1152 4152 1294 4212 victorias
1317 4156 1495 4212 consecutus

215 4243 280 4301 erat
299 4234 340 4323 (r.
360 4233 490 4322 35-40)‚
509 4243 541 4300 et
558 4259 633 4300 avus
656 4240 840 4300 Ptoeodorus
863 4240 987 4317 eiusque
1009 4243 1104 4300 frater
1126 4240 1264 4318 Terpsias
1288 4240 1401 4318 aliique
1423 4261 1494 4321 gen-

215 4332 283 4390 tiles
317 4330 433 4390 coronis
465 4331 662 4389 certaminum
694 4329 901 4408 gymnicorum
934 4331 1007 4389 clari
1039 4332 1163 4390 fuerunt
1200 4323 1241 4412 (v.
1261 4342 1294 4390 41
1315 4350 1358 4407 sq.
1383 4340 1417 4389 98
1441 4323 1493 4412 ss).

216 4420 301 4479 Hanc
330 4439 400 4478 vero
431 4419 589 4479 victoriam
619 4418 808 4494 Olympicum
837 4436 864 4476 a.
888 4422 951 4479 464
982 4424 1168 4496 reportatam
1197 4424 1410 4496 praeterquam
1437 4419 1495 4480 hoc

215 4509 341 4585 epinicio
366 4508 513 4567 Pindarus
536 4508 627 4567 seolio
651 4506 841 4566 celeberrimo
864 4507 1038 4587 illustravit,
1062 4509 1097 4568 de
1122 4528 1182 4585 quo
1205 4509 1273 4569 vide
1296 4510 1333 4568 fr.
1354 4520 1413 4569 122.

302 4599 524 4677 Argumentum
546 4597 686 4656 carminis
710 4596 872 4655 admodum
894 4598 1012 4655 varium
1036 4600 1066 4656 et
1082 4588 1247 4674 'multiplex
1270 4601 1329 4676 est,
1358 4598 1430 4676 quia
1459 4600 1496 4657 ut

214 4688 315 4747 omnia
334 4688 441 4746 decora
459 4705 528 4745 curn
546 4685 669 4746 victoris
687 4685 811 4762 eiusque
830 4685 962 4745 familiae
982 4689 1048 4744 tum
1066 4686 1149 4745 urbis
1165 4687 1302 4747 Corinthi
1317 4687 1494 4765 illustraret,

213 4780 304 4853 poeta
323 4776 379 4836 sibi
398 4776 564 4852 proposuit.
600 4775 705 4852 Neque
728 4774 834 4834 fabula
856 4794 975 4835 carmen
998 4778 1088 4854 caret,
1113 4777 1232 4856 egregie
1255 4777 1310 4836 illa
1333 4795 1401 4836 cum
1424 4795 1494 4837 cen·
