3442 5550
690 407 845 460 OLYMPIA
865 408 911 459 IX.

372 572 543 654 μανίαισιν
566 568 750 653 ὑποκρέκει.
1123 567 1210 633 Ἀντ.
1234 566 1278 652 β’.

293 693 328 740 40
372 677 416 760 μὴ
440 684 504 741 νῦν
527 677 660 757 λαλάγει
684 677 724 740 τά
747 699 812 741 τοι·
1279 693 1313 739 60

249 774 252 779 ⁵
420 781 508 847 αὕτ’·
533 786 569 847 ἔα
592 785 737 867 πόλεμον
758 783 866 868 μάχαν
889 807 923 848 τε
946 792 1056 848 πᾶσαν

374 889 474 975 χωρὶς
496 889 688 955 ἀθανάτων·
713 889 829 977 φέροις
852 888 889 955 δὲ
912 894 1161 974 Πρωτογενείας

373 999 463 1062 ἀστει
487 1003 655 1081 γλῶσσαν,
679 997 722 1063 ἵν’
750 1000 969 1083 αἰολοβρόντα
992 998 1076 1073 Διὸς
1099 1003 1176 1084 αίσςι
1280 1014 1313 1061 65

374 1105 494 1190 Πύρρα
517 1108 713 1170 Δευκαλίων
736 1129 771 1170 τε
795 1111 977 1189 Παρνασοῦ
999 1104 1182 1189 καταβάντε

374 1212 479 1295 δόμον
502 1214 619 1277 ἔθεντο
642 1223 790 1296 πρῶτον,
813 1214 889 1294 ἀτερ
914 1211 943 1276 δ’
971 1211 1070 1287 εὐνᾶς
1092 1211 1263 1296 ὁμόδαμον

316 1334 326 1345 ”
374 1318 581 1383 κτισσάσθαν
604 1321 740 1382 λίθινον
763 1321 879 1400 γόνον·
1282 1336 1315 1382 ιιι

375 1423 460 1489 Aeol
484 1422 513 1488 δ’
541 1425 742 1510 ὀνύμασθεν.

376 1531 473 1616 ἔγειρ’
502 1531 606 1597 ἐπέων
629 1548 712 1615 σφιν
735 1526 857 1616 οὑ-μον
880 1534 992 1615 λιγύν,

374 1643 457 1703 αίνει
482 1635 519 1702 δὲ
541 1644 658 1704 παλαι-
682 1640 722 1704 ὸν
744 1635 805 1722 μὲν
828 1634 936 1721 οἶνον,
960 1642 1066 1705 ἀνθεα
1090 1639 1119 1704 δ’
1146 1640 1262 1724 ὕμνων

376 1833 552 1919 νεωτέρων.
600 1834 729 1917 λέγοντι
752 1836 819 1919 μάν
1108 1835 1177 1901 'Era
1200 1834 1243 1920 β’.
1283 1853 1315 1899 75

293 1960 326 2005 50
372 1943 480 2024 χθόνα
504 1938 564 2026 μὶν
587 1944 788 2007 κατακλύσαι
811 1942 972 2027 μέλαιναν

373 2048 494 2124 ὕδατος
517 2048 653 2131 σθένος,
676 2049 759 2114 ἀλλά

234 2247 276 2296 42.
300 2246 439 2310 γλῶσσανι
463 2245 577 2296 Μοῖσαν
600 2243 671 2298 coni.
692 2243 801 2297 Heclrer
819 2241 883 2296 coll.
904 2242 937 2298 N.
952 2262 983 2295 111
998 2260 1024 2297 ει
1043 2275 1076 2283 -
1101 2248 1142 2296 43.
1167 2246 1311 2311 Παρνασσ,
1332 2242 1389 2297 AO
1406 2274 1438 2282 -

166 2334 235 2367 κατα
254 2312 336 2376 άντες
351 2314 377 2368 Α
397 2345 430 2352 -
450 2320 492 2367 45.
513 2311 687 2369 κτίσσασθαν
700 2315 866 2369 Mommsen:
883 2312 1041 2368 κτισάσθαν
1056 2316 1091 2380 Δ,
1106 2313 1273 2382 κτησάσθαν
1298 2317 1387 2383 -σθηυ
1406 2314 1440 2381 0)

164 2386 303 2509 gedidm—
314 2391 364 2495 βό.
389 2383 465 2454 όνόμ.
486 2386 593 2454 ABD,
617 2386 702 2457 ὠνὺμ.
723 2387 747 2441 0
767 2418 799 2426 -
825 2391 867 2440 47.
892 2382 987 2454 σφίσιν
1007 2384 1064 2439 ΑΟ
1085 2418 1116 2425 -
1141 2381 1237 2454 alpos:
1263 2404 1348 2454 ουρον
1367 2384 1438 2439 coni.

233 2585 275 2633 39.
287 2577 446 2648 ὑποκρέκει·
461 2581 546 2636 schol.
558 2591 708 2651 συμφωνεῖ,
720 2577 780 2636 οἷον
791 2579 937 2652 ἐνδόσιμόν
948 2581 1033 2635 ἐστιν·
1049 2578 1186 2648 πρότερον
1196 2580 1249 2651 γὰρ
1258 2588 1307 2650 τῆς
1316 2580 1440 2649 κιθάρας

165 2651 343 2721 ἐνταφάμενοι
358 2652 551 2720 ὑποκρίκονσι,
567 2652 662 2706 ἔπειτα
679 2652 710 2707 δὲ
724 2651 818 2708 τέλεον
833 2650 1035 2721 κιθαρίζουσιν,
1050 2655 1083 2706 ut
1096 2651 1186 2706 fastus
1203 2652 1337 2707 orationis
1353 2652 1440 2707 furori

165 2722 268 2777 mentis
287 2722 451 2793 praeludere
469 2723 587 2778 dicatur.
625 2724 719 2778 Minus
737 2725 809 2779 bene
827 2723 972 2778 Disaenius
992 2724 1026 2778 de
1045 2723 1155 2777 cithara
1174 2724 1236 2778 voci
1255 2723 1440 2794 respondente

167 2793 366 2864 interpretatur
380 2793 492 2848 collatis
506 2795 598 2849 verbis
618 2795 747 2869 ὑπᾴδειν,
766 2796 911 2863 ὑπαυλεῑν,
930 2796 1048 2865 ὑπηχεῖν
1066 2827 1100 2835 -
1120 2801 1163 2850 41.
1182 2796 1265 2866 χωρὶς
1281 2812 1343 2849 eum
1359 2812 1375 2849 a
1391 2812 1440 2849 suo

164 2865 277 2919 nomine
296 2865 452 2920 ἀθανάτων
471 2865 517 2919 vix
537 2865 635 2919 divelli
654 2866 751 2935 possit,
771 2866 953 2937 interpretor:
973 2882 1084 2920 remove
1103 2883 1212 2936 pugnas
1227 2884 1245 2919 a
1260 2865 1315 2919 diis
1329 2865 1440 2920 immor-

165 2936 279 2991 talibus.
317 2936 393 2991 Haec
418 2940 513 2991 autem
536 2954 553 2991 a
577 2936 699 2990 Pindaro
723 2940 822 2991 contra
843 2936 1013 3005 Aeschylum
1037 2937 1151 2991 deorum
1175 2936 1251 2991 rixas
1274 2936 1305 2990 in
1328 2954 1439 2991 scenam

162 3007 363 3078 producentem
377 3007 537 3062 declamata
552 3025 613 3062 esse
627 3008 709 3078 Leop.
726 3007 853 3062 Schmidt
866 3006 946 3060 Pind.
958 3007 1023 3061 Leh.
1034 3027 1059 3077 p.
1071 3025 1111 3062 arc
1125 3007 1266 3078 sagaciter
1280 3008 1440 3077 suspicatus

163 3082 214 3133 est.
248 3076 352 3133 Contra
369 3078 486 3132 Pindari
505 3078 673 3133 sententiam
692 3078 795 3148 probat
812 3079 885 3132 Plat.
905 3078 940 3131 de
959 3095 1015 3147 rep.
1031 3098 1050 3130 n
1069 3098 1096 3148 p.
1111 3094 1189 3133 aran:
1209 3078 1277 3133 οὐδέ
1295 3098 1326 3148 γε
1346 3079 1439 3146 ἐπιτή-

162 3152 240 3204 δειον
260 3151 292 3203 τδ
313 3147 450 3217 παράπαν
470 3151 507 3212 ιὺς
527 3152 592 3204 θεολ
613 3155 693 3213 θεοῖς
713 3151 866 3219 πολεμοῦσί
882 3169 911 3203 τε
931 3150 979 3203 καλ
999 3149 1209 3219 ἐπιβουλεύουσι
1227 3151 1274 3203 καλ
1294 3149 1439 3220 μάχονται.

233 3227 267 3275 41
283 3237 320 3275 as.
342 3219 467 3275 fabulam
486 3221 673 3291 Protogeniae
691 3220 860 3274 narrandam
880 3220 934 3274 sibi
952 3219 1084 3290 proponit
1109 3252 1141 3260 —
1168 3226 1211 3275 40.
1230 3218 1442 3290 Πρωτογενείας

163 3291 253 3346 ἀστει·
268 3292 455 3361 Protogeniae
469 3291 627 3359 maiorisue,
642 3292 718 3346 filiae
728 3291 907 3346 Deucalionis
922 3295 952 3346 et
966 3291 1089 3361 Pyrrhae
1106 3294 1141 3360 (v.
1153 3292 1237 3347 schol.
1248 3293 1285 3346 ad
1296 3311 1339 3346 vv.
1350 3309 1384 3347 οι.
1395 3298 1439 3361 ιο),

165 3379 201 3417 an
215 3362 341 3430 minoris,
355 3362 431 3418 filiae
446 3362 565 3433 Opuntia
580 3363 662 3432 regis,
678 3363 735 3418 iam
750 3366 859 3418 veteres
872 3362 1051 3433 grammatici
1065 3362 1250 3433 ambigebant
1268 3396 1301 3404 -
1322 3370 1364 3420 42.
1379 3362 1439 3418 ίτα·

163 3434 265 3488 Strabo
284 3454 312 3488 rx
329 3453 356 3504 p.
371 3450 419 3502 ιιι,
439 3434 640 3504 Apollodorum
664 3438 698 3505 (v.
715 3434 801 3489 schol.
817 3435 853 3488 ad
873 3454 898 3490 r.
913 3438 949 3504 τι)
969 3438 1094 3503 secutus,
1120 3452 1176 3490 non
1194 3435 1223 3489 in
1242 3436 1309 3489 urbe
1329 3436 1441 3504 Opunte

163 3504 233 3574 ipsa,
244 3506 294 3560 aed
308 3505 338 3559 in
352 3504 412 3560 eius
426 3509 508 3591 portu
519 3506 601 3580 Ιλὺνμ
611 3506 812 3561 Deucalionem
823 3506 967 3560 habitasse
982 3509 1011 3560 et
1024 3507 1182 3576 sepulcrum
1191 3506 1314 3575 Pyrrhae
1329 3506 1439 3562 ostendi

162 3576 251 3631 tradit
260 3609 293 3617 —
305 3577 500 3649 αλολοβροντα·
516 3582 671 3633 memoratu
681 3577 799 3648 dignum
808 3581 851 3632 est
861 3577 968 3632 fulmen
977 3577 1089 3649 signum
1103 3577 1181 3631 urbis
1194 3577 1343 3632 Locrorum
1353 3578 1440 3633 fuisse

164 3679 196 3688 -
216 3653 257 3702 46.
284 3645 368 3702 Λαοί·
397 3648 432 3703 de
460 3648 513 3703 hac
541 3667 609 3703 voce
637 3648 735 3704 fabula
762 3648 906 3703 hominum
934 3665 967 3703 ex
995 3648 1138 3719 lapidibus
1168 3666 1185 3702 a
1212 3649 1384 3704 Deucalione
1411 3652 1441 3705 et

165 3717 273 3787 Pyrrha
291 3720 430 3774 factorum
448 3724 518 3774 nata
536 3725 591 3787 est;
611 3724 655 3774 est
672 3720 746 3775 enim
763 3721 860 3790 procul
876 3719 962 3774 dubio
977 3719 1075 3775 sabula
1089 3720 1278 3791 etymologica
1292 3737 1325 3775 er
1341 3720 1439 3775 simili-

162 3789 260 3845 tudine
279 3789 480 3844 vocabulorum
499 3793 561 3846 λαοὶ
580 3795 609 3846 et
627 3796 691 3855 λᾶες
709 3796 778 3846 orta.
811 3791 912 3845 Incerti
930 3791 1054 3845 auctoris
1073 3809 1168 3847 versus
1188 3791 1217 3845 in
1236 3791 1350 3846 scholiis
1370 3792 1440 3846 eita-

162 3865 220 3917 turz
240 3861 271 3916 ἐκ
290 3860 321 3916 δὲ
341 3859 430 3916 λίθων
450 3856 577 3931 ἐγένοντο
596 3861 699 3936 βροτοί,
719 3864 781 3916 λαοὶ
800 3861 830 3916 δέ
851 3866 985 3917 καλεῦντο
1013 3896 1046 3904 —-
1075 3868 1117 3918 48.
1142 3862 1241 3919 schol:
1261 3865 1342 3917 doust
1357 3871 1440 3918 τοῦτο

163 3933 233 4001 πρὸς
251 3933 283 3987 τδ
302 3931 489 4002 Σιμωνίδειον
509 3934 652 4004 εἰρῆσθαι·
673 3935 733 3988 ἐπεὶ
753 3934 858 3996 ἐκεῖνος
877 3934 1045 3997 λλασσωθελς
1064 3934 1118 3988 ὑπὸ
1137 3933 1284 4002 Πινδάρου
1299 3931 1441 4002 λοιδορίας

161 4004 269 4074 ἔγραψε
288 4003 361 4058 κατδι
383 4013 434 4058 τοῦ
458 4008 606 4072 κρίναντος
630 4007 761 4076 [ἀγαθῶν
784 4003 890 4075 ᾠδῶνλ·
916 4004 977 4060 ἐπεὶ
1002 4007 1037 4075 δὴ
1064 4006 1170 4068 ἐκεῖνος
1188 4001 1277 4060 εἶπεν·
1304 4004 1439 4076 ἐξελέγχει

161 4074 254 4139 ότέος
273 4070 358 4142 οἶνος,
377 4077 411 4129 οὑ
425 4076 457 4130 τὸ
475 4074 574 4145 πέρναι
593 4079 684 4142 δῶρον
700 4075 837 4146 ἀμπέλου·
857 4075 918 4130 ὁδε
933 4082 1025 4146 μῦθος
1039 4075 1086 4132 ὅδε
1101 4074 1275 4145 κενεόφρων·
1295 4077 1343 4131 διὰ
1357 4086 1440 4133 τοῦτο

161 4144 338 4215 δΠίκδαρος
356 4147 468 4202 ἐπαινεῖ
483 4149 604 4202 παλαιὸν
623 4145 709 4202 ολνον.
739 4147 808 4201 Cum
826 4146 914 4217 igitur
933 4148 1089 4203 Simonides
1108 4148 1235 4218 ineptum
1254 4148 1372 4203 dixisset
1390 4148 1439 4219 qui

160 4235 233 4273 novo
253 4218 321 4272 vino
340 4221 421 4273 vetus
440 4219 535 4272 vinum
554 4219 629 4273 rinei
653 4222 778 4290 putaret,
805 4218 943 4272 Pindarus
961 4222 1042 4273 vetus
1061 4236 1091 4274 se
1109 4219 1226 4274 laudare
1245 4218 1341 4273 vinum
1361 4220 1439 4288 dicit,

161 4292 192 4343 at
215 4289 344 4344 fabulam
367 4306 477 4345 novam.
520 4290 586 4345 Cum
611 4290 732 4344 Pindaro
755 4288 824 4344 fecit
847 4290 983 4344 Homerus
1007 4290 1058 4344 Od.
1078 4307 1158 4346 1³51:
1186 4290 1238 4359 τὴν
1261 4289 1314 4359 γὰρ
1338 4292 1440 4360 ἀοιδὴν

160 4365 266 4429 μᾶλλον
293 4358 462 4415 ἐπικλείονσ’
488 4361 649 4430 ἀνθρωττοι,
672 4365 676 4430 Ι
699 4361 758 4432 ἥτις
785 4358 967 4415 ἀκουόντεσσι
992 4360 1115 4430 νεωτάτη
1144 4361 1347 4431 ἀμφι-πέληται,
1377 4379 1440 4416 cum

162 4431 306 4487 Simonide
325 4435 425 4487 auctor
442 4433 552 4503 prologi
568 4434 698 4489 Carinae:
718 4437 766 4503 qai
786 4440 902 4487 ittuntur
920 4435 984 4487 uino
1001 4440 1086 4488 cetere
1103 4435 1238 4503 sapientes
1252 4441 1331 4502 pato,
1349 4441 1374 4487 et
1392 4436 1441 4514 ιμιί

162 4505 283 4559 tatemer
300 4511 399 4559 veteres
416 4512 539 4573 spectant
556 4506 674 4569 ίιιὺαλοε.
704 4505 758 4558 Sed
777 4502 922 4571 quaeritur
937 4502 1004 4569 iam,
1018 4521 1103 4572 qrram
1118 4503 1245 4558 fabulam
1259 4521 1361 4557 novam
1376 4503 1438 4557 Pm-

162 4573 247 4627 darus
270 4573 324 4627 hoc
347 4575 409 4629 lcoo
432 4573 593 4645 protulerit;
617 4577 702 4644 atque
726 4574 855 4642 equidem
879 4591 913 4628 ea
935 4574 1083 4644 intellego,
1103 4593 1175 4645 quae
1203 4575 1258 4628 iam
1278 4576 1312 4629 de
1332 4574 1438 4628 diluvio

163 4648 260 4698 narrat
276 4648 387 4714 (αι-ιε),
406 4663 478 4714 quae
493 4649 589 4699 vetera
607 4650 637 4700 et
655 4647 806 4700 decantata
825 4645 906 4700 nobis
925 4646 1038 4714 quidem
1058 4646 1149 4717 magis
1168 4664 1252 4717 quarn
1272 4645 1438 4713 aequalibus

163 4714 275 4770 Pindari
300 4716 443 4784 videntum
471 4720 500 4771 et
522 4721 598 4771 certe
626 4735 700 4771 nova
726 4719 803 4780 sunt,
832 4734 904 4784 quae
928 4734 945 4771 a
969 4717 1076 4773 diluvio
1103 4722 1132 4773 et
1157 4716 1327 4773 Deucalione
1353 4721 1438 4785 atque

166 4784 270 4853 Pyrrha
293 4788 436 4856 profectus
460 4788 495 4841 de
518 4788 627 4858 origine
650 4787 744 4859 regiae
767 4785 860 4858 gentis
886 4788 1034 4843 Locrorum
1054 4793 1155 4857 (se-ss)
1175 4793 1202 4844 et
1222 4788 1369 4857 splendore
1388 4805 1437 4857 po-

167 4857 222 4923 puli
240 4858 391 4914 Locrorum
410 4859 446 4912 ab
466 4859 576 4928 Opunte
597 4876 661 4930 rege
679 4858 847 4914 resuscitato
865 4860 971 4928 profert
991 4893 1023 4901 -
