3442 5550
761 370 885 418 NEMEA
906 369 952 420 111.
1427 367 1492 430 ‘249

215 534 327 593 Melissi
357 534 490 595 Thebani
518 528 556 617 (l.
579 528 624 618 rv)
655 536 874 612 comprobatur.
920 537 964 595 De
995 538 1128 612 tempore
1156 536 1295 595 carminis
1328 536 1402 594 nihil
1432 557 1491 595 me-

215 623 327 683 moriae
350 626 502 700 proditum
526 629 578 703 est,
602 626 654 685 sed
677 646 712 684 ex
735 629 800 685 1313
823 625 921 689 indole
945 625 1085 684 carminis
1109 626 1206 685 elucet
1227 627 1358 685 nondum
1381 627 1493 685 fractas

216 715 283 772 tum
304 713 395 773 fuisse
415 733 485 791 opes
504 716 727 794 Aeginetarum.
764 716 810 773 Ex
829 734 937 793 magno
957 717 1058 774 autem
1078 734 1201 775 numero
1221 716 1363 792 locorum,
1383 715 1492 792 quibus

215 803 272 862 hoc
300 822 418 863 carmen
447 823 514 864 cum
544 804 724 864 carminibus
748 802 782 863 Ο.
802 824 820 862 r.
844 823 875 863 33.
900 823 942 865 333.
975 805 1008 864 P.
1032 823 1054 862 11
1081 805 1241 864 concordat
1272 797 1323 885 (cf.
1347 824 1493 864 commen·

216 893 362 952 tationem
390 913 503 972 meam,
534 895 593 952 Zur
620 893 817 971 Chronologie
842 894 925 954 Pind.
950 894 1195 972 Siegcsgesdnge,
1227 894 1305 954 Stzb.
1329 894 1355 952 d.
1380 896 1413 953 B.
1438 894 1494 956 Ak.

223 984 303 1040 1689
329 1002 356 1058 p.
377 994 409 1041 52
431 977 476 1064 ff.)
499 984 639 1062 colligere
663 1001 754 1041 ausus
778 1001 858 1060 sum,
882 1003 940 1042 non
965 983 1095 1042 multum
1117 983 1173 1043 hoc
1197 1003 1315 1043 carmen
1339 1003 1357 1041 a
1380 987 1494 1060 tempo·

217 1071 299 1129 ribus
333 1071 453 1131 illorum
485 1073 651 1132 carminum
683 1073 807 1149 distare,
838 1073 917 1131 unde
951 1073 1028 1131 eirca
1056 1092 1082 1131 a.
1107 1075 1169 1132 469
1199 1073 1230 1131 id
1259 1073 1404 1148 scriptum
1432 1091 1495 1132 esse

216 1160 319 1219 videri.
357 1162 461 1238 Neque
481 1181 558 1238 quae
578 1162 797 1222 aFraccarolio
817 1162 975 1221 observata
993 1165 1040 1221 est
1053 1162 1219 1220 similitudo
1234 1162 1313 1221 inter
1326 1162 1363 1220 N.
1378 1181 1414 1219 111
1430 1174 1461 1221 72
1473 1182 1494 1223 3.

218 1253 249 1307 et
268 1249 299 1308 P.
315 1269 347 1308 1v
366 1261 449 1311 3813.
469 1252 653 1310 intercedens
673 1251 710 1310 ad
729 1271 825 1311 meam
844 1250 1024 1310 sententiam
1043 1252 1233 1310 refutandam
1252 1253 1342 1329 valet,
1363 1252 1496 1328 quando·

218 1340 340 1415 quidem
371 1340 461 1399 unius
493 1341 698 1400 similitudinis
730 1361 788 1401 non
819 1341 921 1399 eadem
952 1344 1043 1417 atque
1073 1341 1238 1400 multarum
1270 1342 1315 1400 vis
1343 1343 1395 1400 est.
1447 1341 1496 1401 Sic

219 1433 321 1488 autem
345 1430 369 1488 si
393 1431 509 1489 natales
533 1431 671 1490 carminis
696 1431 880 1507 ordinamus,
908 1430 1044 1489 idoneam
1068 1451 1187 1507 quoque
1211 1450 1332 1489 causam
1356 1431 1496 1490 carminis

218 1538 283 1577 sero
310 1519 393 1578 missi
421 1511 461 1599 (v.
486 1513 534 1581 80)
563 1520 769 1580 nanciscimur.
816 1520 848 1578 Si
876 1520 955 1579 enim
982 1520 1131 1580 Nemeaea
1159 1520 1285 1579 victoria
1309 1539 1334 1578 3.
1359 1522 1422 1579 413
1447 1520 1494 1579 331

218 1611 278 1666 471
300 1608 337 1667 31)
358 1609 534 1668 Aristoclide
554 1612 641 1686 parta
661 1611 713 1687 est,
737 1613 800 1668 tum
820 1610 962 1686 temporis
981 1609 1137 1687 Pindarus,
1161 1610 1247 1668 euius
1265 1610 1382 1668 Musam
1401 1609 1493 1688 Aegi-

218 1700 305 1756 netae
333 1697 468 1773 inprimis
496 1698 662 1776 ambibant,
691 1699 721 1756 in
745 1699 848 1758 Sicilia
876 1699 1128 1777 commorabatur,
1155 1699 1234 1758 unde
1257 1699 1351 1758 redux
1374 1699 1491 1757 demum

219 1786 256 1844 ab
279 1786 384 1846 itinere
409 1787 595 1863 Syracusano
620 1789 722 1848 amicis
746 1788 929 1864 Aegineticis
952 1809 1065 1848 morem
1087 1808 1188 1867 gerere
1211 1788 1320 1865 potuit.

307 1877 342 1934 In
361 1877 480 1937 exordio
499 1881 588 1955 poeta
606 1878 723 1936 Musam
743 1878 871 1953 invocat,
894 1879 930 1935 ut
952 1878 982 1935 in
1003 1878 1146 1937 honorem
1164 1878 1329 1938 Nemeaeae
1349 1876 1492 1937 victoriae

219 1984 336 2024 carmen
365 1969 454 2024 canat
481 1966 533 2025 diu
557 1967 616 2025 iam
644 1967 822 2042 promissum
853 1970 883 2025 et
911 1968 1116 2042 exspectatum
1143 1959 1264 2047 (1-5);
1297 1960 1497 2027 certaminum*

219 2054 297 2114 enim
328 2056 443 2113 coronis
473 2055 637 2114 carminum
668 2056 859 2132 praeconium
889 2055 1016 2115 maxime
1046 2057 1206 2132 postulari,
1242 2076 1303 2133 qua
1337 2057 1372 2115 de
1403 2075 1493 2115 causa

220 2144 280 2203 iam
298 2144 455 2222 Aeginam,
479 2148 574 2204 terrae
599 2146 696 2222 decus,
720 2164 750 2204 se
774 2146 997 2205 illustraturum
1020 2165 1082 2205 esse
1106 2149 1136 2204 et
1159 2165 1305 2204 unacum
1325 2146 1492 2206 333131313-

219 2233 337 2309 elidem,
363 2235 414 2309 qui
443 2235 690 2311 Myrmidonibus,
720 2235 824 2310 priscis
847 2235 952 2295 incolis
980 2236 1107 2313 insulae,
1136 2235 1291 2311 pancratio
1315 2234 1440 2313 dignum
1463 2252 1493 2294 se

220 2323 416 2400 praestiterit,
443 2326 479 2381 ut
502 2324 638 2383 Herculis
666 2324 821 2385 columnas
848 2325 909 2383 iam
936 2327 1088 2384 assecutus
1112 2343 1174 2382 esse
1197 2324 1336 2383 videatur
1358 2316 1493 2403 (6-21).

220 2411 432 2471 Columnarum
460 2414 597 2473 Herculis
629 2414 778 2474 mentione
807 2415 888 2473 facta
915 2434 981 2473 cum
1010 2417 1099 2491 poeta
1129 2414 1166 2472 ad
1194 2433 1252 2490 res,
1282 2432 1357 2490 quas
1384 2413 1435 2472 ille
1464 2413 1494 2471 in

219 2502 425 2561 remotissimis
453 2501 561 2561 finibus
591 2507 739 2562 terrarum
769 2507 799 2562 et
827 2504 953 2562 marium
982 2504 1133 2582 gessisset,
1163 2503 1326 2561 narrandas
1354 2502 1494 2579 abreptus

220 2595 311 2667 esset,
344 2591 411 2649 inde
435 2610 465 2649 se
496 2596 616 2652 revocat
647 2593 684 2651 ad
715 2593 891 2652 domesticas
919 2594 1021 2652 laudes
1052 2593 1251 2652 Aeacidarum
1279 2592 1493 2668 praedicandas

220 2671 362 2760 (22—3‘2)
407 2681 440 2738 In
465 2682 623 2757 principali
646 2683 741 2760 igitur
760 2685 843 2756 parte
867 2683 1006 2742 carminis
1026 2683 1148 2741 Peleum
1173 2681 1284 2755 laudat,
1309 2682 1360 2757 qui
1381 2682 1494 2740 iolcum

220 2770 436 2847 expugnaverit
455 2774 485 2829 et
504 2771 659 2830 Thetidem
679 2771 836 2848 coniugem
856 2775 961 2830 nactus
981 2772 1027 2847 sil,
1051 2772 1251 2847 Telamonem,
1276 2771 1328 2846 qui
1347 2790 1408 2828 una
1427 2790 1495 2829 cum

220 2859 304 2918 Iolao
319 2859 552 2919 Laomedontem
566 2863 597 2919 et
610 2863 777 2919 Amazonas
792 2860 943 2935 devicerit,
959 2860 1113 2936 Achillem,
1128 2860 1180 2936 qui
1195 2860 1255 2918 iam
1271 2878 1346 2935 puer
1359 2859 1496 2918 miranda

220 2947 354 3006 facinora
370 2948 496 3007 ediderit
513 2953 543 3007 et
560 2950 607 3008 vir
625 2951 724 3008 factus
744 2950 774 3008 in
794 2950 872 3008 bello
893 2949 1021 3008 Troiano
1041 2949 1161 3026 agmina
1177 2949 1337 3024 Lyciorum
1357 2952 1387 3006 31
1401 2948 1494 3025 Phry·

221 3056 294 3115 gum
318 3038 515 3113 prostraverit
538 3040 783 3115 Memnonemque
807 3039 912 3098 ducem
935 3038 1117 3112 Aethiopum
1140 3037 1324 3097 interemerit
1353 3029 1495 3118 (aa-63).

223 3127 249 3185 A
274 3126 385 3186 fabulis
409 3127 446 3185 ad
470 3146 516 3186 res
540 3133 710 3202 praesentes
729 3127 904 3186 dexterrime
923 3129 1013 3202 poeta
1037 3127 1080 3184 ita
1098 3125 1184 3203 redit,
1207 3130 1242 3184 ut
1261 3145 1329 3186 cum
1349 3125 1495 3204 heroibus,

222 3216 274 3292 qui
298 3215 334 3275 de
358 3216 504 3294 sanguine
523 3216 602 3276 lovis
622 3216 760 3294 prognati
780 3215 1014 3292 praeclarissime
1036 3234 1082 3275 res
1100 3216 1254 3293 gesserint,
1277 3214 1496 3292 Aristoclidem,

223 3305 273 3383 qui
297 3305 376 3365 lovis
401 3306 430 3363 in
454 3306 534 3363 ludis
557 3305 713 3364 Nemeaeis
736 3305 849 3382 vicerit,
873 3308 1033 3381 componat
1060 3324 1187 3380 eumque
1216 3304 1328 3381 optime
1351 3304 1497 3381 cuiusque

223 3395 332 3454 aetatis
356 3415 478 3453 munere
502 3396 588 3472 fungi
611 3395 715 3453 laudet
733 3387 876 3474 (se-176).
914 3394 976 3453 Sub
999 3392 1085 3452 finem
1109 3393 1161 3451 ubi
1180 3414 1210 3453 se
1230 3393 1393 3470 excusavit,
1417 3394 1497 3470 quod

222 3502 285 3544 sero
315 3503 432 3543 carmen
461 3484 587 3559 miserit,
615 3483 653 3541 ad
680 3484 810 3560 Musam,
838 3484 916 3542 unde
944 3501 1065 3542 exorsus
1092 3485 1168 3558 erat,
1196 3483 1285 3543 rediit
1308 3483 1496 3542 Aristoclidis

220 3593 320 3632 rerum
343 3573 509 3632 fautricem.

312 3662 466 3740 Aeginetis
493 3663 657 3721 victoribus
684 3666 803 3738 praeter
830 3664 884 3722 hoo
912 3662 1072 3739 epinicium
1100 3661 1247 3719 Pindarus
1277 3662 1408 3738 plurima
1436 3661 1497 3737 epi·

222 3752 301 3811 nicia
325 3753 451 3828 scripsit,
476 3771 552 3827 quae
576 3752 631 3811 hoc
655 3752 757 3811 ordine
781 3751 989 3828 chronologico
1013 3768 1075 3812 sese
1099 3750 1264 3826 excipiunt:
1288 3751 1325 3809 N.
1349 3770 1369 3809 v
1393 3744 1497 3831 (481,

222 3841 244 3900 I.
260 3859 291 3899 33
308 3834 410 3920 (480),
430 3841 452 3898 l.
468 3860 523 3899 3333
538 3833 640 3919 (476),
656 3841 679 3899 Ι.
693 3860 713 3899 3
729 3833 832 3920 (476),
848 3840 884 3898 N.
900 3859 935 3898 111
949 3831 1054 3921 (469),
1068 3839 1105 3898 Ν.
1120 3858 1163 3899 vu
1178 3831 1281 3920 (467),
1296 3840 1333 3901 N.
1347 3859 1378 3897 1v
1394 3835 1471 3917 (465
1489 3888 1496 3917 ,

222 3931 258 3989 N.
274 3949 305 3988 v1
324 3922 429 4011 (463),
452 3930 489 3988 N.
503 3949 559 3987 vrrr
578 3922 680 4009 (461),
706 3928 738 3989 Ο,
754 3949 809 3988 3333
829 3922 929 4009 (460),
952 3929 984 3987 Ρ.
1000 3948 1055 3988 3313
1074 3920 1177 4010 (450).
1215 3929 1306 3988 Vides
1328 3930 1416 4005 plura
1434 3949 1497 3989 333-

224 4021 305 4077 mina
319 4019 483 4078 Nemeaeus
498 4022 529 4078 et
538 4018 695 4078 Isthmicas
711 4040 801 4095 quam
812 4017 985 4095 Olympicus
999 4021 1030 4077 et
1043 4019 1185 4095 Pythicas
1199 4018 1341 4078 victorias
1355 4022 1497 4095 spectare,

222 4109 251 4168 id
281 4108 360 4184 quod
388 4108 462 4167 satis
490 4128 524 4166 ex
552 4127 602 4184 eo,
630 4108 711 4183 quod
735 4108 896 4168 Corinthus
923 4111 954 4167 et
975 4108 1089 4167 Nemea
1116 4108 1153 4166 ab
1177 4108 1276 4167 insula
1298 4108 1415 4186 Aegina
1438 4128 1497 4168 non

222 4198 353 4257 multum
368 4197 527 4273 distabant,
544 4196 717 4273 explicatur.
752 4196 837 4267 Quod
856 4201 957 4256 autem
972 4198 1107 4257 curulem
1120 4197 1278 4258 victoriam
1291 4197 1498 4274 Aegineticam

222 4287 335 4346 nullam
359 4287 507 4345 Pindarus
535 4285 731 4365 praedicavit,
759 4287 904 4362 plurimas
928 4286 1075 4363 pancratii
1102 4290 1132 4346 et
1159 4287 1270 4359 luctae,
1299 4306 1384 4346 nemo
1408 4286 1496 4345 mira·

222 4375 312 4453 bitur,
336 4377 389 4452 qui
407 4376 554 4454 Aeginam
577 4375 707 4434 insulam
730 4375 868 4434 similiter
891 4379 981 4452 atque
1000 4376 1136 4435 Ithacam
1159 4376 1243 4452 equis
1262 4376 1376 4434 alendis
1395 4367 1497 4455 (ἱππο-

222 4465 371 4542 τροφίαις)
401 4466 501 4524 minus
528 4463 666 4523 idoneam
694 4465 785 4523 fuisse
812 4466 1005 4541 reputaverit.
1055 4466 1167 4525 Luctae
1195 4485 1264 4526 vero
1292 4470 1322 4524 et
1349 4465 1497 4540 pancratii

223 4555 322 4614 3133113
346 4555 509 4631 Aeginetae
537 4553 664 4612 maxime
693 4554 880 4630 exercebant,
909 4555 988 4630 quod
1016 4555 1053 4614 iis
1081 4555 1193 4630 optime
1221 4555 1343 4613 iuvenes
1367 4552 1404 4611 ad
1427 4553 1498 4612 belli

222 4644 355 4721 pericula
378 4643 516 4702 obeunda
538 4642 658 4700 institui
681 4643 837 4718 putabant,
862 4643 939 4702 unde
963 4643 1054 4704 etiam
1074 4644 1196 4703 Peleum
1219 4643 1402 4702 inventorem
1426 4662 1497 4718 pen·

222 4733 312 4792 tathli
335 4733 428 4793 fuisse
451 4730 648 4807 perhibebant
671 4724 712 4811 (3.
733 4732 821 4791 schol.
842 4731 989 4810 N.v119;
1013 4735 1049 4793 cf.
1074 4733 1161 4793 Paua.
1182 4752 1201 4792 v
1222 4744 1262 4807 17,
1283 4742 1324 4790 10.
1357 4730 1497 4791 Philostr.

222 4842 321 4900 gymn.
341 4816 380 4903 3).
431 4821 465 4878 ln
494 4819 675 4878 carminibus
703 4823 804 4879 autem
832 4820 1014 4898 Aegineticis
1044 4823 1131 4898 quasi
1159 4821 1299 4880 sollemne
1333 4820 1393 4879 suit
1423 4823 1453 4879 31
1480 4841 1498 4879 a
