3442 5550
732 401 855 451 Neues
874 401 906 450 V.
1393 397 1459 461 269

184 565 360 626 Isthmicum
383 584 402 623 a
424 565 541 642 Pythea
563 564 723 626 institutus
747 584 809 628 esse
833 565 965 625 traditur
987 567 1010 625 I.
1029 585 1049 626 v
1072 579 1115 626 49.
1161 567 1226 626 Iam
1248 585 1315 626 cum
1339 584 1459 626 carmen

184 656 207 714 I.
226 673 246 714 v
264 675 323 716 non
346 655 434 734 longe
457 657 527 731 post
548 674 681 733 pugnam
706 654 902 715 Salaminiam
929 656 1074 732 scriptum
1105 656 1145 715 sit
1174 647 1216 737 (v.
1236 656 1258 715 Ι.
1278 668 1298 714 v
1317 648 1380 736 48),
1404 656 1459 716 hoc

185 763 303 804 carmen
327 746 509 804 Nemeaeum
533 747 602 804 ante
627 764 693 805 eam
716 745 860 822 scriptum
884 763 946 805 esse
970 763 1088 804 necesse
1111 749 1169 822 est,
1194 744 1389 821 probabiliter
1412 742 1458 805 Ol.

186 837 236 911 74,
256 837 276 893 4
296 859 337 882 ==
358 836 420 894 481
441 852 468 892 a.
488 832 554 894 Chr.
573 835 622 893 vel
646 832 692 894 01.
714 837 762 912 74,
783 836 801 892 2
822 859 864 881 =
884 837 947 895 483
970 853 997 893 4.
1016 834 1083 893 Chr.
1120 834 1257 910 Denique
1281 853 1341 911 quo
1364 836 1458 894 certe·

185 923 299 982 minum
330 942 437 1001 genere
467 922 598 1000 Pytheas
629 922 747 1001 vicerit,
777 943 836 982 non
866 924 954 1001 plane
982 925 1171 1001 exploratum
1199 927 1252 982 est.
1298 923 1458 983 Pancratio

185 1013 305 1088 quidem
332 1032 401 1072 eum
428 1011 533 1073 vicisse
561 1016 651 1089 poeta
678 1016 780 1089 aperte
808 1013 844 1072 N.
864 1032 883 1070 v
903 1026 918 1071 o
942 1015 973 1072 et
995 1013 1018 1072 I.
1038 1032 1057 1072 v
1076 1025 1110 1072 60
1134 1012 1278 1088 declarat,
1307 1012 1358 1071 sed
1385 1031 1456 1071 num

184 1121 259 1177 puer
287 1100 405 1178 vicerit,
435 1101 522 1161 valde
552 1101 675 1160 dubium
705 1104 757 1161 est.
803 1102 882 1160 Nam
905 1102 986 1179 qnod
1016 1103 1047 1160 in
1077 1101 1177 1161 codice
1202 1102 1315 1178 optimo
1339 1101 1364 1159 B
1388 1101 1459 1161 huic

185 1191 309 1249 carmini
332 1190 509 1266 inscriptum
528 1194 574 1250 est
592 1187 701 1272 Πυθέᾳ
719 1187 803 1250 παιδὶ
821 1190 979 1275 Αἰγινήτῃ,
1002 1191 1070 1251 inde
1093 1190 1172 1250 effici
1195 1190 1317 1266 quidem
1340 1190 1460 1250 videtur

184 1279 330 1355 Pytheam
353 1299 480 1357 puerum
502 1279 622 1355 vicisse3
656 1280 707 1340 sed
737 1299 805 1340 cum
836 1279 996 1340 titulorum
1019 1280 1245 1340 Pindariccrum
1268 1279 1340 1339 fides
1363 1279 1456 1340 incer-

167 1368 301 1435 ,tissima
323 1369 364 1428 sit
386 1371 416 1428 et
438 1388 600 1446 puerorum
622 1370 812 1445 pancratium
837 1367 995 1447 Olympiae
1019 1369 1138 1429 demum
1162 1366 1207 1428 01.
1231 1371 1303 1446 145,
1331 1368 1457 1445 Delphis
1494 1380 1503 1426 ,’
1516 1397 1549 1417 aa
1568 1360 1631 1417 1¹2³

105 1453 166 1531 444
186 1455 231 1518 Ol.
254 1460 315 1518 108
338 1458 513 1517 institutum
536 1458 576 1517 sit
598 1451 640 1539 (v.
664 1458 753 1520 Paus.
772 1478 792 1517 v
810 1469 835 1536 8,
857 1471 898 1518 11.
921 1477 941 1516 x
962 1470 985 1536 4,
1004 1469 1034 1535 83
1063 1458 1099 1519 of.
1123 1457 1201 1518 Prol.
1221 1450 1322 1539 nm),
1349 1477 1458 1534 parum

184 1546 322 1606 credibile
346 1550 391 1606 est
412 1547 543 1607 Nemeae
570 1548 631 1607 iam
655 1546 700 1609 01.
722 1551 762 1607 74
786 1548 846 1607 duo
873 1566 984 1626 genera
1011 1547 1159 1624 pancratii
1187 1547 1329 1606 distincta
1355 1547 1456 1607 fuisse.

185 1635 266 1706 Quae
294 1656 362 1696 cum
390 1637 433 1696 ita
461 1636 535 1714 sint,
564 1639 618 1695 aut
641 1636 679 1695 ab
702 1637 824 1698 librario
847 1637 957 1697 codicis
980 1638 1005 1696 B
1029 1658 1064 1696 ex
1086 1655 1177 1697 versu
1198 1640 1282 1696 sexto
1306 1636 1457 1697 notionem

185 1725 270 1802 pueri
293 1729 444 1803 sumptam
467 1744 539 1803 esse,
562 1728 617 1784 aut
640 1729 709 1786 ante
727 1727 776 1787 vel
794 1729 863 1802 post
885 1724 969 1787 παιδὶ
992 1729 1104 1787 nomeu'
1122 1726 1219 1804 patris
1241 1726 1403 1802 Lamponia
1426 1726 1457 1785 in

184 1815 283 1875 codice
306 1815 359 1874 illo
383 1815 524 1875 excidisse
547 1819 630 1892 puto.

274 1903 399 1964 Carmen
431 1904 531 1980 ipsum
562 1904 587 1965 si
619 1905 700 1982 qnod
732 1905 816 1964 alind
847 1905 1030 1982 metaphoris
1063 1908 1094 1965 et
1125 1904 1307 1984 imaginibus
1339 1904 1457 1984 egregie

185 1993 327 2071 splendet,
351 1993 430 2053 idem
454 1998 554 2054 tamen
574 1995 654 2071 quod
673 1995 753 2054 iusto
772 1994 869 2072 magis
887 1995 1048 2054 versicolor
1066 1997 1112 2054 est
1130 1997 1161 2053 et
1179 1995 1217 2053 ab
1236 1994 1297 2053 alia
1315 1995 1346 2052 in
1366 1994 1457 2053 aliam

184 2103 246 2142 rem
268 2083 366 2162 magis
389 2083 523 2143 transilit
545 2102 636 2160 quam
655 2084 807 2143 commode
826 2084 944 2161 transit,
963 2083 1077 2143 ardoris
1096 2083 1236 2143 iuvenilis
1255 2083 1331 2144 vitia
1348 2083 1457 2160 prodit.

185 2172 346 2249 Splendido
370 2171 465 2251 igitur
488 2173 519 2231 in
542 2173 660 2232 exordio
680 2173 902 2249 comparatione
921 2172 1042 2249 epinicii
1060 2192 1129 2232 cum
1148 2175 1250 2232 statua
1269 2173 1350 2233 facta
1368 2175 1458 2249 poeta

184 2262 318 2321 animum
337 2280 426 2320 suum
444 2263 627 2338 cohortatur,
650 2264 686 2320 ut
708 2262 841 2337 Pytheae
865 2261 981 2322 iuvenis
1003 2261 1161 2321 victoriam
1184 2262 1373 2339 Nemeaeam,
1396 2280 1457 2338 qua

184 2351 289 2410 heroas
311 2350 474 2429 Aeginetae
505 2353 535 2410 et
564 2350 694 2428 patriam
717 2350 848 2411 insulam
875 2350 980 2410 eximie
1008 2351 1060 2410 ille
1087 2351 1298 2428 illustraverit,
1326 2350 1456 2411 carmine

183 2439 334 2516 praedicet
357 2432 471 2520 (1-8);
494 2441 571 2499 hanc
593 2442 695 2499 autem
714 2439 843 2499 insulam
862 2441 974 2500 claram
995 2440 1107 2499 factam
1126 2459 1188 2500 esse
1212 2440 1292 2501 Iovis
1314 2439 1456 2500 beneficio

183 2535 284 2604 preces
316 2528 409 2588 trium
441 2528 570 2588 filiorum
597 2529 689 2588 Aeaci
716 2529 902 2589 exaudientis
932 2521 1059 2612 (9—18).
1105 2530 1170 2589 Iam
1202 2529 1294 2589 trium
1325 2528 1456 2589 liliorum

184 2619 333 2678 mentione
356 2620 437 2678 facta
460 2621 550 2695 poeta
573 2618 695 2677 dissidia
717 2617 855 2696 fratrum,
877 2619 969 2678 Phoci
992 2619 1152 2679 nefandam
1175 2619 1305 2697 caedem,
1325 2618 1408 2679 Pelei
1426 2622 1457 2678 et

183 2707 353 2768 Telamonis
383 2709 494 2786 sugam·
514 2707 700 2786 recordatur,
724 2708 775 2767 sed
797 2708 851 2766 has
874 2726 920 2767 res
943 2708 1044 2768 tristes
1068 2728 1098 2769 se
1122 2708 1166 2767 ait
1185 2708 1304 2768 silentio
1323 2727 1455 2785 premere

183 2798 286 2876 melle,
314 2798 420 2857 decora
447 2797 549 2874 potius
576 2797 674 2877 gentis
705 2797 761 2856 sibi
791 2797 972 2856 illustranda
994 2816 1057 2858 esse
1081 2790 1225 2878 (le-21).
1270 2799 1372 2875 Atque
1395 2797 1455 2856 iarn

183 2905 278 2946 unum
296 2906 332 2946 ex
349 2886 505 2947 decoribus
523 2886 584 2946 illis
602 2887 747 2962 hymnum
765 2886 856 2946 fuisse
874 2887 974 2965 refert,
994 2907 1053 2963 quo
1068 2887 1172 2947 Musae
1192 2887 1222 2945 in
1241 2886 1355 2963 nuptiis
1374 2886 1455 2946 Pelei

184 2980 215 3036 et
228 2976 362 3036 Thetidis
376 2976 441 3035 fata
454 2975 555 3035 mariti
570 2978 601 3033 et
619 2977 767 3052 nymphae
786 2975 969 3052 cecinissent,
988 2975 1111 3034 insidias
1130 2976 1168 3035 ab
1186 2975 1338 3052 impudica
1351 2975 1455 3035 Acasti

184 3084 274 3124 uxore
301 3065 390 3125 Peleo
418 3067 548 3123 structas
578 3068 609 3122 44
631 3064 767 3123 Thetidis
794 3063 968 3142 coniugium
997 3065 1046 3141 pio
1078 3064 1160 3124 heroi
1189 3067 1344 3140 tamquam
1371 3083 1456 3140 prae·

182 3154 277 3214 mium
306 3153 469 3231 pudicitiae
492 3170 510 3210 a
532 3153 603 3213 Iove
628 3155 659 3212 et
681 3154 821 3231 Neptuno
845 3152 990 3213 donatum
1014 3147 1158 3235 (rr-37).
1205 3152 1281 3212 Hinc
1304 3152 1379 3212 satis
1402 3172 1455 3212 au-

183 3243 285 3322 dacter
307 3243 345 3302 ad
367 3242 544 3319 Neptunum
562 3242 729 3319 praesidem
747 3242 957 3302 Isthmicorum
977 3243 1180 3319 certaminum,
1201 3261 1277 3318 quae
1296 3242 1395 3303 nescio
1415 3261 1454 3302 en

183 3332 244 3392 iam
270 3336 336 3392 tum
366 3331 529 3409 Phylacida
552 3337 607 3390 aut
629 3332 760 3408 Pytheas
783 3331 845 3408 ipse
870 3331 951 3391 obire
974 3332 1136 3392 meditatus
1159 3331 1207 3409 sit,
1231 3334 1322 3409 poeta
1345 3332 1454 3392 transit

183 3415 326 3503 (tt-40).
372 3421 486 3481 Deinde
517 3422 598 3501 saltu
626 3421 718 3480 etiam
745 3420 903 3480 audaciore
926 3420 1076 3481 Isthmicis
1103 3421 1182 3481 ludis
1209 3420 1343 3481 adnectit
1365 3422 1454 3501 Aegi-

183 3512 311 3571 neticam
329 3510 486 3571 victoriam
503 3510 711 3588 Euthymenis,
730 3510 873 3570 avunculi
892 3510 1032 3588 Pytheas,
1052 3511 1183 3587 Pytheas
1202 3510 1298 3588 ipsius
1313 3511 1454 3572 victorias

183 3599 362 3661 Nemeaeam
381 3600 584 3679 Megarensem
598 3599 814 3677 Aegineticam,
829 3599 955 3677 denique
970 3599 1136 3680 Themistii,
1149 3600 1240 3659 unius
1260 3620 1295 3660 ex
1318 3600 1454 3679 cognatis

183 3688 328 3767 Pytheas,
351 3690 537 3766 Epidaureas
560 3680 704 3771 (ll—54).

271 3778 411 3856 Pytheas,
431 3779 480 3838 cui
499 3779 554 3838 hoc
571 3798 689 3838 carmen
709 3780 823 3838 factum
846 3781 899 3857 est,
923 3778 1014 3838 etiam
1037 3779 1068 3838 in
1092 3779 1226 3855 epiniciis
1249 3779 1352 3838 fratris
1376 3780 1453 3857 Phy-

182 3867 296 3928 lacidae
315 3860 352 3949 (1.
373 3887 391 3926 v
412 3879 452 3926 19.
473 3879 514 3928 59.
534 3886 566 3926 v1
585 3860 634 3949 58)
653 3867 764 3927 mentio
784 3867 825 3926 fit.
863 3868 945 3927 Idem
967 3872 1123 3944 praeterea
1145 3869 1176 3927 in
1199 3869 1368 3947 fragmento
1391 3888 1452 3929 car·

184 3957 279 4034 minis,
303 3957 383 4034 quod
403 3957 515 4017 scholia
538 3957 577 4016 ad
600 3958 686 4017 inser.
705 3957 728 4016 I.
748 3976 767 4015 v
786 3960 989 4035 servaveumt,
1013 3961 1270 4035 commemoratur,
1294 3978 1354 4035 quo
1377 3959 1453 4018 Isth-

182 4047 243 4105 mia
265 4067 334 4106 eum
357 4046 470 4124 vicisse,
494 4047 546 4106 sed
569 4047 629 4105 iam
652 4049 777 4106 mortem
801 4046 973 4107 occubuisse
997 4051 1087 4123 poeta
1109 4045 1266 4125 significat.

724 4198 769 4266 Ile
789 4201 911 4269 metris.

271 4312 395 4374 Carmen
421 4315 477 4375 hoc
502 4314 539 4373 ad
564 4314 722 4391 antiquam
750 4334 885 4375 normam
911 4315 1264 4392 dactylo-epitritioomm
1287 4315 1453 4376 carminum

181 4404 379 4480 compositum
407 4424 442 4464 ex
469 4403 593 4480 pedibus
622 4404 751 4480 epitritis
777 4408 807 4464 et
835 4405 972 4481 tripudiis
1000 4405 1155 4481 dactylicis
1184 4409 1314 4481 constat,
1344 4405 1453 4481 quihus

181 4513 241 4552 una
271 4494 302 4552 in
333 4493 427 4571 epodo
457 4492 626 4570 tetrapodia
656 4493 804 4569 dactylica
831 4485 892 4574 (ep.
917 4486 948 4574 6)
975 4496 1007 4553 et
1031 4495 1062 4553 in
1087 4494 1210 4571 stropha
1240 4494 1337 4553 simile
1367 4494 1452 4553 colon

181 4583 388 4660 logsoedicum
407 4574 473 4661 (str.
489 4594 517 4659 23
536 4583 572 4642 cf.
590 4579 624 4640 Ο.
640 4601 671 4640 u
686 4593 710 4641 5.
725 4601 780 4639 xru
795 4574 827 4662 3)
846 4583 1013 4643 admixtum
1027 4587 1080 4643 est.
1103 4583 1186 4643 Idem
1205 4583 1343 4642 similiter
1361 4586 1452 4659 atque

183 4671 216 4732 Ο.
236 4691 270 4730 111
294 4673 354 4731 fere
383 4671 531 4730 continuis
555 4671 687 4731 numeris
710 4671 849 4749 decurrit,
872 4672 950 4731 unde
974 4673 1113 4749 strophae
1137 4691 1239 4732 versus
1262 4683 1341 4750 3—5,
1366 4672 1454 4748 epodi

182 4773 250 4819 2·—3
270 4761 405 4840 singulas
429 4760 460 4819 in
483 4761 620 4836 periodos
643 4761 822 4839 coniungere
845 4761 949 4820 malim
972 4766 1003 4820 et
1024 4762 1056 4821 in
1080 4761 1166 4839 epodi
1190 4761 1286 4820 medio
1310 4780 1400 4821 versu
1417 4772 1452 4820 34

181 4870 334 4911 caesuram
359 4850 526 4929 neglectam
548 4869 637 4928 aegre
661 4851 764 4910 feram.
801 4850 932 4926 Pompae
950 4850 1069 4911 chorive
1088 4851 1252 4929 gradientis
1270 4851 1388 4910 nullum
1408 4851 1451 4910 in·
