3442 5550
643 423 766 475 nunus
785 425 859 478 vnr.
1321 422 1386 486 295

112 596 262 652 cesserant
280 610 373 652 annos
393 584 469 671 (461
488 583 763 670 ve1463),quibus
783 591 850 650 lites
870 591 947 649 inter
961 591 1157 651 Athenienses
1176 594 1206 650 et
1224 591 1386 669 Aeginetae

113 681 171 740 seri
194 685 316 757 coeptae
335 685 412 740 sunt.
450 680 678 740 Atheniensium
702 680 779 739 enirn
804 679 924 739 fraudes
948 684 978 738 et
1000 681 1150 758 perfidiae,
1169 680 1278 757 quibus
1297 680 1386 760 Aegi·

113 775 198 830 netas
221 771 439 847 oppresserunt,
460 769 613 846 aptissime
637 769 770 845 exemplo
789 769 867 828 vafri
887 773 918 829 et
936 769 1030 829 astuti
1045 769 1142 830 Ulixis
1161 769 1386 847 adumbrantur,

112 862 144 920 et
161 860 258 936 prisco
277 859 427 935 splendori
442 859 583 938 Aeginae,
602 877 671 918 cum
685 857 914 918 Atheniensium
933 863 964 919 et
980 858 1282 920 Lacedaemoniorum
1298 859 1387 920 duces

113 948 277 1026 sapientiae
301 948 393 1008 Aeaci
411 948 575 1027 Aeginetae
600 947 809 1025 oboediebant,
833 948 945 1024 optime
969 949 1131 1024 opponitur
1153 949 1279 1008 tristitia
1301 967 1386 1025 prae·

112 1058 187 1116 sens,
211 1057 272 1115 qua
295 1037 491 1097 Athenienses
514 1037 644 1096 insulam
666 1036 813 1116 Aeginam
837 1037 953 1096 infestis
976 1038 1066 1097 armis
1089 1037 1279 1097 invadebant.
1324 1038 1387 1098 Hoc

113 1129 200 1187 modo
224 1127 248 1186 si
272 1146 390 1186 cannen
414 1127 654 1203 interpretamur,
677 1126 786 1185 mirum
814 1130 962 1202 quantum
986 1145 1033 1186 ars
1057 1130 1088 1186 et
1110 1126 1301 1204 pulchritudo
1324 1145 1387 1186 car·

113 1218 201 1276 minis
225 1220 367 1295 augetur3
389 1217 445 1276 hoc
469 1215 547 1274 enim
571 1235 606 1275 er
629 1215 758 1274 carmine
782 1218 813 1275 et
836 1215 983 1275 similibus
1006 1216 1187 1276 carminibus
1210 1217 1232 1275 Ι.
1253 1234 1304 1277 vn.
1323 1235 1386 1277 vrrr.

113 1307 146 1366 O.
167 1325 218 1366 xrv
242 1310 367 1384 apparet
389 1305 553 1364 Pindarum
576 1325 634 1364 non
658 1304 755 1364 solum
779 1305 933 1381 splendore
960 1303 1125 1383 figurarum
1148 1308 1180 1365 et
1202 1305 1387 1365 sublimitate

112 1395 328 1456 sententiarum
360 1395 515 1471 excellere,
548 1412 651 1455 verum
683 1393 775 1453 etiam
804 1394 882 1453 veris
915 1393 1007 1453 enimi
1040 1393 1195 1455 affectibus
1226 1399 1257 1455 et
1288 1395 1387 1472 ipsum

113 1485 291 1545 commoveri
320 1487 351 1544 et
378 1483 532 1544 hominurn
554 1485 677 1560 pectora
699 1502 892 1544 commovere.
938 1481 1020 1554 Quae
1044 1502 1111 1543 cum
1135 1484 1180 1543 ita
1209 1484 1282 1561 sint,
1311 1484 1387 1544 nihil

112 1594 212 1635 moror
241 1573 425 1650 Leopoldunr
449 1572 660 1650 Schmidtium,
683 1571 767 1631 Pind.
786 1572 856 1632 Leb.
875 1584 928 1632 430
943 1591 994 1651 ss,
1018 1592 1036 1632 a
1058 1573 1166 1633 iuvene
1189 1577 1291 1651 poeta,
1319 1593 1387 1633 cum

114 1665 178 1723 eius
208 1682 257 1722 ars
286 1663 418 1723 nondum
448 1663 654 1722 consummate
684 1661 788 1740 fuerit,
818 1661 874 1721 hoc
904 1681 1022 1723 carmen
1054 1662 1199 1739 scriptum
1230 1681 1294 1723 esse
1324 1663 1386 1740 opi·

114 1755 243 1813 nantem.

203 1842 245 1902 Ut
268 1860 355 1918 saepe
379 1841 409 1900 in
428 1840 611 1919 Aegineticis
634 1840 768 1917 epiniciis
791 1858 810 1898 a
833 1840 954 1901 numine
977 1839 1079 1900 divino
1102 1844 1192 1917 poeta
1213 1840 1389 1918 auspicatur

115 1933 165 2012 rof.
186 1930 219 1991 0.
239 1950 302 1990 vm.
326 1931 358 1989 P.
378 1948 440 1988 vm.
464 1930 500 1988 N.
521 1948 572 1988 vrr.
595 1929 618 1990 I.
638 1921 680 2010 v),
704 1930 746 1989 sio
768 1929 799 1987 in
818 1929 874 1989 hoo
893 1949 1012 2007 quoque
1031 1930 1161 1990 carmine
1179 1950 1199 1990 a
1216 1930 1387 2008 Pubertate,

113 2022 221 2080 nuntia
240 2020 372 2096 Veneris,
396 2019 512 2079 orditur
531 2010 639 2100 (1—5),
663 2019 693 2078 id
717 2019 796 2096 quod
820 2022 851 2078 et
874 2019 967 2078 aetati
990 2019 1107 2079 iuvenis
1125 2019 1247 2080 victoris
1270 2019 1387 2099 egregie

113 2110 370 2171 accommodatum
393 2108 453 2167 fuit
475 2111 506 2167 et
529 2110 634 2184 aptum
661 2108 822 2168 transitum
850 2112 956 2185 poetae
984 2112 1073 2185 parat
1100 2109 1138 2168 ad
1166 2127 1281 2170 amores
1309 2109 1389 2170 lovis

114 2205 145 2260 et
167 2200 301 2278 Aeginae
325 2198 473 2275 nymphae
497 2196 778 2275 commemorandos,
801 2197 880 2257 unde
899 2199 1025 2274 Aeacus,
1044 2197 1225 2258 iustissimus
1244 2218 1303 2273 rex,
1322 2218 1389 2275 pro·

113 2293 231 2349 creatus
261 2288 315 2364 sit,
353 2287 437 2347 cuius
469 2286 587 2346 iudiciis
617 2285 744 2346 libenter
774 2286 845 2345 olim
874 2286 964 2347 duces
994 2286 1189 2347 finitimarum
1219 2287 1388 2347 civitatium

112 2377 268 2456 paruerint
292 2370 418 2458 (6-12).
456 2375 555 2434 Huius
579 2375 673 2454 igitur
695 2393 795 2454 genua
817 2379 907 2452 poeta
930 2377 1084 2453 amplexus
1107 2396 1161 2453 pro
1185 2377 1281 2436 salute
1305 2376 1388 2435 urbis

115 2470 147 2528 et
169 2467 280 2527 civium
303 2466 354 2543 pia
376 2469 449 2526 vota
471 2465 553 2543 facit,
578 2465 668 2524 simul
690 2464 846 2525 illustrans
869 2465 973 2542 Lydiis
991 2466 1086 2525 modis
1104 2466 1252 2526 victorum
1271 2465 1389 2525 Dinidis

113 2558 237 2634 eiusque
259 2555 355 2633 patris
378 2555 483 2633 Megas
507 2573 577 2631 opes
600 2572 669 2614 cunr
692 2554 810 2614 iustitia
833 2555 1015 2634 coniunctas,
1039 2574 1114 2633 quas
1133 2555 1244 2617 similes
1263 2574 1326 2616 esee
1345 2555 1390 2614 ait

113 2646 240 2723 Cinyrae
264 2643 375 2722 Cyprii,
399 2644 483 2704 cuius
507 2645 588 2703 fama
610 2643 765 2723 Aeginetis
788 2644 961 2723 gratissima
983 2647 1015 2704 et
1038 2645 1125 2722 quasi
1144 2645 1302 2705 familiaris
1320 2645 1388 2722 fuit,

113 2736 193 2814 quod
216 2752 294 2793 unus
317 2753 352 2793 ex
374 2733 588 2810 pronepotibus
611 2733 703 2793 Aeaci
726 2734 840 2793 Teucer
862 2733 1015 2793 Salamina
1038 2733 1142 2794 urbem
1165 2734 1196 2793 in
1221 2733 1319 2811 Cypro
1342 2734 1387 2793 in-

112 2826 179 2885 sula
197 2823 369 2884 condiderat
388 2814 512 2904 (6-18).
551 2821 624 2881 Cum
644 2823 704 2882 iam
723 2823 754 2881 in
773 2842 807 2882 eo
831 2826 921 2898 poeta
943 2826 1029 2901 esset,
1052 2827 1089 2882 ut
1111 2823 1147 2881 de
1170 2822 1297 2899 Cinyrae
1316 2824 1387 2882 fatis

113 2914 203 2975 verba
226 2914 350 2990 faceret,
379 2911 417 2970 ab
444 2911 499 2971 hoc
527 2911 650 2971 consilio
678 2916 800 2988 propter
825 2911 969 2971 invidiam
992 2912 1227 2972 obtrectatorum
1251 2930 1281 2970 se
1304 2931 1388 2972 revo-

113 3007 163 3063 cat
185 3006 216 3062 et
238 3001 349 3079 insigni
373 3001 506 3077 exemplo
530 3001 691 3060 domestico
715 3001 816 3060 Aiacis
840 3001 877 3059 ad
900 3019 1006 3060 manus
1035 3000 1091 3059 sibi
1119 3000 1287 3060 inferendas
1310 3020 1387 3061 com·

112 3092 193 3170 pulsi
217 3092 409 3168 demonstret,
433 3093 547 3166 quanto
571 3091 639 3166 plus
664 3090 743 3165 apud
767 3089 900 3150 homines
919 3090 1033 3149 astutia
1051 3090 1163 3149 diserta
1182 3108 1274 3166 quarn
1292 3089 1388 3149 virtus

113 3182 237 3259 simplex
260 3171 524 3260 veleat(18-34).
560 3179 595 3237 In
620 3179 710 3238 tertia
733 3181 818 3256 parte
842 3178 981 3238 carminis
1004 3173 1044 3260 (v.
1064 3171 1184 3258 senor)
1204 3183 1294 3255 poeta
1312 3179 1388 3240 tales

112 3288 209 3332 mores
232 3287 264 3330 ae
289 3269 471 3329 detestatum
494 3267 577 3327 enixe
602 3268 720 3333 studere
744 3268 829 3345 dicit,
860 3272 896 3326 ut
918 3273 1024 3346 gratus
1048 3268 1162 3328 civibus
1186 3267 1334 3327 iustitiam
1358 3275 1389 3328 et

112 3378 229 3422 morum
257 3358 437 3436 probitatem
465 3375 562 3434 usque
590 3358 627 3416 ad
656 3360 821 3417 extremum
848 3357 987 3433 spiritum
1015 3361 1113 3417 servet
1140 3362 1171 3417 et
1198 3359 1388 3418 strenuorum

112 3450 253 3526 virorum,
277 3448 381 3525 quales
404 3444 490 3505 Dinis
514 3450 545 3507 et
567 3447 669 3525 Megas
693 3446 766 3525 sint,
790 3447 901 3506 famam
924 3450 1037 3525 augeat
1058 3447 1209 3524 epiniciis,
1233 3465 1310 3523 quae
1334 3447 1387 3506 du-

113 3539 184 3598 dum
208 3538 322 3615 optima
345 3536 454 3595 solatia
477 3538 508 3595 et
530 3536 664 3613 praemia
687 3536 822 3595 laborum
846 3535 1017 3595 existimata
1039 3536 1108 3595 sint,
1129 3536 1301 3595 -Totum
1324 3555 1386 3596 car·

112 3648 179 3688 men
209 3627 306 3686 tribus
335 3625 482 3702 pericopis
512 3619 651 3705 (stropha
681 3624 868 3700 antistrophe
898 3618 1068 3705 epodoque)
1098 3628 1230 3702 constat,
1259 3644 1387 3702 quarum

111 3735 311 3794 unaquaeque
331 3716 452 3791 plenum
475 3719 506 3774 et
529 3715 558 3772 in
583 3734 613 3774 se
637 3714 810 3774 conclusum
829 3715 1045 3773 sententiarum
1065 3713 1165 3774 orbem
1187 3714 1387 3793 amplectitur,

113 3825 204 3884 quarn
218 3804 442 3882 compositionis
458 3804 688 3864 concinnitatem
707 3808 826 3880 poetam
845 3807 1045 3864 senescentem
1064 3804 1227 3864 excoluisse
1247 3803 1334 3864 docui
1349 3803 1387 3862 ad

113 3896 229 3955 O.xu1.
546 3911 548 3917 ·

657 4029 702 4095 De
724 4030 846 4095 metris.

200 4163 297 4222 Metra
326 4162 416 4222 buius
446 4161 585 4221 carminis
616 4180 633 4219 a
664 4160 821 4220 severitate
852 4160 1029 4223 Doricorum
1059 4160 1223 4218 carminum
1252 4159 1385 4236 dactylo·

110 4252 330 4332 epitriticorum
353 4253 421 4328 plus
444 4271 505 4311 uno
528 4251 646 4311 nomine
670 4250 834 4327 discedunt,
858 4250 987 4325 primurn
1011 4248 1092 4324 quod
1113 4268 1131 4306 a
1149 4248 1297 4323 bisyllaba
1320 4248 1385 4308 basi

111 4341 236 4419 stropha
258 4341 417 4417 exorditur,
436 4340 541 4400 deinde
565 4341 645 4415 quod
668 4343 767 4399 rectus
786 4358 890 4398 cursus
909 4357 1102 4397 numerorum
1121 4355 1208 4413 saepe
1228 4338 1385 4397 interrum-

111 4432 196 4509 pitur
214 4425 281 4513 (str.
301 4443 325 4490 c.
345 4443 370 4506 s,
390 4450 434 4506 ep.
456 4443 478 4489 1.
499 4442 522 4487 3.
544 4442 567 4488 5.
588 4422 628 4510 o),
647 4434 713 4488 tum
732 4429 810 4506 quod
830 4429 862 4487 in
881 4427 968 4504 epodi
991 4446 1080 4486 versu
1102 4431 1211 4503 quarto
1235 4426 1386 4486 trochaica

112 4520 243 4597 tripodis
265 4519 296 4578 in
319 4520 418 4579 locum
442 4518 606 4596 dactylicae
631 4518 772 4578 successit
794 4510 844 4596 (cf.
865 4516 899 4576 0.
919 4535 974 4574 xrrr
993 4511 1032 4595 3),
1056 4515 1183 4592 denique
1207 4514 1288 4592 quod
1311 4520 1386 4575 stro-

111 4609 189 4687 phae
216 4626 319 4668 versus
347 4611 473 4685 quartus
501 4611 532 4667 et
560 4608 647 4685 epodi
675 4607 783 4667 tertius
806 4608 843 4665 ab
867 4605 1215 4682 anapaesto-incipiunt,
1239 4623 1315 4681 quae
1339 4623 1386 4664 res

113 4717 214 4758 omues
241 4716 309 4757 cum
335 4697 457 4756 levitate
485 4696 598 4773 Lydiae
626 4696 798 4756 harmoniae
828 4689 867 4777 (v.
894 4707 939 4770 153
971 4694 1007 4754 cf.
1032 4692 1110 4753 Prol.
1134 4702 1200 4771 mx)
1229 4694 1384 4754 cohaerere

114 4787 260 4846 videntur.
298 4787 443 4862 Stropbae
465 4787 553 4862 primi
578 4805 680 4846 versus
704 4787 800 4845 altera
823 4785 939 4861 syllaba
962 4787 1064 4842 utrum
1093 4801 1201 4859 anceps
1229 4801 1267 4841 an
1294 4783 1386 4861 longa

113 4874 206 4934 trium
229 4893 379 4933 morarum
403 4875 450 4952 sit,
474 4875 595 4934 avaria
617 4875 743 4935 lectione
762 4894 788 4933 v.
809 4886 843 4933 40
861 4874 983 4951 pendet;
1007 4871 1145 4948 strophae
1169 4891 1272 4932 versus
1295 4891 1383 4949 quar·
