3442 5550
306 344 390 398 CXIV
806 346 1084 399 PROLEGOMENA.

307 508 459 593 quoniam
482 507 537 572 ille
560 529 627 572 non
648 506 783 572 Homeri
806 530 894 573 more
918 507 1046 572 fabulas
1070 507 1140 571 fuse
1163 528 1295 571 narrare
1319 507 1412 592 solet,
1434 512 1472 572 ut
1494 507 1586 592 ipsae

305 636 362 699 per
390 637 424 680 se
453 615 522 680 sine
550 614 618 679 ullo
647 614 752 678 alieno
778 614 973 679 adminiculo
996 614 1143 698 intellegi
1167 613 1307 699 possint,
1335 615 1392 679 sed
1413 614 1585 700 plerasque

304 721 439 785 summis
476 721 681 786 lineamentis
716 721 887 786 adumbrat
918 726 975 785 aut
1008 726 1134 785 tantum
1169 720 1319 807 attingit,
1354 726 1469 806 utpote
1503 744 1585 807 quae

303 827 369 891 iam
402 829 442 892 ab
476 828 549 892 aliis
581 828 747 912 expositae
780 827 982 892 auditoribus
1012 828 1091 892 satis
1119 833 1216 892 notae
1244 832 1277 892 et
1304 828 1482 893 familiares
1511 828 1585 892 sint.

304 933 417 1020 Neque
446 935 573 999 fabulas
601 958 621 999 a
647 940 744 1021 poeta
772 934 973 1019 significatas
1002 935 1170 999 enarrandi
1200 957 1316 999 munus
1343 940 1470 1000 veteres
1494 935 1585 1000 scho

304 1041 418 1107 liastae
445 1042 746 1127 praetermiserunt,
775 1046 885 1106 tamen
909 1042 950 1106 ab
975 1065 1087 1107 eornm
1110 1042 1236 1106 ratione
1258 1042 1332 1106 ideo
1355 1064 1415 1107 nos
1438 1043 1586 1107 recedere

308 1154 449 1233 oportet,
482 1151 568 1235 quod
594 1148 644 1213 illi
672 1148 856 1214 fabularum
884 1150 1009 1233 orbem,
1042 1148 1169 1233 qualem
1199 1149 1286 1213 docti
1314 1148 1518 1234 grammatici
1546 1171 1585 1213 ex

305 1256 402 1321 variis
430 1257 658 1342 scriptoribus,
686 1256 849 1321 veteribus
874 1261 907 1321 et
929 1256 1126 1339 recentibus,
1154 1260 1404 1340 composuerant
1427 1261 1460 1320 et
1482 1278 1584 1321 unum

303 1361 338 1426 in
362 1386 480 1447 corpus
503 1365 704 1451 redegerant,
726 1363 792 1428 iam
811 1362 952 1428 Pindaro
975 1368 1091 1427 notum
1109 1361 1210 1426 fuisse
1229 1363 1412 1447 sumebant,
1434 1384 1494 1427 nos
1513 1363 1587 1429 reli·

304 1470 394 1556 giose
423 1471 623 1558 distinguere
648 1474 791 1556 oportet,
819 1492 900 1554 quae
923 1470 1082 1534 Pindarus
1105 1469 1172 1533 iarn
1194 1469 1323 1533 noverit
1346 1474 1379 1533 et
1403 1491 1485 1554 quae
1508 1475 1585 1555 post

303 1574 480 1642 Pindarum
495 1600 515 1641 a
527 1577 763 1643 recentioribus
782 1575 888 1661 poetis
907 1582 940 1641 et
959 1575 1216 1662 mythographis,
1235 1581 1273 1640 ut
1291 1576 1423 1642 lacunas
1436 1582 1583 1642 veterum

303 1684 516 1750 traditionum
548 1684 713 1768 explerent
745 1688 778 1748 et
808 1683 989 1749 civitatium
1016 1704 1195 1769 regumque
1223 1682 1457 1748 ambitionibus
1489 1684 1584 1749 satis·

302 1789 459 1875 facerent,
491 1790 619 1856 additae
653 1789 727 1855 sint.
777 1788 944 1855 Permulta
976 1789 1062 1855 enim
1095 1812 1169 1855 cum
1197 1794 1311 1874 poetas
1339 1789 1483 1876 tragicos
1511 1795 1583 1855 tum

303 1896 539 1962 Alexandrinos
567 1897 812 1984 grammaticos,
840 1897 960 1981 partim
987 1896 1135 1981 patribus
1164 1897 1205 1960 ab
1233 1896 1428 1980 antiquitate
1452 1897 1582 1963 traditis

302 2009 422 2068 matres
450 2004 618 2089 addentes,
644 2004 766 2089 partim
794 2004 899 2069 socios
927 2004 1043 2089 priscis
1071 2003 1225 2067 heroibus
1252 2004 1286 2068 in
1315 2002 1409 2067 bellis
1433 2005 1581 2090 gerendis

301 2110 511 2197 adfingentes,
535 2133 671 2176 novasse
695 2116 728 2175 et
749 2111 975 2196 interpolasse,
997 2110 1048 2175 vel
1072 2132 1111 2174 cx
1133 2110 1224 2175 vana
1246 2132 1355 2175 rerum
1374 2110 1531 2176 memoria
1549 2116 1583 2177 et

300 2219 470 2284 nominum
493 2218 655 2283 discordia
677 2218 757 2282 satis
782 2223 924 2303 apparet.
966 2217 1107 2282 Novisse
1132 2222 1240 2282 autem
1263 2217 1330 2282 iam
1348 2216 1526 2283 Pindarum
1549 2223 1584 2284 et

301 2325 336 2389 in
360 2347 455 2390 suum
478 2347 573 2389 usum
598 2324 796 2389 convertisse
819 2347 947 2390 sumere
969 2324 1065 2389 nobis
1090 2323 1166 2389 licet
1190 2324 1346 2408 quidquid
1364 2323 1527 2391 Homerus
1550 2331 1584 2391 et

300 2428 478 2517 Hesiodus,
505 2453 643 2516 quorum
670 2435 841 2517 poetarum
868 2432 1012 2498 carmina
1040 2431 1288 2518 diligentissime
1317 2454 1391 2496 eum
1416 2432 1582 2498 lectitasse

301 2542 334 2602 et
356 2539 450 2603 firma
473 2538 630 2603 memoria
653 2539 795 2604 tenuisse
819 2537 991 2625 constat1),
1013 2560 1080 2603 non
1103 2538 1208 2603 solum
1233 2539 1271 2602 de
1296 2539 1486 2625 genealogia
1507 2539 1581 2604 stir-

301 2644 391 2727 pium
417 2646 594 2731 regiarum,
622 2651 658 2710 ut
681 2644 909 2730 Pelopidarum
932 2644 1205 2729 Dardanidarum,
1234 2643 1429 2729 Sarpedonis
1452 2645 1581 2711 Aeneae

300 2752 377 2816 data
396 2773 494 2836 opera
512 2757 737 2836 exposuerant,
758 2754 813 2817 sed
833 2753 932 2817 etiam
952 2775 1034 2837 quae
1053 2753 1092 2816 de
1111 2752 1246 2816 ducibus
1267 2750 1400 2817 Graecis
1418 2752 1580 2819 Troianis·

300 2880 362 2942 que
382 2858 475 2944 quasi
494 2864 736 2945 praetereuntes
755 2864 957 2925 notaverant.
994 2860 1165 2925 Praeterea
1178 2858 1320 2923 Pindaro
1334 2858 1487 2944 pleraque
1500 2866 1581 2927 nota

298 2965 399 3031 fuisse
426 2965 602 3031 verisimile
630 2970 693 3050 est,
721 2989 803 3052 quae
832 2967 1008 3051 scriptores
1036 2965 1186 3051 aequales
1214 2970 1247 3030 et
1270 2966 1369 3030 etiam
1392 2966 1448 3050 qui
1472 2972 1580 3033 aetate

299 3095 456 3158 suppares
486 3078 593 3158 erant,
624 3073 713 3137 velut
739 3073 921 3158 Aeschylus
948 3073 1147 3157 Pherecydes
1175 3071 1378 3157 Herodotus,
1404 3073 1579 3140 memoriae

298 3180 517 3263 prodiderunt.
573 3180 828 3266 Nonnumquam
864 3182 963 3246 etiam
1000 3202 1110 3245 earum
1147 3201 1255 3244 rerum
1286 3179 1407 3244 notitia
1439 3179 1578 3246 Pindaro

299 3286 490 3351 vindicanda
517 3291 580 3371 est,
608 3310 688 3372 quas
716 3310 754 3352 ex
782 3288 1017 3354 recentioribus
1044 3286 1257 3372 scriptoribus
1282 3285 1376 3371 solis,
1402 3286 1579 3371 Apollonio

298 3391 443 3458 Diodoro
458 3393 659 3478 Apollodoro
674 3394 844 3478 Pausania,
864 3395 1088 3479 comperimus,
1109 3392 1369 3479 quandoquidem
1382 3393 1578 3460 vetustiores

298 3498 382 3583 libri,
406 3501 524 3585 quibus
547 3500 595 3565 illi
620 3500 670 3565 usi
689 3507 790 3586 erant,
812 3501 961 3587 inprimis
980 3507 1150 3588 poetarum
1170 3499 1364 3585 cyclicorum
1384 3499 1578 3587 Pherecydis

297 3606 457 3691 Acusilai,
484 3605 580 3671 multi
607 3607 738 3672 interim
766 3609 924 3694 deperditi
948 3613 1033 3672 sunt.
1079 3607 1215 3672 Accedit
1238 3607 1340 3671 altera
1363 3629 1428 3693 res,
1457 3613 1579 3693 quaet

299 3712 430 3778 Pindari
452 3713 555 3798 ipsius
575 3718 608 3777 ct
625 3719 738 3779 nostra
754 3715 970 3800 interpretum
990 3737 1089 3781 causa
1107 3716 1210 3779 multo
1230 3714 1394 3779 difficilior
1412 3713 1501 3781 facta
1518 3720 1578 3781 est.

296 3819 354 3885 Ille
382 3820 468 3885 enim
496 3843 569 3885 cum
598 3820 716 3885 multas
745 3822 920 3887 multarum
949 3821 1131 3887 civitatium
1159 3821 1369 3907 gentiumque
1392 3820 1520 3886 fabulas
1543 3822 1579 3887 in

297 3927 364 3991 suis
393 3926 591 3992 carminibus
619 3928 715 3993 simul
744 3929 920 4014 attigisset,
949 3950 1030 4013 quae
1057 3927 1262 3995 necessitudo
1289 3927 1375 3992 inter
1398 3950 1453 3993 eas
1476 3929 1577 3994 inter-

296 4033 424 4098 cederet
447 4037 481 4098 et
504 4054 569 4116 quo
592 4057 737 4119 quaeque
759 4040 904 4121 tempore
924 4040 1018 4122 gesta
1036 4058 1105 4101 esse
1124 4035 1380 4120 perhiberentur,
1404 4034 1579 4123 diligenter

296 4160 449 4223 quaerere
473 4144 507 4204 et
529 4140 679 4225 religiose
700 4142 871 4206 observare
891 4142 1038 4207 debebat.
1079 4142 1165 4207 Nam
1185 4147 1222 4206 ut
1240 4164 1348 4207 rerum
1367 4141 1402 4206 in
1420 4142 1576 4209 historiae

297 4246 368 4312 luce
388 4252 553 4333 gestarum
573 4252 721 4332 tempora
740 4253 889 4315 accurate
908 4249 1067 4335 distingui
1085 4249 1213 4334 debent,
1231 4250 1278 4314 sic
1296 4248 1481 4314 fabularum
1501 4272 1578 4336 quo-

297 4374 373 4438 que,
406 4376 543 4438 quarum
574 4354 750 4419 involucris
783 4379 834 4421 res
867 4355 1110 4441 antiquissimas
1141 4377 1309 4440 expressas
1338 4378 1408 4420 csse
1437 4360 1578 4440 constat,

296 4460 509 4546 chronologia
533 4462 690 4545 quaedam
712 4463 833 4546 partim
856 4464 930 4528 inde
954 4464 995 4529 ab
1018 4464 1114 4528 initio
1138 4462 1211 4548 fuit,
1233 4463 1353 4549 partim
1378 4462 1498 4528 fabulis
1521 4486 1577 4529 ra—

385 4660 411 4721 1)
429 4654 579 4723 Luobbert,
597 4656 637 4709 De
652 4656 768 4710 Pindari
787 4656 889 4711 studiis
903 4655 1050 4711 Hesiodeis
1065 4658 1095 4711 et
1108 4656 1271 4727 Homericis,
1290 4657 1499 4727 Bonnae1882,
1518 4674 1575 4727 quo

295 4724 367 4779 libro
385 4726 540 4779 Pindarum
562 4726 644 4795 plura
664 4744 697 4781 ex
716 4726 839 4782 Hesiodo
858 4731 888 4783 et
905 4727 1079 4784 carminibus
1098 4727 1172 4798 epici
1190 4729 1262 4796 cycli
1281 4745 1367 4797 quam
1385 4746 1419 4783 ex
1437 4728 1528 4783 Iliada
1546 4731 1576 4783 et

295 4795 421 4865 Odyssea
438 4798 598 4851 mutuatum
618 4814 678 4853 esse
698 4798 837 4853 docemur.
