3442 5550
282 390 324 452 30
757 392 904 441 emnam
923 392 1090 444 aermon.

283 557 320 615 ab
349 557 536 615 invocatione
564 557 636 615 deae
660 556 848 633 Camarinae,
874 560 1017 632 patronae
1041 556 1124 614 lacus
1148 560 1178 615 et
1200 557 1283 615 urbis
1306 557 1504 633 cognominis,
1529 558 1559 616 in

282 646 381 704 media
399 651 428 704 et
449 645 606 721 principali
626 650 710 721 parte
730 646 848 704 landem
868 646 1014 703 virtutum
1030 645 1152 704 victoris
1171 646 1372 721 amplectitur,
1391 645 1421 703 in
1440 647 1559 724 epilogo

282 754 337 811 pro
365 736 462 793 salute
486 735 551 792 eius
574 735 624 810 pia
646 738 719 794 vota
744 735 829 809 lacit,
858 735 959 793 sabula
984 754 1104 809 prorsus
1127 738 1216 793 caret.
1262 735 1428 810 Tripartita
1452 735 1559 794 divisio

282 824 452 901 argumenti
475 824 614 882 carminis
637 844 705 882 cnm
729 824 825 881 tribus
853 824 984 882 metricis
1007 824 1153 899 pericopis
1181 823 1323 901 concinit,
1351 844 1412 899 qua
1435 825 1471 882 de
1495 828 1559 882 arte

282 913 374 972 etiam
405 933 423 970 a
454 913 582 971 Pindaro
615 914 643 970 in
675 913 888 988 posterioribus
919 912 1100 971 carminibus
1130 913 1287 971 observata
1323 913 1350 970 in
1382 918 1558 991 argumento

282 1002 422 1061 carminis
442 1001 476 1061 Ο.
496 1021 550 1059 xm
569 1002 731 1078 disputavi.
767 1001 924 1061 Praeclare
950 1021 1017 1060 vcro
1041 1003 1177 1060 acumine
1200 1003 1368 1060 Boeckhius
1391 1004 1559 1077 expiscatus

281 1095 327 1150 est
356 1095 417 1149 tres
447 1091 500 1149 has
529 1095 629 1166 partes
659 1091 836 1169 singillatim
868 1092 948 1167 apud
981 1091 1040 1148 tria
1071 1091 1193 1149 deorum
1224 1091 1361 1168 delubra,
1392 1111 1469 1167 quae
1499 1111 1558 1150 non

282 1199 391 1258 magno
415 1180 512 1255 spatio
536 1180 690 1255 distarent,
714 1185 851 1239 cantatas
874 1199 936 1239 esse
959 1180 1017 1237 buc
1042 1179 1112 1237 illuc
1136 1180 1292 1238 accedente
1316 1180 1414 1239 choro.

827 1315 871 1380 Do
894 1317 1016 1381 metris.

371 1430 467 1487 lletra
494 1430 584 1487 buius
611 1429 750 1488 carminis
778 1430 875 1486 multa
902 1429 1014 1487 babent
1041 1429 1205 1504 peculiaria
1235 1434 1265 1486 et
1295 1449 1313 1486 a
1344 1429 1464 1488 Pindari
1493 1434 1557 1489 arte

281 1520 389 1578 aliena.
437 1519 585 1594 Imprimis
617 1538 720 1577 versus
752 1518 979 1594 ithyphallicus,
1008 1519 1059 1594 qui
1088 1519 1150 1594 ipse
1184 1518 1293 1593 lyricae
1326 1519 1429 1578 llusae
1460 1520 1558 1579 minus

282 1608 422 1668 convenit
436 1614 466 1666 et
481 1614 588 1683 quater
602 1608 632 1665 in
647 1612 710 1665 tam
724 1607 808 1665 brevi
821 1608 951 1665 carmine
966 1608 1100 1683 recurrit,
1119 1607 1156 1665 ab
1176 1607 1329 1685 ingeniosa
1344 1609 1558 1668 numerositate

282 1698 362 1757 vatis
386 1697 519 1755 Thebani
542 1696 705 1755 abborrret.
743 1695 867 1754 t'armen
892 1715 910 1754 a
933 1697 1022 1756 choro
1047 1697 1076 1753 in
1100 1716 1210 1772 pompa
1234 1696 1316 1754 tibiis
1338 1697 1441 1772 Lydiis
1464 1699 1557 1757 succi·

282 1787 431 1864 nantibus
454 1807 522 1844 cum
548 1785 682 1844 Psaumis
706 1786 854 1845 victorin
878 1786 1008 1862 patriam
1030 1786 1148 1863 rediret,
1172 1791 1207 1843 ut
1229 1805 1368 1844 coronam
1393 1787 1422 1844 in
1446 1789 1558 1863 templo

283 1876 433 1935 Minervae
466 1876 642 1952 deponeret,
675 1880 830 1934 cantatum
865 1894 928 1933 esse
964 1880 1052 1951 poeta
1085 1876 1147 1950 ipse
1179 1875 1297 1934 monuit
1329 1896 1375 1933 vv.
1399 1887 1425 1933 3.
1450 1888 1490 1935 10.
1517 1888 1557 1934 la.

282 1965 354 2023 Inde
383 1970 481 2023 toturn
509 1984 627 2023 carmen
655 1985 690 2023 en
718 1964 846 2040 dipodiis
874 1968 1010 2023 constare
1038 1967 1068 2022 et
1095 1964 1203 2040 pedum
1232 1964 1447 2039 dactylicarum
1481 1966 1558 2024 idern

283 2054 363 2128 quod
387 2054 595 2113 trochaeorum
625 2055 756 2129 spatium
784 2072 847 2112 esse
871 2054 933 2112 veri
957 2053 1143 2112 simillimum
1167 2058 1220 2112 est.
1263 2054 1363 2128 Atque
1387 2055 1474 2129 epodi
1498 2075 1562 2113 ver-

283 2161 346 2220 sus,
377 2143 403 2200 si
431 2163 449 2200 a
478 2142 534 2200 line
563 2162 665 2201 versus
694 2143 812 2200 initium
841 2143 1000 2202 scandendi
1029 2143 1135 2220 facias,
1169 2147 1231 2201 tarn
1259 2142 1346 2201 facile
1371 2143 1399 2200 in
1425 2144 1562 2218 dipodias

283 2231 468 2307 dividuntur,
492 2236 527 2288 ut
550 2233 602 2307 qui
627 2232 808 2307 relinquitur
831 2234 979 2308 spondeus
1005 2232 1138 2308 initialis,
1163 2232 1223 2289 vim
1247 2231 1406 2291 σπονδελον
1429 2232 1562 2310 μείζονος

282 2320 391 2379 habere
419 2326 610 2397 coarguatur.
661 2321 733 2379 Inde
762 2322 901 2397 strophae
930 2341 1049 2398 quoque
1078 2339 1181 2379 versus
1212 2322 1359 2379 secundus
1391 2326 1422 2379 et
1453 2322 1561 2380 tertius

282 2429 343 2485 quo
367 2414 455 2484 pacto
479 2411 636 2469 scandendi
666 2411 725 2468 sint
755 2414 846 2485 patet
914 2404 1066 2488 Ambigua
1090 2412 1183 2469 solius
1207 2411 1295 2485 primi
1320 2429 1423 2469 versus
1446 2411 1561 2469 scansio

282 2503 341 2574 est3
369 2519 439 2557 nam
467 2499 556 2575 duae,
585 2519 674 2576 qnae,
705 2500 729 2556 si
760 2519 856 2574 neque
880 2500 1025 2574 tripudias
1048 2499 1176 2574 dipodiis
1201 2500 1365 2558 immiscere
1389 2519 1485 2576 neque
1508 2501 1560 2557 nni

282 2589 389 2665 longae
413 2606 462 2646 scr
486 2592 653 2664 temporum
678 2588 825 2646 ambitum
845 2588 976 2646 tribuere
996 2589 1097 2664 andes,
1117 2589 1242 2664 proponi
1262 2592 1388 2664 possunt
1406 2608 1562 2648 mensurae

582 2709 623 2741 ’λ
675 2694 1275 2773 ιυυλ..·.υυ.υλ.’-..υι’-λ7χ

675 2797 1274 2861 ,υυζᾘυυιυλ-..ιυ-χχ

283 2928 386 2968 earum
409 2912 516 2968 neutra
540 2908 727 2968 dubitatione
751 2910 840 2966 caret.
882 2909 1049 2967 Pausarum
1073 2928 1194 2985 quoque
1218 2910 1378 2969 intervalla
1401 2911 1480 2970 inter
1502 2912 1561 2972 sin·

282 3000 371 3077 gulos
398 3018 497 3058 versus
520 2998 734 3057 intercedentia
759 2998 788 3055 in
815 2998 998 3075 Proleg.nr1
1022 2997 1143 3056 definire
1167 3017 1258 3057 ausus
1282 3018 1356 3058 sum.

1199 3176 1280 3254 Στρ.
1304 3170 1347 3235 α’.

490 3259 637 3344 ‘Paulus
660 3262 781 3344 ἀρετᾶν

540 3366 595 3431 καλ
619 3368 793 3450 στεφάνων
816 3368 925 3431 ἄωτον
948 3369 1075 3447 γλυκὺν

495 3486 563 3538 τῶν
588 3475 779 3561 Οὐλυμπίᾳ,
806 3473 965 3538 Ὠκεανοῦ
988 3476 1152 3558 θύγατερ,

542 3582 662 3667 καρδίᾳ
685 3587 817 3662 γελανεῖ

498 3688 768 3772 ἀκαμαντόποδός
790 3686 817 3752 τ’
844 3688 972 3771 ἀπήνας
995 3687 1090 3752 δέκευ

547 3795 699 3879 Ψαύμιός
721 3818 755 3858 τε
778 3797 885 3880 δῶρα·

355 4007 436 4041 rama
460 4006 562 4042 oacrio
600 3988 683 4040 luscr.
712 3991 750 4059 τῷ
769 3988 844 4040 αὐτῶ
870 3988 965 4058 ἀπήνῃ
990 3989 1035 4040 καλ
1063 4009 1079 4040 κ
1082 3988 1153 4075 {lpse
1182 3989 1230 4041 καλ
1255 3986 1401 4060 τεθρίππῳ
1430 3989 1497 4053 Ac,
1522 3993 1560 4062 τῷ
1631 4046 1639 4059 ,

283 4061 359 4113 αὑτῶ
380 4059 476 4129 ἀπήνῃ
495 4061 541 4113 καλ
563 4059 654 4127 κέλητι
673 4044 785 4112 Bll-
811 4044 915 4112 Schol·
935 4058 1121 4129 γέγραπται
1110 4059 1202 4132 ιγῳδὴ
1223 4064 1260 4131 τῷ
1279 4062 1354 4133 αυτῷ
1372 4031 1497 4129 ΙΙλανμιδλ
1518 4080 1560 4114 τι·

283 4117 400 4197 &plnum
419 4131 466 4182 καλ
485 4130 581 4201 ἀπήνη
600 4131 648 4183 καλ
667 4130 756 4197 κέλητι
778 4127 936 4197 νενικηκότι
955 4130 1007 4197 τὴν
1025 4116 1214 4200 ὀγδοηκοστὴν
1229 4116 1363 4199 δευτέραν
1381 4130 1561 4223 Ὀλυμπιάδα.

283 4203 345 4269 περλ
373 4188 404 4255 δὲ
430 4208 480 4270 τῆς
504 4188 615 4270 ἀπήνης
641 4201 774 4270 Πολέμωι
799 4200 897 4269 φησίν
926 4200 1005 4270 ἤγετο
1025 4201 1107 4256 δὲέν
1093 4201 1257 4291 νὈλνμιιίμ
1275 4203 1420 4270 ἀπήνης’
1405 4205 1494 4272 αγών,
1513 4200 1561 4257 καί

285 4273 355 4327 εἰσιν
375 4294 399 4326 οι
393 4271 657 4341 ἀγωνισάμενοι
646 4271 767 4342 ιγμίονοι
787 4277 981 4359 καταλυθῆναι
1002 4272 1033 4325 δι
1053 4282 1135 4326 τοῦτο
1149 4295 1180 4327 το
1194 4291 1338 4344 αγιονισμα
1357 4274 1429 4327 κατὰ
1449 4275 1499 4343 τὴν
1514 4275 1560 4328 (ιδ’

284 4349 363 4411 (corr.
379 4345 442 4405 πδ’)
459 4342 632 4413 Ὀλυμπιάδα
650 4346 696 4397 καλ
718 4340 844 4397 εἶναι’
807 4365 833 4413 ιγ
866 4340 947 4406 νίκας
960 4343 1006 4411 (cs.
1021 4344 1103 4399 Paua
1119 4364 1135 4398 ι
1150 4362 1205 4413 a,1‚
1225 4345 1297 4399 l'rol
1313 4349 1438 4399 nxxil-
1458 4351 1483 4399 2
1503 4347 1560 4399 οὐλ.

283 4416 366 4486 ομ.
386 4415 424 4468 ιι
445 4398 618 4469 Aeci)-

355 4576 543 4612 οοιιιιιιιιτιιιιι,
582 4576 607 4611 v
627 4563 651 4611 2
675 4555 810 4612 Ὠκεανον
833 4558 971 4627 θνγατερ
998 4557 1098 4612 schol:
1123 4555 1293 4628 Ἀρίσταρχος
1311 4559 1408 4613 ἀκούοι
1426 4557 1560 4613 Ὡκεανον

282 4628 427 4700 θυγατέρα
447 4627 616 4698 Καμάριναν
635 4629 686 4697 τὴν
704 4626 804 4711 λίμνην
822 4634 857 4697 (v
872 4647 893 4683 4.
911 4633 953 4699 ιι),
972 4625 1062 4697 ἀφ’
1049 4650 1079 4694 ης
1098 4631 1145 4682 καλ
1169 4630 1219 4698 τὴν
1238 4630 1320 4684 πόλιν
1339 4630 1559 4699 ὠνομάσθαι--

283 4707 307 4756 8.
327 4704 417 4782 δῶρα
438 4716 578 4768 coronam,
598 4700 717 4753 fortasse
736 4701 821 4753 etiam
842 4700 972 4754 rmnedam
966 4699 1096 4770 p,lnrali
1116 4700 1229 4754 adrem
1248 4701 1407 4770 augendam
1426 4718 1493 4754 usus
1508 4706 1560 4767 est,

282 4773 412 4853 quamvis
436 4771 563 4824 Paaumis
587 4789 672 4824 unam
698 4787 828 4857 coronam
847 4744 980 4827 merneri't
999 4788 1088 4839 neque
1108 4770 1263 4840 pluribus
1255 4791 1283 4825 m
1302 4773 1452 4842 generibus
1470 4776 1560 4826 certa·

282 4843 388 4897 minum
407 4843 521 4909 vicerit;
551 4842 623 4897 cf.
605 4861 706 4912 αρμασι
727 4861 777 4913 pro
797 4843 898 4912 ἅρματι
922 4844 953 4900 Ρ.
971 4864 983 4897 ι
1000 4861 1026 4899 aa
1045 4875 1078 4884 -
