3442 5550
761 423 893 472 ΡΥΤΗΙΛ
911 423 947 474 11.

273 580 380 663 χῶταν
404 583 504 645 πόλιν
526 582 562 645 οί
582 579 682 665 σοφοὶ

319 686 486 773 τηρέωντι.
532 690 594 772 χρὴ
618 686 654 753 δέ
676 690 760 774 πρὸς
782 691 865 754 θεὸν
888 689 949 754 οὐκ
973 688 1105 776 ἐρίζειν,

272 902 309 979 ὃς
331 900 438 985 ἀνέχει
462 900 540 967 ποτὲ
562 899 623 987 μὲν
645 904 685 968 τδι
707 907 772 969 κεί-

316 1034 401 1094 νων,
424 1008 497 1074 τότ’
520 1005 603 1076 αὖθ’
630 1008 753 1096 ἑτέροις
776 1012 856 1076 ἔδω-

315 1140 372 1182 κεν
394 1116 477 1202 μέγα
500 1118 609 1195 κῦδος.
656 1116 728 1183 ἀλλ’
745 1159 759 1168 -
774 1115 853 1184 οὐδὲ
876 1127 979 1184 ταῦτα
1001 1121 1082 1184 νόον

219 1242 252 1289 90
273 1227 368 1290 ἰαίνει
394 1231 587 1310 φθονερῶν·
612 1226 763 1310 στάθμας
777 1267 790 1275 -
806 1225 845 1291 δέ
864 1250 958 1304 τινος
980 1225 1148 1312 ἑλκόμενοι

271 1341 428 1417 περισσᾶς
451 1332 611 1411 ἐνέπαξαν
633 1331 684 1397 έλ-

316 1463 373 1517 κος
395 1439 563 1525 ὀδυναρὸν
586 1437 623 1528 ἑᾷ
639 1482 652 1489 -
666 1443 795 1526 πρόσθε
818 1442 952 1528 καρδίᾳ,

272 1545 352 1633 πρὶν
374 1548 435 1613 ὅσα
458 1549 615 1633 φροντίδι
638 1552 826 1633 μητίον-ται
848 1560 968 1632 τυχεῖν.

272 1653 387 1741 φέρειν
410 1654 446 1718 δ’
471 1654 570 1739 έλαφ-

316 1773 382 1847 ρῶς
405 1761 600 1846 ἐπαυχένιον
623 1765 782 1846 λαβόν-τα
806 1763 905 1845 ζυγὸν

269 1869 396 1956 ἀρήγει·
420 1868 495 1935 ποτὶ
519 1870 672 1956 κέν-τρον
696 1869 735 1936 δέ
755 1894 806 1935 τοι

219 1995 252 2043 95
273 1977 458 2063 λακτιζέμεν
480 1977 607 2043 τελέθει

271 2086 452 2171 ὀλισθηρὸς
475 2080 576 2170 οἶμος.
622 2084 745 2150 ἁδόντα
769 2083 800 2149 δ’
826 2091 875 2167 εἴη

315 2218 353 2278 με
377 2205 446 2269 τοῖς
469 2192 610 2275 ἀγαθοῖς
634 2192 768 2277 ὁμιλεῖν.

288 2427 330 2476 88.
351 2422 477 2492 τηρέοντι
496 2423 553 2477 BC
568 2454 601 2461 -
622 2426 663 2475 89.
683 2417 769 2498 ἀνέχη
789 2420 819 2474 D
837 2453 870 2460 -
889 2419 949 2474 τοτὲ
969 2421 1035 2475 BC:
1055 2420 1122 2476 ποτὲ
1137 2423 1167 2476 D
1181 2454 1214 2462 -
1228 2421 1287 2477 τότ’
1304 2418 1376 2476 αὖθ’
1392 2421 1490 2479 Tricl.:

216 2492 277 2548 τοτὲ
293 2492 321 2547 δ’
338 2491 409 2548 αὖθ’
426 2496 453 2548 Β
465 2494 489 2549 G
495 2494 525 2548 D
539 2526 572 2533 -
587 2497 629 2548 90.
644 2513 723 2555 τινας
739 2492 771 2547 0¹
786 2524 819 2531 -
836 2490 978 2561 ἑλκόμενοι
994 2536 999 2546 .
1015 2535 1021 2546 .
1039 2538 1043 2548 .
1060 2491 1200 2559 ἐνέπαξαν
1214 2494 1244 2547 D
1255 2494 1324 2549 01¹⁰:
1345 2493 1491 2564 ἑλκόμενος

219 2565 418 2632 ...ἐνέπαξεν
437 2566 465 2619 Β
476 2566 531 2620 0⁸0
550 2597 583 2605 -
602 2570 644 2619 92.
664 2561 816 2634 μητίονται
835 2563 905 2618 eoni.
921 2562 1055 2618 Thiersch
1076 2597 1108 2605 -
1128 2571 1169 2620 95.
1190 2563 1370 2636 λακτισδέμεν
1391 2566 1418 2621 0.

217 2725 305 2780 genus
325 2707 449 2762 civilium
469 2707 663 2761 institutorum
687 2740 719 2747 -
744 2710 786 2762 88.
811 2706 838 2761 ολ
857 2705 951 2776 σοφοί·
971 2707 1136 2779 optimates,
1162 2707 1211 2778 qui
1234 2707 1264 2762 in
1287 2707 1489 2764 aristocratiois

216 2779 380 2835 civitatibus
395 2797 458 2833 oum
473 2779 537 2832 aliis
555 2782 614 2833 tum
630 2777 770 2833 inferioris
783 2777 885 2834 Italiae
904 2779 987 2834 laude
1007 2779 1163 2851 sapientiae
1182 2780 1319 2834 florebant
1337 2783 1367 2833 et
1383 2780 1489 2849 partim

216 2851 456 2923 Pythagoreorum
481 2854 575 2904 seotae
600 2850 736 2920 adscripti
761 2853 894 2905 erant-
914 2851 964 2921 χρὴ
985 2850 1016 2905 δὲ
1035 2851 1104 2919 πρὸς
1121 2850 1194 2905 θεὸν
1213 2852 1263 2904 οὐκ
1288 2848 1398 2918 ἐρίζειν·
1426 2868 1489 2905 cum

216 2923 353 2992 quidquid
379 2923 446 2976 deus
473 2921 630 2990 impertiat,
656 2921 763 2975 homini
782 2921 926 2977 ferendum
945 2938 1005 2976 esse
1023 2925 1109 3003 poeta
1127 2921 1216 2987 dicat,
1240 2921 1293 2975 hoc
1316 2939 1427 2991 quoque
1446 2922 1489 2977 in-

216 2994 313 3049 imicos
338 3010 402 3047 suos
425 2994 570 3060 admonet,
594 3010 628 3047 ne
654 2992 708 3046 sibi
730 2993 806 3061 quod
828 3010 902 3047 nuno
920 2993 1055 3048 benefioro
1074 2992 1120 3047 dei
1138 2992 1243 3046 maiore
1263 2993 1356 3061 gratis
1375 2997 1403 3047 et
1423 3011 1489 3049 aue·

216 3066 331 3121 toritate
350 3065 457 3133 floreat,
477 3064 636 3130 invideant
656 3067 687 3118 at
705 3063 774 3118 istos
793 3064 874 3118 addit
891 3065 945 3118 hae
963 3064 1072 3118 ratione
1090 3080 1146 3117 non
1160 3064 1336 3131 commoveri,
1357 3065 1406 3119 sed
1425 3083 1488 3119 eum

216 3137 261 3192 dei
276 3138 389 3191 numine
404 3135 533 3206 neglecto
548 3136 672 3190 invidere
687 3138 814 3206 pergant,
829 3135 905 3206 ipsos
920 3135 974 3189 sibi
989 3134 1105 3189 vulnera
1118 3134 1244 3205 infligere
1253 3167 1289 3175 -
1303 3140 1345 3189 90.
1361 3141 1489 3206 οταθμᾶς

216 3208 248 3263 δέ
265 3228 341 3272 τινος
360 3207 502 3277 ἑλκόμενοι
520 3216 652 3275 περισσᾶς
666 3206 792 3261 homines
807 3207 863 3261 diei
876 3207 1015 3274 videntur,
1034 3206 1083 3275 qui
1101 3206 1176 3260 iusto
1195 3205 1303 3261 maiora
1321 3205 1487 3275 moliuntur;

216 3280 288 3335 unde
307 3283 403 3335 autem
421 3278 526 3335 locutio
546 3279 602 3332 ista
619 3281 712 3332 traete
730 3277 776 3346 sit,
796 3278 943 3333 obscurum
963 3280 1017 3345 est;
1046 3277 1214 3332 scholiastae
1234 3278 1271 3332 ad
1290 3277 1394 3332 lineam
1414 3279 1488 3362 agri:
1586 3341 1587 3344 Ἴ

215 3368 373 3405 mensorum
389 3352 521 3418 referunt,
536 3350 711 3404 Hermannus
726 3366 819 3418 opusc.
835 3370 872 3404 vn
889 3367 924 3404 ιει
941 3351 977 3404 ad
992 3349 1095 3418 funem,
1110 3366 1193 3419 quem
1207 3349 1236 3403 in
1250 3349 1394 3419 palaestra
1408 3367 1488 3421 puen

216 3422 378 3477 έλκυοτὶνδα
393 3422 522 3476 ludentes
542 3421 626 3475 utrim
647 3438 681 3474 ue
700 3421 737 3473 ad
756 3437 786 3474 se
804 3421 915 3476 trahere
930 3423 1115 3475 conantur-
1129 3427 1171 3476 94.
1187 3422 1251 3475 ποτὶ
1265 3421 1381 3490 κέντρον
1395 3424 1486 3476 λακτί-

215 3497 283 3558 ζειν·
308 3497 405 3548 oontra
431 3493 575 3548 stimulum
599 3439 758 3559 trinitare,
782 3492 996 3563 proverbialiter
1015 3509 1032 3546 a
1051 3491 1164 3546 Graecis
1190 3491 1306 3559 dicitur;
1332 3492 1367 3548 of.
1387 3494 1485 3549 Aesoh.

216 3567 266 3636 Ag.
283 3582 342 3620 ιεει.
362 3565 451 3620 Prom.
468 3580 515 3633 sae,
534 3564 597 3618 Eur.
614 3563 714 3617 Bacch.
729 3580 777 3619 res.
