3442 5550
748 365 870 414 NEMEA
891 364 963 416 VIII.

271 527 305 591 οἵ
325 551 358 592 τε
383 538 541 610 κρανααῖς
565 525 600 591 ἐν
621 525 714 591 Ἀθά-

313 651 425 699 ναισιν
448 635 590 719 ἅρμοζον
613 635 769 719 στρατόν,

270 739 354 805 οἵτ’
380 740 444 807 ὰνὰ
468 739 628 825 Σπάρταν
652 740 888 823 Πελοπηϊάδαι.

271 846 378 925 ίκίτας
397 889 409 897 -
430 851 559 913 Αίακοῦ
581 860 711 933 σεμνῶν
734 848 886 931 γονάτων
908 850 1023 924 πόλιός
1045 845 1081 912 θ’
1107 844 1191 930 ὑπὲρ
1214 851 1315 930 φίλας

270 954 379 1020 ὰστῶν
402 954 435 1021 θ’
463 952 546 1039 ὑπὲρ
570 953 670 1020 τῶνδ’
695 956 837 1039 ἅπτομαι
860 953 973 1039 φέρων

219 1081 250 1126 15
274 1063 402 1128 Λυδίαν
424 1066 544 1148 μίτραν
567 1063 737 1147 καναχηδὰ
758 1061 1045 1145 πεποικιλμέναν,

270 1174 404 1247 Δείνιος
427 1171 552 1236 δισσῶν
576 1171 721 1235 σταδίων

313 1275 368 1341 καί
391 1279 514 1362 πατρὸς
537 1275 634 1360 Μέγα
658 1281 825 1362 Νεμεαῖον
848 1278 986 1361 όίγαλμα.

272 1385 334 1448 σὺν
357 1390 426 1472 θεῷ
450 1384 513 1469 γάρ
537 1408 588 1448 τοι
611 1381 792 1467 φυτευθεὶς

316 1492 413 1574 ὄλβος
437 1491 646 1577 ἀνθρώποισι
669 1491 934 1577 παρμονώτερος·

1296 1656 1376 1737 Στρ.
1395 1651 1438 1735 β’.

272 1759 371 1842 ὅσπερ
395 1757 450 1823 καὶ
474 1761 626 1845 Κινύραν
649 1763 758 1845 ἔβρισε
781 1760 913 1847 πλούτῳ
936 1763 1055 1845 ποντίᾳ
1079 1762 1114 1823 ε”ν
1138 1782 1215 1824 ποτε
1239 1760 1375 1847 Κύπρῳ.
1459 1777 1493 1824 30

271 1866 403 1950 ἵσταμαι
427 1866 468 1950 δὴ
491 1865 590 1931 ποσσὶ
612 1869 767 1950 κούφοις,
790 1865 946 1951 ἀμπνέων
968 1890 1002 1931 τε
1026 1869 1106 1951 πρίν
1128 1891 1160 1931 τι
1183 1865 1301 1950 φάμεν.

218 1990 252 2037 ao
271 1974 376 2037 πολλὰ
401 1974 463 2056 γὰρ
487 1978 593 2060 πολλᾷ
617 1972 776 2038 λέλεκται·
800 1974 902 2062 νεαρὰ
928 1971 960 2037 δ’
986 1972 1160 2058 ἐξευρόντα
1184 1975 1285 2059 δόμεν
1307 1971 1440 2061 βασάνῳ

271 2082 304 2156 ἐς
327 2082 460 2164 ἔλεγχον
483 2081 568 2157 ἅπας
589 2081 759 2158 κίνδυνος·
783 2083 816 2145 ό-
1459 2098 1494 2145 aa

316 2197 381 2261 dev
404 2184 439 2250 δὲ
464 2191 556 2271 λόγοι
579 2193 813 2273 φθονεροῖσιν·

294 2439 332 2487 ll.
357 2443 505 2500 κραναιαῖς
527 2436 557 2489 D
582 2467 614 2475 -
640 2442 680 2490 12.
710 2434 904 2505 Πελοπηϊάδαι
931 2435 1002 2489 coni.
1027 2435 1153 2491 Schmid:
1178 2435 1347 2503 πελοπηΐδαι
1370 2434 1437 2488 BD
1461 2466 1492 2473 -

220 2510 261 2557 14.
282 2502 388 2593 φέραν;
417 2504 506 2574 φίλων
526 2507 554 2560 D
573 2540 606 2546 -
628 2513 668 2561 16.
688 2508 832 2575 Νεμεαῖον
851 2506 922 2561 coni.
942 2506 1049 2562 Pauw.:
1078 2505 1189 2574 νίμειον
1208 2506 1275 2560 BD
1293 2538 1326 2545 -
1348 2509 1388 2559 18.
1410 2503 1495 2572 όνπερ
1527 2533 1533 2552 o

219 2576 259 2629 B:
279 2593 370 2644 ωσπερ
389 2575 419 2630 D
437 2610 470 2617 -
490 2576 639 2632 nocriol)
658 2610 690 2617 -
712 2584 752 2632 19.
772 2579 875 2633 ὰναπν.
891 2579 921 2632 D
939 2611 972 2618 —
992 2583 1034 2632 20.
1054 2581 1143 2651 πολλᾷ
1161 2577 1261 2632 Pauw:
1280 2575 1368 2630 πολλὰ
1383 2576 1447 2630 BD
1461 2609 1495 2616 —

220 2651 261 2700 λλ.
282 2645 313 2700 δὲ
334 2645 407 2715 λόγοι
429 2666 482 2703 om.
498 2649 675 2713 Tricliniani3
705 2648 767 2704 sort.
783 2649 857 2716 όφον
876 2654 1043 2718 φθονεραῖσι
1062 2647 1093 2703 δὲ
1113 2647 1223 2719 μόμφος
1245 2645 1366 2717 (μομφαί
1389 2648 1497 2701 mavult

220 2717 399 2776 Herwerdenl
419 2753 451 2760 —
471 2725 624 2789 φθονεραῖς
642 2720 771 2775 ῖάτττεται
789 2720 874 2776 schol.
895 2721 931 2775 ad
951 2720 1033 2791 Soph.
1054 2720 1130 2774 Aiac.
1152 2736 1191 2776 ιει
1209 2752 1242 2760 -

219 2897 370 2952 interesset
390 2898 561 2970 significaret
580 2900 652 2954 inter
671 2900 791 2954 Graecos
810 2899 949 2970 principes
968 2898 1034 2953 olim
1054 2916 1105 2952 sua
1120 2901 1219 2969 sponte
1234 2899 1326 2952 Aeaco
1341 2898 1495 2955 iustissimo

218 2968 307 3023 iudici
333 2970 559 3041 obtemperantes
583 2974 611 3025 et
636 2971 788 3041 Aeginetae
811 2975 972 3039 ceterosque
995 2971 1116 3024 Graecos
1139 2987 1212 3023 nunc
1236 2968 1339 3023 invitos
1367 2972 1495 3040 superbis

220 3039 438 3096 Atheniensibus
455 3042 643 3097 oboedientes.
673 3043 714 3096 De
733 3042 830 3097 sabula
848 3041 1006 3113 principum
1021 3040 1189 3095 Graecorum
1208 3039 1344 3094 auxilium
1363 3043 1392 3095 et
1410 3040 1495 3097 inter·

219 3111 372 3166 cessionem
393 3113 478 3168 Aeaei
498 3113 708 3185 implorantium
733 3114 769 3167 ad
795 3113 829 3168 N.
849 3133 866 3165 v
886 3131 910 3168 ro
930 3115 1134 3167 commentatus
1154 3129 1216 3166 sum
1236 3143 1266 3151 —
1290 3119 1330 3167 11.
1350 3122 1496 3181 κρανααῖς,

219 3182 335 3241 saxosis.
354 3184 430 3252 qnod
449 3184 595 3254 epitheton
615 3201 717 3239 ornans
736 3188 780 3238 est
798 3184 912 3238 Ithacae
931 3183 1040 3238 insulae
1059 3183 1135 3253 apud
1149 3183 1309 3252 Homerum,
1327 3183 1415 3239 Attici
1435 3184 1496 3257 agri

219 3253 296 3324 apud
319 3254 471 3310 Pindarum
496 3257 526 3312 0.
546 3276 584 3309 vu
603 3273 636 3311 aa.
661 3275 710 3309 xm
728 3272 754 3311 aa
780 3289 810 3296 —
834 3255 964 3324 στρατὸν,
993 3254 1142 3325 populum
1171 3254 1235 3308 ride
1260 3255 1296 3308 ad
1321 3255 1351 3310 0.
1372 3274 1396 3310 r.
1417 3273 1442 3311 ra
1462 3289 1495 3298 —

217 3331 261 3378 ¹12.
287 3326 494 3394 Πελοπηϊάδαι·
525 3327 596 3382 salso
624 3328 677 3382 hoc
705 3344 805 3381 nomen
829 3344 846 3380 a
869 3327 990 3381 Pindaro
1019 3326 1169 3380 formatum
1198 3329 1240 3379 est
1269 3326 1305 3379 ad
1334 3326 1496 3397 analogiam

221 3397 477 3466 patronymicorum
494 3417 510 3452 a
525 3399 685 3453 nominibus
705 3398 734 3452 in
752 3418 812 3461 -ευς
830 3399 1026 3464 derivatorum,
1047 3401 1079 3451 ut
1098 3396 1277 3466 Πηλεόιάδαι
1292 3400 1321 3451 et
1334 3398 1497 3468 Πηληιάδαι

219 3485 236 3521 a
257 3468 369 3523 nomine
391 3471 497 3538 Πηλεύς
516 3504 548 3511 -
571 3477 612 3525 16.
632 3468 742 3525 Λυδίαν
760 3467 872 3539 μίτραν·
899 3468 982 3538 μίτρα
1001 3468 1091 3522 infula
1110 3468 1329 3538 supplicantium
1348 3473 1404 3535 est,
1424 3488 1496 3539 quae

221 3537 313 3594 Λυδία
336 3541 388 3594 hoc
413 3541 475 3596 loco
498 3541 592 3610 audit,
618 3542 693 3610 quod
716 3558 812 3611 preces
836 3541 1014 3595 adAeacum
1033 3543 1170 3595 ettotam
1195 3539 1246 3594 hoc
1271 3558 1382 3595 carmen
1401 3541 1497 3610 Lydiis

221 3611 313 3665 modis
333 3613 460 3666 canenda
478 3616 571 3681 erant,
591 3618 622 3666 ut
641 3615 711 3666 bene
731 3612 840 3667 monuit
858 3613 930 3666 alter
954 3611 1119 3666 scholiasta:
1144 3610 1230 3674 odrae
1254 3607 1313 3666 είττι
1335 3613 1367 3666 τό
1391 3611 1497 3684 ποίημα

221 3684 310 3737 αὑτοῦ
325 3685 360 3745 ὡς
375 3683 466 3739 Λυδία
480 3683 601 3755 ἁρμονία
616 3683 806 3755 γεγραμμένον
826 3717 858 3723 -
881 3690 921 3738 16.
941 3685 1043 3738 δισσῶν
1062 3680 1183 3737 σταδίαν
1202 3685 1299 3738 ornate
1337 3701 1368 3737 ro
1387 3684 1497 3755 vulgari

222 3753 347 3822 διαόλου,
368 3758 399 3809 ut
417 3741 486 3810 scite
506 3741 645 3811 adnotant
660 3756 779 3810 scholia:
798 3757 900 3810 δισσῶν
920 3753 950 3808 δὲ
970 3752 1098 3819 σταδίων,
1114 3752 1156 3808 ότι
1171 3702 1380 3824 διαυλοδρόβος.
1411 3755 1496 3810 Nam-

219 3842 274 3894 que
293 3826 385 3880 stadio
405 3845 557 3895 numquam
576 3827 707 3881 Dinidem
722 3826 823 3881 vicisse
838 3843 871 3880 ex
888 3825 1028 3880 indicibus
1043 3825 1182 3880 victorum
1196 3829 1304 3880 veteres
1319 3827 1497 3896 grammatici

218 3900 391 3967 compertum
411 3898 562 3967 habebant,
582 3902 614 3952 ut
632 3898 660 3952 irr
681 3901 846 3980 argumento
866 3897 999 3952 carminis
1021 3897 1136 3968 exposui
1156 3929 1188 3937 —
1209 3894 1353 3966 Νεμίαιον
1373 3898 1495 3968 ἄγαλμα·

218 3968 303 4024 decus
326 3968 495 4024 Nemeaeum
520 3988 631 4024 carmen
659 3969 755 4037 hydris
784 3969 873 4023 modis
897 3969 1082 4038 compositum
1105 3968 1221 4034 dicitur,
1249 3968 1323 4037 quod
1348 3968 1495 4024 victoriam

219 4039 390 4095 Nemeaeam
410 4041 536 4096 illustrat
551 4076 582 4083 -
600 4049 639 4096 17.
661 4043 712 4095 σὺν
730 4045 802 4114 θεῷ·
823 4044 934 4110 spectat
952 4041 989 4094 ad
1008 4057 1111 4110 preces,
1131 4057 1200 4108 quas
1219 4037 1304 4109 paulo
1324 4042 1390 4094 ante
1409 4046 1445 4109 (r.
1461 4045 1494 4109 ra)

239 4115 305 4166 oeta
325 4112 442 4167 fuderat.

218 4130 237 4182 p
290 4191 330 4239 18.
356 4184 459 4239 sensim
482 4185 518 4239 ad
543 4184 699 4239 fabularem
723 4188 832 4253 partem
852 4183 983 4237 carminis
1003 4182 1106 4236 transit
1125 4214 1157 4221 -
1177 4179 1263 4251 ὅσπερ
1282 4181 1340 4236 scil.
1360 4181 1440 4246 θεός·
1461 4183 1496 4237 δε

219 4254 322 4323 Cinyra
340 4259 434 4311 vetere
454 4273 518 4325 rege
538 4259 624 4325 atque
643 4255 788 4310 sacerdote
808 4253 891 4326 Cypri
911 4275 936 4308 v.
957 4254 985 4307 P.
1005 4274 1024 4306 u
1046 4271 1070 4309 m
1091 4287 1121 4294 —
1144 4260 1184 4308 19.
1205 4251 1267 4307 ίστα
1309 4271 1330 4306 ι·
1351 4256 1383 4307 ut
1402 4253 1432 4308 Ο.
1449 4274 1458 4306 r
1473 4271 1500 4309 sa

218 4326 303 4380 verbo
327 4325 496 4397 ἀφίσταμαι,
524 4328 557 4383 N.
578 4348 594 4382 v
615 4344 639 4381 m
663 4327 748 4382 verbo
769 4329 902 4397 στήσομαι
922 4344 1032 4379 cursum
1053 4324 1189 4380 orationis
1208 4324 1268 4379 inhi
1290 4325 1333 4379 uit
1357 4325 1393 4379 ad
1414 4324 1499 4380 aliam

218 4413 277 4451 rem
296 4397 479 4466 transiturus,
498 4399 539 4453 sic
559 4399 605 4454 hic
624 4416 735 4468 quoque
756 4398 839 4452 verbo
860 4397 973 4467 ἵσταμαι
992 4396 1143 4452 inchoatae
1162 4396 1334 4451 narrationis
1353 4396 1430 4451 filum
1450 4398 1499 4451 ab·

216 4467 306 4538 rupit,
330 4471 362 4522 ut
385 4470 547 4539 priusquam
572 4473 656 4540 plura
679 4469 890 4541 proloqueretur
915 4488 927 4523 s
949 4469 1045 4523 iritum
1069 4469 1184 4524 duceret
1209 4501 1240 4509 -
1265 4475 1306 4522 20.
1331 4468 1420 4522 πολλὰ
1445 4472 1499 4538 γὰρ

216 4543 305 4613 πολλᾷ
325 4537 461 4595 λέλεκται·
482 4542 598 4623 quinam
617 4541 707 4596 multa
725 4541 804 4596 vario
823 4541 906 4595 modo
926 4489 961 4595 <ie
976 4540 1079 4610 Cinyra
1098 4539 1222 4596 dixerint
1240 4539 1388 4607 nescimus,
1407 4556 1499 4608 neque

215 4609 301 4677 hanc,
326 4611 375 4665 sed
399 4629 544 4683 penuriam
568 4613 726 4683 argumenti
750 4629 845 4667 veram
869 4629 999 4679 causam,
1023 4630 1072 4666 cur
1095 4611 1251 4666 orationem
1271 4611 1306 4665 de
1325 4609 1429 4679 Cinyra
1448 4611 1497 4665 ab·

216 4685 366 4752 rumperet,
386 4683 471 4737 fuisse
491 4684 654 4738 crediderim
672 4717 704 4724 -
721 4684 809 4751 νεαρὰ
829 4683 990 4752 ἐξευρόντα·
1011 4684 1063 4738 hoc
1083 4702 1115 4737 ex
1135 4683 1197 4737 loco
1217 4681 1412 4749 cognoscimus
1432 4682 1497 4736 Pin-

215 4753 277 4807 dari
302 4771 407 4809 morem
432 4754 542 4809 fabulas
567 4755 746 4822 immutandi,
771 4773 826 4824 quo
850 4756 884 4809 de
909 4757 945 4809 acl
969 4756 999 4809 P.
1020 4775 1049 4807 ur
1069 4773 1093 4810 ιι
1113 4753 1335 4824 disputavimus,
1355 4753 1384 4806 in
1403 4770 1496 4823 repre·

217 4825 365 4880 hensiones
384 4826 533 4879 acerrimas
554 4827 701 4881 incurrisse
716 4859 748 4867 -
770 4833 811 4882 21.
833 4825 907 4889 ἄτας
926 4824 1067 4888 κίνδυνος·
1088 4844 1189 4896 purum
1207 4829 1307 4894 putum
1325 4824 1494 4894 periculum;
