3442 5550
752 422 883 474 PYTHIA
903 422 951 474 111.

266 585 479 669 ἀμπλακίαισι
505 596 652 671 φρενῶν,

312 695 414 758 ἀλλον
437 700 573 777 αἴνησεν
597 694 703 777 γάμον
726 693 875 779 κρύβδαν
897 694 1036 776 πατρός,

266 803 415 886 πρόσθεν
439 800 634 888 ἀκειρεκόμᾳ
656 806 811 884 μιχθεῖσα
837 801 960 886 Φοίβῳ.

217 1015 248 1062 15
270 996 324 1063 καί
347 1000 487 1082 φέροισα
511 994 636 1081 σπέρμα
660 1002 744 1061 θεοῦ
767 998 933 1082 καθαρόν,

272 1104 348 1169 ούκ’
371 1100 472 1188 ἔμειν’
499 1102 612 1168 ἐλθεῖν
635 1102 796 1188 τράπεζαν
818 1106 984 1188 νυμφίαν,

268 1208 346 1275 οὐδὲ
369 1211 564 1295 παμφώνων
588 1211 684 1293 ίαχάν
706 1210 891 1294 ὑμεναίων,
915 1212 1024 1286 ἅλικες

267 1311 321 1384 οἷα
343 1316 508 1404 παρθένοι
531 1316 698 1401 φιλέοισιν
721 1315 846 1403 ἑταῖραι

268 1423 433 1511 ἑσπερίαις
455 1423 710 1509 ὑποκουρίζεσθ’
737 1423 878 1501 ἀοιδαῖς·
902 1423 985 1489 ἀλλά
1008 1448 1059 1489 τοι

214 1550 248 1597 20
269 1534 369 1619 ἤρατο
392 1543 461 1597 τῶν
484 1530 667 1597 ἀπεόντων·
691 1522 745 1596 οἷα
768 1530 823 1596 καί
845 1529 962 1597 πολλοὶ
985 1531 1105 1597 πάθον.

270 1643 338 1705 ἔστι
361 1635 397 1704 δέ
420 1644 531 1723 φῦλον
554 1639 591 1705 ἐν
613 1638 823 1725 ἀνθρώποισι
846 1641 1079 1723 ματαιότατον,

269 1747 358 1823 ὅστις
381 1748 549 1831 άίσχύνων
573 1747 731 1833 ἐπιχώρια
753 1749 928 1812 παπταίνει
952 1747 992 1811 τά
1014 1749 1143 1832 πόρσω,

269 1854 455 1939 μεταμώνια
478 1855 635 1940 θηρεύων
657 1853 832 1940 ἀκράντοις
856 1853 994 1921 ἐλπίσιν.
1456 1868 1490 1916 40

270 2053 341 2134 ἔσχε
364 2051 522 2115 τοιαύταν
544 2050 689 2135 μεγάλαν
712 2049 839 2116 ἀυάταν
1276 2054 1355 2136 Στρ.
1379 2047 1423 2133 β’.

216 2175 250 2222 25
270 2156 491 2223 καλλιπέπλου
515 2163 601 2244 λῆμα
624 2159 828 2244 Κορωνίδος.
874 2157 1033 2235 ἐλθόντος
1056 2159 1118 2244 γάρ
1142 2157 1290 2242 εὐνάσθη
1314 2157 1410 2236 ξένον

270 2263 454 2351 λέκτροισιν
477 2264 533 2330 ἀπ’
559 2265 737 2352 Ἀρκαδίας.
1456 2282 1490 2330 45

270 2371 343 2437 οὐδ’
369 2376 469 2438 ἔλαθε
493 2377 630 2440 σκοπόν·
654 2374 691 2439 έν
714 2371 746 2439 δ’
772 2375 836 2459 ἀρα
859 2375 1031 2462 μηλοδόκῳ

314 2486 458 2546 Πυθῶνι
482 2485 615 2558 τόσσαις
637 2483 709 2547 ἀιεν
732 2491 816 2547 ναοῦ
839 2484 994 2565 βασιλεὺς

289 2679 329 2728 14.
349 2675 469 2743 ἀκειρεκ.
490 2676 516 2729 Β
529 2674 560 2730 0:
581 2675 705 2744 ἀκερσεκ.
726 2676 768 2743 1);
791 2676 911 2732 cs.I.1r
927 2708 960 2716 -
976 2681 1017 2732 15.
1037 2692 1099 2731 cum
1118 2675 1305 2746 praecedente
1324 2691 1406 2730 versu
1424 2691 1490 2730 con-

216 2745 309 2800 iunxit
328 2749 356 2799 et
375 2749 439 2816 post
462 2743 594 2814 καθαρόν
616 2749 752 2817 punctum
774 2747 870 2819 posuit
892 2747 988 2817 Heyne
1008 2780 1041 2789 -
1061 2755 1102 2802 16.
1126 2745 1188 2801 οὐδ’
1210 2763 1278 2802 corr.
1299 2747 1441 2801 Hermann
1463 2751 1492 2802 et

216 2816 341 2899 Boeclrh;
368 2817 497 2885 equidem
523 2818 592 2872 satis
619 2835 679 2873 esse
706 2818 772 2872 duxi
797 2822 862 2889 post
882 2821 974 2945 Φοφω
999 2818 1197 2889 interpungere
1215 2851 1250 2859 —
1269 2816 1396 2890 νυμφίαν
1418 2818 1489 2873 coni.

215 2888 342 2944 Schmidt
362 2887 519 2959 νυμφιδίαν
537 2890 565 2943 Β
576 2890 600 2945 O
606 2890 636 2944 D
656 2922 689 2930 -
708 2896 751 2946 24.
769 2890 904 2945 τοιαύταν
949 2876 994 2946 δίε
1013 2910 1057 2945 τοι
1070 2890 1177 2945 ταύταν
1195 2891 1223 2944 Β
1235 2890 1341 2959 CWD,
1359 2891 1490 2960 τοιαύτης

218 2960 276 3017 0⁸⁰
295 2991 326 3000 -
348 2967 389 3014 27.
410 2963 506 3031 μηλοδ.
524 2963 552 3015 Β
565 2962 632 3029 ΟΜ,
650 2964 751 3032 μαδοδ.
771 2963 826 3031 D¹,
846 2963 944 3032 μηδοδ.
965 2960 1077 3017 0⁸0D¹
1094 2994 1130 3002 -

288 3110 329 3157 13.
350 3103 470 3173 αἴνησαν
488 3103 590 3173 γάμον·
611 3105 696 3159 verbo
718 3104 747 3158 in
770 3104 823 3159 hac
843 3120 872 3159 re
891 3104 1032 3172 sollemni3
1052 3104 1086 3159 cf.
1102 3104 1166 3159 Eur.
1182 3104 1227 3159 Or.
1244 3120 1296 3160 roes
1315 3100 1347 3171 ἧς
1365 3102 1442 3175 λέχος
1461 3104 1488 3174 χ’

217 3175 352 3247 ίπζνεσα,
376 3193 427 3231 rora
450 3176 498 3229 καὶ
518 3173 607 3244 λέκτρ’
634 3175 757 3248 ἐπῄνεσα
780 3209 815 3217 -
838 3177 964 3249 κρύβδαν
982 3174 1098 3244 πατρός·
1119 3192 1181 3231 cum
1204 3176 1241 3230 ad
1265 3175 1444 3231 concubitum
1463 3179 1493 3231 et

216 3248 258 3300 Isc
279 3247 323 3316 ,ris
350 3250 378 3301 et
401 3246 541 3317 Apollinis
564 3247 660 3301 referri
683 3247 786 3318 possit,
812 3247 848 3302 ad
873 3248 993 3319 priorem
1015 3246 1112 3302 referri
1136 3250 1276 3317 praestat,
1304 3251 1335 3302 ut
1359 3247 1491 3330 impietas

216 3317 362 3373 Coronidis
378 3319 550 3388 significetur
565 3352 596 3359 -
614 3325 654 3374 14.
670 3317 865 3390 ἀκειρεκόμας·
881 3319 982 3391 Apollo
996 3319 1123 3374 intonsus
1139 3323 1167 3373 et
1181 3319 1299 3388 capillos
1314 3322 1491 3375 summittens

216 3407 234 3444 a
251 3389 343 3460 poetis
363 3393 391 3444 et
409 3390 563 3445 artificibus
583 3391 794 3460 lingebatur-
815 3398 857 3445 16.
881 3393 932 3446 οὐκ
957 3391 1059 3462 ίμεινε·
1083 3407 1140 3445 non
1158 3390 1239 3461 gravi
1258 3407 1352 3446 amore
1371 3390 1490 3462 hospitis
1531 3438 1550 3467 c»

216 3461 353 3532 perculsa,
372 3462 421 3515 sed
441 3461 516 3530 quod
535 3462 733 3517 verecundiam
751 3462 805 3532 dei,
825 3463 903 3518 cuius
918 3480 1012 3518 semen
1026 3464 1201 3533 conceperat,
1221 3461 1296 3517 domi
1311 3462 1424 3532 quidem
1440 3463 1489 3518 ob·
1532 3526 1535 3531 ,

217 3533 357 3601 servabat,
376 3532 517 3605 virginum
536 3534 698 3602 aequalium
716 3534 825 3589 lusibus
840 3537 869 3589 et
882 3534 972 3605 epulis
991 3534 1125 3589 interesse
1144 3532 1243 3588 noluit.
1279 3533 1490 3589 Wilamcwitzii

217 3604 299 3674 (Phil.
315 3605 467 3660 Unters.1x
486 3609 521 3675 oo)
541 3606 737 3676 interpretatio
758 3607 819 3661 “eie
836 3609 934 3661 leonte
951 3608 1026 3661 nicht
1045 3608 1196 3672 αδαανιεκ,
1219 3607 1283 3661 ἀνω
1304 3607 1492 3663 λοολιιίίικιαί

216 3678 276 3732 und
294 3677 431 3731 trcrctlied
448 3678 634 3732 λειοκίεάικε”
656 3678 692 3732 ab
712 3678 838 3732 hocloco
854 3677 947 3732 aliena
962 3681 1016 3744 est,
1035 3676 1166 3730 nimirum
1180 3677 1285 3731 frustra
1298 3676 1414 3748 nuptias
1428 3695 1492 3732 cum

217 3748 270 3802 deo
284 3751 475 3818 exspectasset
489 3781 521 3789 -
538 3755 579 3803 19.
595 3749 841 3818 ύποκονρίζεσθαι,
857 3748 991 3804 sollemne
1000 3749 1115 3803 verbum
1130 3748 1165 3803 de
1180 3749 1329 3804 cantilenis
1344 3753 1410 3804 ante
1426 3767 1490 3804 con-

217 3819 297 3873 clave
317 3836 480 3890 sponsarum
499 3821 661 3890 cantandis,
685 3820 782 3890 quales
803 3820 930 3891 Sapphus
950 3817 1078 3890 ύμέναιοι
1095 3823 1125 3874 et
1144 3820 1319 3890 ἐπνθαλάμια
1338 3824 1431 3888 erant3
1455 3822 1490 3876 ct'.

217 3890 334 3960 Hesych.
351 3894 461 3960 κουριζο
483 3889 570 3956 ε’ναις·
591 3890 824 3963 ὑμεναιουμέναις
839 3924 871 3932 -
887 3897 930 3945 20.
946 3890 1042 3960 ἤρατο·
1058 3891 1174 3947 Coronis
1189 3908 1282 3946 amore
1297 3892 1403 3960 lschyis
1423 3892 1490 3947 alie-

217 3961 345 4032 nigenae,
365 3981 428 4017 cum
441 3912 490 4017 ille
505 3965 618 4018 domum
632 3964 722 4034 patris
736 3964 836 4034 hospes
850 3963 982 4031 venisset,
997 3964 1115 4032 flagrare
1130 3962 1230 4033 coepit.
1262 3963 1322 4018 Iam
1336 3963 1412 4032 quod
1425 3964 1491 4018 huic

217 4033 373 4088 narrationi
393 4035 533 4106 generalis
548 4036 688 4090 sententia
703 4035 737 4090 de
751 4051 881 4106 perverso
896 4051 989 4089 amore
1005 4052 1096 4089 rerum
1109 4038 1281 4089 remotarum
1295 4035 1340 4103 (cf.
1357 4035 1390 4088 N.
1406 4054 1436 4088 111
1455 4039 1491 4103 so)

217 4105 377 4160 adnectitur
390 4110 498 4177 (ao-24),
513 4106 629 4160 Pindari
642 4107 785 4177 proprium
799 4111 851 4175 est,
866 4107 903 4161 ad
917 4106 1065 4161 adiunctas
1079 4122 1123 4160 res
1133 4106 1294 4175 frequenter
1303 4106 1490 4177 exspatiantis

216 4180 246 4231 et
259 4177 416 4232 narrationi
432 4182 583 4249 praecepta
597 4178 753 4250 sapientiae
772 4177 967 4245 immimentis,
986 4178 1020 4233 cf.
1037 4178 1068 4234 Ο.
1081 4197 1092 4230 1
1106 4194 1126 4232 a.
1146 4177 1176 4232 P.
1191 4195 1267 4234 1vea.
1283 4193 1330 4233 aas.
1349 4197 1388 4231 xn
1402 4194 1435 4232 ιε.
1455 4178 1490 4232 N.

216 4268 227 4302 1
240 4265 273 4304 ω.
293 4269 325 4302 111
339 4266 373 4304 ω.
393 4269 420 4302 rx
436 4265 468 4305 ιι.
488 4270 505 4303 x
520 4267 553 4306 ιο.
572 4251 592 4304 Ι.
607 4269 618 4302 1
633 4266 666 4305 11.
681 4267 714 4305 ou.
734 4250 801 4303 Inde
816 4249 888 4304 nihil
902 4252 945 4304 est
958 4266 1068 4313 causae,
1082 4265 1131 4304 cur
1142 4248 1271 4304 Hieronis
1287 4248 1400 4318 amicos,
1415 4250 1491 4318 quod

217 4320 403 4391 aperegriuio
418 4321 533 4375 medicis
548 4321 684 4375 auxilium
698 4321 857 4391 petiverint,
872 4338 890 4375 a
924 4325 989 4376 oeta
1006 4323 1079 4375 tecte
1098 4321 1265 4391 reprehendi
1283 4324 1442 4376 statuamus
1458 4355 1489 4362 -

216 4396 258 4445 24.
275 4391 386 4446 ἀυάταν
401 4410 451 4463 pro
466 4392 590 4461 άάάταν,
606 4393 689 4447 άταν
710 4393 744 4448 cf.
760 4393 789 4446 P.
804 4411 825 4445 11
839 4408 873 4446 ιιι.
893 4340 925 4447 (l.
940 4411 989 4445 xm
1002 4409 1027 4447 er
1042 4423 1074 4432 -
1091 4398 1134 4448 26.
1148 4397 1221 4464 λῆμα
1236 4391 1404 4462 Κορωνίδος,
1420 4393 1492 4465 peri·

216 4462 369 4532 phraatice,
388 4466 420 4517 ut
437 4462 463 4527 λς
480 4464 660 4535 Τηλεμάχοιο,
682 4463 825 4533 Οἰνομάου
841 4461 892 4588 ιβία
907 4463 1035 4533 (0.188),
1053 4461 1156 4528 σθένος
1170 4463 1293 4535 ἡμιόνων
1307 4464 1350 4534 (Ο.
1366 4484 1392 4518 τι
1407 4469 1443 4533 22)
1459 4498 1490 4505 -

217 4540 259 4588 26.
270 4532 323 4588 ἀπ’
338 4533 492 4604 Ἀρκαδίας·
509 4536 611 4590 sensim
622 4552 705 4605 quem
715 4534 830 4590 Coronis
860 4532 999 4605 eperierit,
1009 4535 1112 4605 aperit;
1128 4535 1174 4590 hic
1184 4537 1321 4591 Arcadem
1331 4553 1395 4590 eum
1405 4535 1492 4590 fuisse

218 4605 374 4677 significat,
393 4626 418 4661 v.
433 4623 457 4661 οι
477 4624 578 4662 nomen
593 4606 700 4677 Ἴσχυος
718 4606 800 4661 addit
819 4639 851 4647 -
870 4613 912 4661 27.
932 4604 1092 4676 Apollinem
1111 4608 1194 4662 deum
1213 4625 1263 4662 sua
1283 4608 1379 4662 diviua
1398 4609 1491 4661 mente

217 4676 364 4732 Coronidis
374 4678 520 4760 perfidiam
530 4696 562 4733 co
603 4681 744 4732 oscentem
750 4678 887 4732 Pindarus
898 4678 966 4732 lecit
975 4681 1069 4748 spreta
1076 4681 1170 4733 vetere
1182 4679 1216 4733 de
1226 4695 1307 4733 corvo
1318 4677 1491 4733 internuntio

217 4748 263 4802 dei
282 4748 444 4818 traditione,
465 4768 550 4819 quam
594 4750 706 4804 esiodus
724 4750 755 4803 in
773 4749 856 4804 Eoeis
874 4752 1068 4820 proposuerat:
1092 4754 1130 4822 τῷ
1149 4749 1200 4819 μὲν
1220 4749 1266 4817 ἄρ’
1288 4750 1401 4819 ἅγγελος
1420 4744 1491 4818 ἦλθε

217 4818 304 4888 κόραξ
324 4819 399 4890 ἱερῆς
417 4823 474 4874 ἀπὸ
494 4820 589 4884 δαιτός
605 4826 608 4891 Ι
625 4822 716 4875 Πυθὼ
736 4821 763 4885 ἐς
781 4820 910 4892 ἠγαθέην
928 4819 977 4875 καί
995 4817 1022 4890 β’
1042 4820 1165 4890 ἔφρασεν
1184 4819 1244 4890 ἔργ’
1260 4820 1361 4889 ἀίδηλα
1378 4831 1381 4883 Ι
1400 4819 1492 4893 Φοίβῳ

216 4891 403 4964 ἀκερσεκόμη,
427 4891 469 4947 ὅτι
483 4891 572 4963 Ἲσχυς
590 4902 659 4963 γῆμε
679 4892 807 4960 Κορωνίν
823 4897 827 4963 Ι
845 4890 1006 4964 Εἰλατίδης,
1030 4892 1155 4963 Φλεγύαο
1175 4891 1334 4960 διοχνήτοιο
1351 4893 1490 4964 θύγατρα.
