3442 5550
742 1354 900 1406 NEMEON.
920 1350 973 1406 la'.

449 1516 909 1600 APIZTAI'OPA.
950 1515 1274 1602 Tamania.

762 1711 953 1763 nmium.

769 1994 948 2065 strophae.

733 3369 974 3451 Argumentum.

305 3496 393 3556 Falso
416 3498 471 3556 hoc
495 3518 612 3557 carmen
636 3499 713 3557 inter
735 3499 863 3575 epinicia
885 3499 1013 3557 relatum
1037 3518 1099 3558 esse
1122 3499 1182 3558 iam
1200 3503 1316 3559 veteres
1338 3518 1488 3578 gramma-

217 3586 269 3645 tici
288 3587 514 3647 adnotaverunt.
548 3589 603 3646 Est
621 3588 699 3646 enim
717 3587 924 3666 inaugurandi·
938 3588 1028 3647 secris
1047 3582 1241 3668 (εἰσιτηρίοιςς
1259 3610 1287 3650 v.
1302 3587 1370 3648 cla
1384 3607 1406 3647 11
1421 3584 1488 3667 470)
1579 3584 1584 3594 '

217 3676 286 3734 novi
320 3677 467 3752 praetoris
498 3676 619 3735 Tenedii
655 3678 769 3736 factum
800 3685 832 3736 et
863 3677 1046 3754 praeteriens
1080 3681 1200 3736 tantum
1234 3682 1324 3755 poeta
1358 3678 1489 3738 ludicras

216 3765 358 3823 victorias
391 3766 454 3824 eius
487 3766 599 3826 laudat.
649 3767 840 3844 Aristagoras
867 3767 1013 3826 Arcesilai
1041 3766 1136 3845 filius,
1166 3767 1252 3826 cuius
1279 3768 1310 3826 in
1337 3768 1489 3844 honorem,

217 3872 285 3912 cnm
309 3873 459 3913 summum
482 3856 691 3932 magistratum
716 3855 879 3914 Tenediam
902 3856 1004 3933 iniret,
1031 3856 1086 3916 hoc
1114 3876 1231 3916 carmen
1256 3860 1411 3916 cantatum
1435 3860 1490 3932 est,

216 3943 368 4019 utrimque
402 3945 518 4022 generis
550 3944 707 4004 nobilitate
739 3944 915 4022 excellebat3
947 3950 1034 4021 pater
1066 3946 1144 4004 enirn
1177 3966 1211 4005 ex
1244 3945 1488 4004 Pisandridarnm

216 4032 381 4091 clarissima
408 4037 497 4111 gente
520 4034 682 4109 Amyclaea
706 4033 849 4094 oriundus
872 4038 950 4111 erat,
978 4039 1114 4093 matera
1137 4035 1322 4112 Melanippo,
1347 4033 1488 4093 Thebano

216 4121 305 4198 duce,
332 4123 417 4181 euius
445 4128 566 4199 nepotes
589 4142 740 4182 unacum
762 4123 891 4183 Achaeis
913 4123 1173 4200 Peloponnesiaoie
1196 4124 1227 4181 in
1250 4123 1354 4182 Asiam
1377 4123 1488 4200 migra·

216 4214 330 4288 verant,
354 4212 499 4290 originem
523 4212 615 4271 duxit
652 4213 697 4271 De
720 4215 853 4288 tempore
877 4213 1017 4272 carminis
1040 4212 1115 4271 nihil
1138 4215 1264 4289 constat,
1287 4212 1345 4271 nisi
1370 4213 1489 4288 quoda

216 4301 400 4376 temporibus
431 4301 596 4360 carminum
620 4301 653 4361 0.
673 4320 727 4360 vm
750 4304 781 4361 et
803 4302 840 4360 N.
859 4320 903 4380 vr,
933 4322 1060 4379 quornm
1087 4301 1216 4379 vestigia
1239 4301 1373 4360 versibus
1396 4312 1412 4358 8
1436 4295 1488 4383 (ct.

217 4387 250 4449 0.
271 4408 325 4447 vm
345 4402 375 4448 21
392 4383 430 4470 s.)
454 4394 484 4449 et
507 4402 611 4449 37-4‘2
636 4384 685 4472 (cf.
705 4391 741 4450 N.
761 4410 792 4448 vr
818 4384 936 4472 10-13)
964 4392 1050 4470 legit,
1081 4410 1140 4450 non
1164 4390 1293 4449 multum
1317 4390 1418 4449 abesse
1442 4391 1487 4449 vi-

216 4478 316 4553 dotum
346 4499 373 4538 v.
396 4480 676 4539 commentationem
699 4501 808 4558 meam,
837 4482 897 4539 Zur
920 4481 1117 4558 Chronologie
1140 4479 1348 4539 Pindarischer
1371 4479 1485 4558 Sieges·

215 4576 344 4646 gestnge
367 4589 395 4645 p.
415 4581 448 4626 54
464 4587 485 4626 s,
523 4570 659 4645 Denique
678 4590 713 4628 ex
732 4569 1011 4630 commemoratione
1030 4569 1169 4630 arborum
1185 4573 1216 4629 et
1234 4586 1374 4628 arvorum
1394 4569 1487 4647 frugi·

215 4658 346 4717 ferorum
374 4650 416 4739 (v.
434 4651 484 4738 40)
508 4658 648 4736 efficitur,
672 4659 782 4718 Tenedi
810 4660 948 4718 similiter
970 4663 1061 4735 atque
1084 4660 1115 4718 in
1138 4659 1288 4736 plerisque
1312 4656 1486 4717 ciuitatibus

215 4746 356 4806 Graeciae
385 4767 476 4806 novos
505 4749 700 4825 magistratus
727 4752 841 4808 aestate
869 4748 967 4807 media
994 4768 1104 4808 munus
1131 4768 1218 4808 suum
1247 4747 1348 4806 iniisse
1376 4748 1487 4808 —De

216 4835 373 4895 Theoxeno
397 4837 535 4914 'secedim
559 4838 610 4914 qui
635 4858 709 4914 puer
732 4843 850 4896 amatus
875 4838 996 4896 Pindari
1019 4839 1097 4897 aenis
1122 4839 1193 4917 fuit,
1216 4837 1282 4898 vide
1307 4839 1341 4899 tr.
1362 4849 1420 4898 123,
