3442 5550
313 414 371 469 cvl
812 417 1089 469 PROLEGOMENA.

402 580 506 664 ε’χθρά
535 580 575 644 δέ
600 598 679 664 φασι
710 582 929 663 φρονούντων
957 580 1111 663 ἀλλήλοις
1132 578 1319 663 Ἀθηναίων
1343 578 1395 643 καί
1423 582 1590 663 Θηβαίων,

311 685 381 752 ε’πελ
408 686 534 772 ἔγραψέ
558 707 637 752 που·
664 682 703 752 Ὠ
735 686 794 751 ταὶ
827 686 988 771 λιπαραὶ
1016 685 1079 751 καλ
1106 690 1388 771 μεγαλοπόλιες
1413 684 1589 770 Ἀθῆναι,

311 796 393 859 κατά
417 793 456 859 δέ
472 819 574 877 τινας,
598 794 664 860 ἐπεὶ
690 799 849 879 ἔρεισμα
868 792 1053 870 Ἑλλάδος
1071 798 1134 878 ἔφη
1154 797 1212 871 τάς
1232 792 1385 877 Ἀθήνας,
1408 794 1590 878 ἐζημίωσαν

311 901 415 967 αὐτὸν
440 905 580 986 Θηβαῖοι
608 906 730 986 χιλίαις
752 904 928 987 δραχμαῖς,
956 902 995 978 ἃς
1018 900 1164 979 ἐξέτισαν
1186 899 1269 987 ὑπὲρ
1292 902 1397 967 αὐτοῦ
1418 900 1590 986 Ἀθηναῖοι

276 1010 357 1086 οὼς
380 1016 584 1093 φιλαττικοῦ.

400 1117 527 1200 λέγεται
547 1114 582 1182 δὲ
602 1116 654 1183 καί
675 1118 720 1195 ὡς
736 1118 889 1193 Λάκωνες
908 1115 1131 1201 ἐμπρήσαντες
1149 1139 1227 1181 ποτε
1244 1119 1356 1199 Θήβας
1373 1116 1455 1180 κατά
1472 1116 1589 1200 μάχην,

313 1221 349 1307 ῆς
378 1222 453 1309 ἦρχε
479 1229 674 1302 Παυσανίας
701 1226 719 1292 ὁ
748 1237 845 1309 σφῶν
872 1226 1041 1309 βασιλεύς,
1069 1222 1250 1307 ἀπέσχοντο
1278 1227 1381 1307 μόνης
1403 1233 1461 1306 τῆς
1483 1225 1590 1300 οίκίας

311 1342 371 1397 τοῦ
394 1342 547 1416 ποιητοῦ,
571 1335 699 1409 ἰδόντες
723 1331 1003 1417 ἐπιγεγραμμένον
1027 1335 1077 1396 τό·

424 1457 628 1543 Πινδάρου
651 1467 720 1523 τοῦ
743 1467 989 1543 μουσοποιοῦ
1014 1459 1083 1541 τήν
1106 1455 1247 1540 στέγην
1269 1458 1318 1540 μή
1342 1458 1477 1520 καίετε.

261 1616 292 1664 10
310 1608 408 1664 τοῦτο
432 1598 472 1665 δέ
492 1619 575 1685 φασι
598 1599 653 1666 καλ
674 1599 887 1687 Ἀλέξανδρος
908 1602 988 1686 μετά
1007 1608 1110 1665 ταῦτα
1129 1604 1293 1683 πεποίηκε.
1335 1596 1390 1663 καλ
1408 1599 1509 1676 αὐτὸς
1526 1601 1589 1683 γὰρ

310 1703 477 1789 ἐμπρήσας
502 1709 613 1790 Θήβας
636 1706 776 1791 ἐφύλαξε
801 1709 861 1793 τῆν
884 1710 1007 1791 οἰκίαν,
1036 1706 1055 1790 ἣ
1079 1704 1134 1771 καὶ
1157 1709 1204 1783 είς
1226 1719 1427 1792 πρυτανεῖον
1449 1706 1590 1792 ὕστερον

312 1811 523 1897 ἀπετελέσθη.

399 1920 533 2004 φέρεται
566 1917 601 1985 δὲ
635 1926 747 2005 λόγος,
779 1921 832 1986 καίΙ
865 1924 1016 2007 θεωρούς
1049 1945 1125 1987 ποτε
1159 1921 1316 1997 ἀπιόντας
1348 1923 1395 1997 είς
1416 1919 1590 2006 ’Ἄμμωνος

310 2029 441 2111 αἰτῆσαι
471 2028 630 2116 Πινδάρῳ
659 2021 713 2094 οἷα
741 2034 827 2117 φίλῳ
856 2031 892 2096 τὸ
921 2030 957 2095 ἐν
985 2030 1180 2112 ἀνθρώποις
1207 2031 1357 2113 ἀριστον·
1388 2027 1443 2093 καλ-
1470 2035 1590 2095 θανεῖν

249 2124 289 2200 v15
309 2134 412 2199 αὐτὸν
440 2134 476 2199 έν
503 2134 616 2223 ε’κείνῳ
644 2146 690 2223 τῳ
719 2135 868 2224 ἐνιαυτῷ.
915 2147 1013 2202 τοῦτο
1042 2133 1077 2201 δὲ
1105 2137 1237 2212 πάντως
1263 2134 1315 2200 καί
1346 2137 1497 2201 θανάτου
1521 2135 1590 2202 ε’στλ

308 2240 474 2325 σέμνωμα,
497 2241 542 2317 ὡς
563 2244 762 2320 κολούοντος
780 2246 841 2328 τήν
860 2244 897 2309 έν
915 2256 1027 2321 κακοῖς
1045 2242 1251 2331 μακροτέραν
1269 2246 1395 2327 βιοτήν.
1436 2243 1454 2310 ὃ
1473 2244 1515 2328 δή
1534 2243 1589 2310 καὶ

309 2346 361 2413 έπλ
384 2359 451 2413 τῶν
474 2349 658 2414 κτισάντων
681 2352 740 2415 τὸν
759 2357 878 2416 Πυθοῖ
901 2354 981 2417 ναὸν
1006 2354 1184 2435 ἱστόρηται,
1208 2354 1243 2415 οἳ
1264 2352 1300 2416 τὸ
1322 2354 1421 2436 ἔργον
1439 2368 1588 2418 συντετε·

309 2459 436 2532 λεκότες
463 2458 634 2540 θαύματος
663 2458 756 2535 ἀξιον
783 2459 824 2522 ὃν
850 2459 905 2523 καὶ
934 2459 1065 2542 ἀγαθὸν
1092 2457 1174 2543 μέγα
1202 2455 1331 2534 ἑαυτοῖς
1354 2462 1479 2524 θεόθεν
1502 2461 1590 2543 αίτη-

308 2562 459 2647 σάμενοι,
491 2558 561 2628 εἶτα
593 2563 700 2630 ἔωθεν
732 2564 838 2631 οὐκέτ’
873 2562 954 2648 ἦσαν
987 2567 1032 2643 ὡς
1064 2567 1199 2651 θανάτῳ
1230 2564 1483 2647 ἀπεληλυθότες.
1533 2566 1589 2632 καλ

257 2690 290 2737 ‘30
311 2668 453 2754 Κλέοβις
484 2667 520 2734 δὲ
553 2670 608 2735 καὶ
637 2675 747 2737 Βίτων
779 2674 876 2757 ὅμοια
908 2684 965 2756 τῆς
997 2669 1079 2758 ὑπὲρ
1112 2673 1243 2755 ἀγαθοῦ
1276 2673 1373 2756 εὐχῆς
1404 2672 1589 2739 ἀπώυαντο.

309 2776 407 2860 ἡνίκα
436 2776 557 2842 ἐκεῖνοι
584 2780 645 2862 τήν
671 2778 794 2863 μητέρα
823 2779 873 2845 ε’πλ
902 2780 1025 2865 ἀμάξης
1048 2779 1243 2857 ἑλκύσαντες
1266 2781 1322 2844 διὰ
1344 2778 1444 2864 μέσης
1467 2779 1590 2866 ἀγορᾶς

309 2882 343 2961 ές
368 2883 609 2969 νενομισμένην
637 2887 798 2970 δημοτελῆ
825 2892 952 2952 θυσίαν
979 2886 1030 2975 (οί
1054 2889 1117 2971 γάρ
1147 2886 1229 2971 ίεροὶ
1256 2890 1331 2972 βόες
1359 2887 1399 2951 οὐ
1421 2888 1589 2975 παρῆσαν)

309 2995 426 3076 ἔτυχον
448 2988 509 3076 μὲν
532 2993 630 3076 εὐχῆς
651 2997 820 3078 μητρόθεν
843 2995 888 3072 ὡς
911 2993 963 3060 ἐπὶ
986 3000 1203 3080 κρείτττοσιν,
1229 2991 1324 3059 αὐτοὶ
1348 2990 1384 3059 δὲ
1407 2996 1588 3079 προύκαλέ-

309 3118 409 3165 σαντο
438 3101 601 3181 θάνατον,
629 3100 665 3177 ὃς
693 3102 810 3167 αὐτίκα
838 3101 972 3168 ἐκείνων
997 3102 1140 3187 ἐλάβετο.
1185 3101 1268 3167 ἀλλὰ
1292 3111 1394 3166 ταῦτα
1417 3099 1478 3186 μέν
1500 3104 1588 3170 οὕτω

255 3226 288 3274 26
308 3212 529 3293 παρερρίφθω
554 3207 627 3272 οὐδ’
649 3210 733 3273 αὐτὰ
756 3212 804 3286 είς
826 3214 933 3276 κενόν.

397 3324 457 3380 τοῦ
476 3311 512 3379 δὲ
531 3317 613 3380 κατὰ
633 3318 808 3400 Πίνδαρον
827 3317 945 3399 γένους
963 3319 1050 3383 οὕτω
1068 3321 1286 3401 πεζολογικῶς
1303 3317 1589 3403 προενηνεγμένου

308 3421 443 3507 φέρεται
471 3423 518 3498 είς
545 3424 626 3488 αὐτὸ
653 3422 708 3488 καλ
736 3422 781 3488 δι’
808 3424 896 3490 ἐπῶν
922 3431 1072 3490 παλαιῶν
1096 3435 1212 3501 ταῦτει,
1240 3417 1291 3501 οἷς
1314 3424 1511 3512 ε’μφέρονται
1534 3430 1593 3491 καί

309 3553 383 3593 τινα
407 3526 555 3593 ἐπέκεινα
578 3541 645 3594 τῶν
667 3531 929 3616 προειρημένωνΙ

310 3655 513 3738 Πίνδαρον
542 3654 745 3740 ὑψαγόρην
770 3658 996 3742 Καδμηίδος
1023 3659 1135 3722 οὔδει·
1158 3659 1287 3741 Θήβης
1314 3663 1416 3722 κτλ.
1454 3654 1499 3743 (p.
1513 3656 1589 3744 cll)

255 3817 289 3865 30
397 3797 484 3862 ούτω
517 3794 552 3861 δὲ
586 3797 638 3862 καὶ
673 3801 800 3865 τούτων
832 3798 985 3885 ῆσμένων
1014 3803 1061 3876 είς
1088 3801 1125 3866 τὸ
1153 3809 1212 3865 τοῦ
1240 3810 1379 3884 ποιητοῦ
1408 3799 1502 3883 γένος
1528 3802 1589 3867 ούκ

308 3905 522 3988 ἀγλαφύρως,
551 3907 585 3969 οί
610 3905 745 3971 παλαιοὶ
773 3910 833 3985 ἔξω
861 3919 928 3973 τῶν
957 3907 993 3972 έν
1020 3918 1059 3993 τῆ
1085 3908 1273 3992 Πινδιιρικῆ
1300 3911 1404 3995 βίβλῳ
1430 3906 1589 3992 κειμένων

308 4024 484 4097 γνωμικῶν
507 4012 777 4097 ἀποφθεγμάτων
799 4024 1058 4099 προσιστοροῦσι
1077 4013 1132 4079 καὶ
1150 4015 1236 4079 τάδε.
1281 4016 1450 4098 Πίνδαρος
1469 4014 1589 4101 ε’ρωτη-

308 4124 395 4202 θείς,
423 4124 458 4184 τί
482 4124 619 4204 πρίονος
646 4119 817 4205 ὀξύτερον,
846 4116 928 4186 εἷπε·
953 4123 1127 4203 διαβολή.
1175 4126 1327 4206 Δελφόσε
1350 4119 1386 4186 δὲ
1410 4120 1590 4206 ἐρωτηθεὶς

308 4232 343 4292 τί
358 4228 495 4312 πάρεστι
513 4230 641 4305 θύσων,
665 4238 811 4293 παιᾶνα
831 4224 913 4293 εἶπε·
932 4227 1112 4313 μονονουχὶ
1132 4229 1248 4311 λέγων,
1268 4229 1302 4293 ἐκ
1321 4240 1388 4293 τῶν
1407 4228 1590 4314 ἐλλογίμων

255 4354 289 4401 35
309 4334 442 4419 ἀνδρῶν
471 4340 595 4402 θυσίαν
623 4331 709 4401 εἶναι
738 4339 858 4418 λόγους
881 4346 926 4423 τῳ
951 4339 1121 4419 κρείττονι.
1167 4338 1251 4421 πρὸς
1273 4336 1291 4400 ό
1315 4341 1473 4401 συλλαλεί
1492 4336 1547 4401 καὶ
1571 4337 1589 4402 ό

308 4442 451 4526 γράψας,
479 4444 524 4519 ὡς
551 4446 703 4508 ἄκαπνα
732 4445 904 4507 θύουσιν
931 4443 1071 4506 ἀοιδοί.
1117 4445 1199 4527 πρὸς
1227 4441 1262 4508 δὲ
1287 4445 1345 4507 τὸν
1369 4443 1589 4528 ἐρωτήσαντα,

309 4551 365 4615 διὰ
392 4555 427 4614 τί
451 4552 491 4615 ού
520 4562 565 4639 τῳ
594 4548 631 4616 εὖ
659 4551 837 4635 πράττοντι
866 4554 926 4635 τήν
949 4549 1119 4635 θυγατέρα
1142 4552 1297 4625 δίδωσιν,
1325 4551 1370 4615 ού
1397 4553 1520 4634 μόνον
1547 4547 1589 4616 εὖ

308 4659 550 4742 πράττοντος
587 4662 650 4743 ἔφη
683 4660 857 4731 δεῖσθαι,
895 4657 990 4722 ἀλλά
1022 4656 1086 4722 καλ
1117 4654 1159 4724 εὖ
1190 4657 1418 4740 πράξαντος.
1473 4667 1519 4746 τῷ
1553 4657 1588 4723 δὲ

374 4898 377 4905 “
398 4895 441 4942 θῖ.
462 4888 524 4943 sori.
545 4888 632 4943 αὑτὸν
652 4921 684 4929 -
706 4893 747 4941 36.
767 4887 884 4941 ἄκαπνα
904 4930 909 4941 .
926 4930 953 4941 ..
974 4886 1081 4941 ἀοιδοί
1101 4888 1136 4940 τί.
1157 4887 1282 4941 Atheus
1302 4906 1328 4957 p.
1344 4894 1380 4940 8⁰.
