<?xml version="1.0" encoding="UTF-8"?>
<!DOCTYPE html PUBLIC "-//W3C//DTD XHTML 1.0 Transitional//EN"
    "http://www.w3.org/TR/xhtml1/DTD/xhtml1-transitional.dtd">
<html xmlns="http://www.w3.org/1999/xhtml" xml:lang="en" lang="en">
 <head>
  <title>
</title>
<meta http-equiv="Content-Type" content="text/html;charset=utf-8" />
  <meta name='ocr-system' content='tesseract 3.04.00' />
  <meta name='ocr-capabilities' content='ocr_page ocr_carea ocr_par ocr_line ocrx_word'/>
</head>
<body>
  <div class='ocr_page' id='page_1' title='image "./pindaricarminap00chrigoog_0447.png"; bbox 0 0 3442 5550; ppageno 0'>
   <div class='ocr_carea' id='block_1_1' title="bbox 218 402 1021 467">
    <p class='ocr_par' dir='ltr' id='par_1_1' title="bbox 218 402 1021 467">
     <span class='ocr_line' id='line_1_1' title="bbox 218 402 1021 467; baseline -0.014 0"><span class='ocrx_word' id='word_1_1' title='bbox 218 402 284 467; x_wconf 84' lang='lat'><strong><em>298</em></strong></span> <span class='ocrx_word' id='word_1_2' title='bbox 690 405 837 455; x_wconf 72' lang='lat' dir='ltr'><strong>prunum</strong></span> <span class='ocrx_word' id='word_1_3' title='bbox 858 405 1021 456; x_wconf 75' lang='lat' dir='ltr'><strong>suumn.</strong></span> 
     </span>
    </p>
   </div>
   <div class='ocr_carea' id='block_1_2' title="bbox 218 565 1498 1618">
    <p class='ocr_par' dir='ltr' id='par_1_2' title="bbox 273 565 680 649">
     <span class='ocr_line' id='line_1_2' title="bbox 273 565 680 649; baseline 0 -17"><span class='ocrx_word' id='word_1_4' title='bbox 273 568 406 633; x_wconf 85' lang='grc' dir='ltr'><strong><em>ἀπτεται</em></strong></span> <span class='ocrx_word' id='word_1_5' title='bbox 430 565 459 631; x_wconf 78' lang='grc' dir='ltr'><strong><em>θ’</em></strong></span> <span class='ocrx_word' id='word_1_6' title='bbox 487 566 592 632; x_wconf 86' lang='grc' dir='ltr'><strong><em>έσλῶν</em></strong></span> <span class='ocrx_word' id='word_1_7' title='bbox 615 566 680 649; x_wconf 86' lang='grc' dir='ltr'><strong><em>ἀεί,</em></strong></span> 
     </span>
    </p>

    <p class='ocr_par' dir='ltr' id='par_1_3' title="bbox 318 671 771 760">
     <span class='ocr_line' id='line_1_3' title="bbox 318 671 771 760; baseline -0.004 -21"><span class='ocrx_word' id='word_1_8' title='bbox 318 676 500 760; x_wconf 79' lang='grc' dir='ltr'><strong><em>χειρόνεσσι</em></strong></span> <span class='ocrx_word' id='word_1_9' title='bbox 524 671 556 738; x_wconf 80' lang='grc' dir='ltr'><strong><em>δ’</em></strong></span> <span class='ocrx_word' id='word_1_10' title='bbox 582 673 642 738; x_wconf 85' lang='grc' dir='ltr'><strong><em>οὐκ</em></strong></span> <span class='ocrx_word' id='word_1_11' title='bbox 666 672 771 758; x_wconf 76' lang='grc' dir='ltr'><strong><em>ἐρίζει.</em></strong></span> 
     </span>
    </p>

    <p class='ocr_par' dir='ltr' id='par_1_4' title="bbox 218 775 1498 1192">
     <span class='ocr_line' id='line_1_4' title="bbox 1294 775 1443 860; baseline -0.013 -18"><span class='ocrx_word' id='word_1_12' title='bbox 1294 776 1377 842; x_wconf 79' lang='grc' dir='ltr'><strong><em>Ἀντ.</em></strong></span> <span class='ocrx_word' id='word_1_13' title='bbox 1396 775 1443 860; x_wconf 80' lang='grc' dir='ltr'><strong><em>β’.</em></strong></span> 
     </span>
     <span class='ocr_line' id='line_1_5' title="bbox 272 885 1498 973; baseline -0.009 -17"><span class='ocrx_word' id='word_1_14' title='bbox 272 903 380 966; x_wconf 77' lang='grc' dir='ltr'><strong><em>κεῖνος</em></strong></span> <span class='ocrx_word' id='word_1_15' title='bbox 403 888 457 954; x_wconf 81' lang='grc' dir='ltr'><strong><em>καὶ</em></strong></span> <span class='ocrx_word' id='word_1_16' title='bbox 485 892 679 973; x_wconf 81' lang='grc' dir='ltr'><strong><em>Τελαμῶνος</em></strong></span> <span class='ocrx_word' id='word_1_17' title='bbox 701 886 806 966; x_wconf 75' lang='grc' dir='ltr'><strong><em>δάψεν</em></strong></span> <span class='ocrx_word' id='word_1_18' title='bbox 828 889 905 953; x_wconf 80' lang='grc' dir='ltr'><strong><em>υίόν</em></strong></span> <span class='ocrx_word' id='word_1_19' title='bbox 928 886 1089 973; x_wconf 80' lang='grc' dir='ltr'><em>φασγάνῳ</em></span> <span class='ocrx_word' id='word_1_20' title='bbox 1115 885 1360 969; x_wconf 75' lang='grc' dir='ltr'><strong><em>ἀμφικυλίσαις.</em></strong></span> <span class='ocrx_word' id='word_1_21' title='bbox 1462 900 1498 947; x_wconf 81' lang='grc' dir='ltr'><strong><em>4ο</em></strong></span> 
     </span>
     <span class='ocr_line' id='line_1_6' title="bbox 272 990 1259 1081; baseline -0.007 -18"><span class='ocrx_word' id='word_1_22' title='bbox 272 993 291 1080; x_wconf 84' lang='grc' dir='ltr'><em>ἦ</em></span> <span class='ocrx_word' id='word_1_23' title='bbox 315 996 379 1062; x_wconf 83' lang='grc' dir='ltr'><strong><em>τιν’</em></strong></span> <span class='ocrx_word' id='word_1_24' title='bbox 404 999 577 1080; x_wconf 75' lang='grc' dir='ltr'><strong><em>ἄγλωσσον</em></strong></span> <span class='ocrx_word' id='word_1_25' title='bbox 600 995 675 1081; x_wconf 87' lang='grc' dir='ltr'><strong><em>μέν,</em></strong></span> <span class='ocrx_word' id='word_1_26' title='bbox 698 990 778 1079; x_wconf 76' lang='grc' dir='ltr'><strong><em>ἦτορ</em></strong></span> <span class='ocrx_word' id='word_1_27' title='bbox 803 993 832 1058; x_wconf 80' lang='grc' dir='ltr'><strong><em>θ’</em></strong></span> <span class='ocrx_word' id='word_1_28' title='bbox 861 996 999 1078; x_wconf 87' lang='grc' dir='ltr'><strong><em>ἀλκιμον</em></strong></span> <span class='ocrx_word' id='word_1_29' title='bbox 1023 993 1112 1058; x_wconf 89' lang='grc' dir='ltr'><strong><em>λάθα</em></strong></span> <span class='ocrx_word' id='word_1_30' title='bbox 1134 991 1259 1076; x_wconf 80' lang='grc' dir='ltr'><strong><em>κατέχει</em></strong></span> 
     </span>
     <span class='ocr_line' id='line_1_7' title="bbox 218 1096 1405 1192; baseline -0.007 -22"><span class='ocrx_word' id='word_1_31' title='bbox 218 1122 252 1170; x_wconf 76' lang='grc' dir='ltr'><strong><em>κο</em></strong></span> <span class='ocrx_word' id='word_1_32' title='bbox 273 1104 309 1170; x_wconf 84' lang='grc' dir='ltr'><strong><em>ἐν</em></strong></span> <span class='ocrx_word' id='word_1_33' title='bbox 333 1109 443 1192; x_wconf 78' lang='grc' dir='ltr'><strong><em>λυγρῷ</em></strong></span> <span class='ocrx_word' id='word_1_34' title='bbox 468 1107 580 1168; x_wconf 85' lang='grc' dir='ltr'><strong><em>νείκει·</em></strong></span> <span class='ocrx_word' id='word_1_35' title='bbox 604 1101 759 1187; x_wconf 91' lang='grc' dir='ltr'><strong><em>μέγιστον</em></strong></span> <span class='ocrx_word' id='word_1_36' title='bbox 781 1100 814 1166; x_wconf 77' lang='grc' dir='ltr'><strong><em>δ’</em></strong></span> <span class='ocrx_word' id='word_1_37' title='bbox 840 1103 942 1188; x_wconf 87' lang='grc' dir='ltr'><strong><em>αἰόλῳ</em></strong></span> <span class='ocrx_word' id='word_1_38' title='bbox 965 1101 1079 1177; x_wconf 76' lang='grc' dir='ltr'><strong><em>ψεύδει</em></strong></span> <span class='ocrx_word' id='word_1_39' title='bbox 1104 1098 1201 1184; x_wconf 88' lang='grc' dir='ltr'><strong><em>γέρας</em></strong></span> <span class='ocrx_word' id='word_1_40' title='bbox 1223 1096 1405 1163; x_wconf 81' lang='grc' dir='ltr'><strong><em>ἀντέταται.</em></strong></span> 
     </span>
    </p>

    <p class='ocr_par' dir='ltr' id='par_1_5' title="bbox 271 1207 872 1296">
     <span class='ocr_line' id='line_1_8' title="bbox 271 1207 872 1296; baseline -0.005 -20"><span class='ocrx_word' id='word_1_41' title='bbox 271 1213 442 1296; x_wconf 83' lang='grc' dir='ltr'><strong><em>κρυφίαισι</em></strong></span> <span class='ocrx_word' id='word_1_42' title='bbox 468 1211 532 1292; x_wconf 87' lang='grc' dir='ltr'><strong><em>γάρ</em></strong></span> <span class='ocrx_word' id='word_1_43' title='bbox 556 1207 592 1274; x_wconf 80' lang='grc' dir='ltr'><strong><em>ἐν</em></strong></span> <span class='ocrx_word' id='word_1_44' title='bbox 614 1209 740 1292; x_wconf 78' lang='grc' dir='ltr'><strong><em>ψάφοις</em></strong></span> <span class='ocrx_word' id='word_1_45' title='bbox 761 1207 872 1273; x_wconf 81' lang='grc' dir='ltr'><strong><em>Ὀδυσ-</em></strong></span> 
     </span>
    </p>

    <p class='ocr_par' dir='ltr' id='par_1_6' title="bbox 272 1315 757 1509">
     <span class='ocr_line' id='line_1_9' title="bbox 316 1315 757 1402; baseline -0.005 -20"><span class='ocrx_word' id='word_1_46' title='bbox 316 1327 356 1401; x_wconf 81' lang='grc' dir='ltr'><strong><em>σῆ</em></strong></span> <span class='ocrx_word' id='word_1_47' title='bbox 380 1315 509 1381; x_wconf 80' lang='grc' dir='ltr'><strong><em>Δαναοὶ</em></strong></span> <span class='ocrx_word' id='word_1_48' title='bbox 533 1315 757 1402; x_wconf 78' lang='grc' dir='ltr'><strong><em>θεράπευσαν·</em></strong></span> 
     </span>
     <span class='ocr_line' id='line_1_10' title="bbox 272 1421 722 1509; baseline -0.007 -19"><span class='ocrx_word' id='word_1_49' title='bbox 272 1422 421 1509; x_wconf 81' lang='grc' dir='ltr'><strong><em>χρυσέων</em></strong></span> <span class='ocrx_word' id='word_1_50' title='bbox 444 1421 473 1488; x_wconf 77' lang='grc' dir='ltr'><strong><em>δ’</em></strong></span> <span class='ocrx_word' id='word_1_51' title='bbox 503 1429 588 1500; x_wconf 81' lang='grc' dir='ltr'><strong><em>Αίας</em></strong></span> <span class='ocrx_word' id='word_1_52' title='bbox 611 1441 722 1509; x_wconf 83' lang='grc' dir='ltr'><strong><em>στερη-</em></strong></span> 
     </span>
    </p>

    <p class='ocr_par' dir='ltr' id='par_1_7' title="bbox 314 1529 830 1618">
     <span class='ocr_line' id='line_1_11' title="bbox 314 1529 830 1618; baseline -0.004 -22"><span class='ocrx_word' id='word_1_53' title='bbox 314 1529 388 1607; x_wconf 78' lang='grc' dir='ltr'><strong><em>θεὶς</em></strong></span> <span class='ocrx_word' id='word_1_54' title='bbox 411 1530 522 1596; x_wconf 81' lang='grc' dir='ltr'><strong><em>ὅπλων</em></strong></span> <span class='ocrx_word' id='word_1_55' title='bbox 546 1533 639 1618; x_wconf 90' lang='grc' dir='ltr'><strong><em>φόνῳ</em></strong></span> <span class='ocrx_word' id='word_1_56' title='bbox 662 1529 830 1594; x_wconf 81' lang='grc' dir='ltr'><strong><em>πάλαισεν.</em></strong></span> 
     </span>
    </p>
   </div>
   <div class='ocr_carea' id='block_1_3' title="bbox 217 1721 1495 2773">
    <p class='ocr_par' dir='ltr' id='par_1_8' title="bbox 276 1721 1440 1921">
     <span class='ocr_line' id='line_1_12' title="bbox 276 1721 1440 1812; baseline -0.004 -21"><span class='ocrx_word' id='word_1_57' title='bbox 276 1724 383 1812; x_wconf 82' lang='grc' dir='ltr'><strong><em>ἦμάν</em></strong></span> <span class='ocrx_word' id='word_1_58' title='bbox 407 1726 546 1811; x_wconf 88' lang='grc' dir='ltr'><strong><em>ἀνόμοιά</em></strong></span> <span class='ocrx_word' id='word_1_59' title='bbox 569 1750 605 1808; x_wconf 89' lang='grc' dir='ltr'><strong><em>γε</em></strong></span> <span class='ocrx_word' id='word_1_60' title='bbox 630 1724 686 1812; x_wconf 76' lang='grc' dir='ltr'><strong><em>δᾴ·</em></strong></span> <span class='ocrx_word' id='word_1_61' title='bbox 1310 1721 1377 1787; x_wconf 71' lang='lat' dir='ltr'><strong><em>&#39;Em</em></strong></span> <span class='ocrx_word' id='word_1_62' title='bbox 1396 1721 1440 1806; x_wconf 80' lang='grc' dir='ltr'><strong><em>β’.</em></strong></span> 
     </span>
     <span class='ocr_line' id='line_1_13' title="bbox 316 1834 701 1921; baseline -0.01 -21"><span class='ocrx_word' id='word_1_63' title='bbox 316 1853 403 1900; x_wconf 92' lang='grc' dir='ltr'><strong><em>οισιν</em></strong></span> <span class='ocrx_word' id='word_1_64' title='bbox 427 1834 464 1900; x_wconf 80' lang='grc' dir='ltr'><strong><em>ἐν</em></strong></span> <span class='ocrx_word' id='word_1_65' title='bbox 486 1840 600 1921; x_wconf 77' lang='grc' dir='ltr'><strong><em>θερμῷ</em></strong></span> <span class='ocrx_word' id='word_1_66' title='bbox 625 1834 701 1917; x_wconf 81' lang='grc' dir='ltr'><strong><em>χροῒ</em></strong></span> 
     </span>
    </p>

    <p class='ocr_par' dir='ltr' id='par_1_9' title="bbox 272 1940 1495 2027">
     <span class='ocr_line' id='line_1_14' title="bbox 272 1940 1495 2027; baseline -0.009 -18"><span class='ocrx_word' id='word_1_67' title='bbox 272 1942 365 2009; x_wconf 82' lang='grc' dir='ltr'><strong><em>ἕλκεα</em></strong></span> <span class='ocrx_word' id='word_1_68' title='bbox 388 1940 492 2027; x_wconf 78' lang='grc' dir='ltr'><strong><em>ῥῆξαν</em></strong></span> <span class='ocrx_word' id='word_1_69' title='bbox 514 1942 758 2024; x_wconf 79' lang='grc' dir='ltr'><strong><em>πελεμιζόμενοι</em></strong></span> <span class='ocrx_word' id='word_1_70' title='bbox 1461 1953 1495 1999; x_wconf 76' lang='lat' dir='ltr'><strong><em>so</em></strong></span> 
     </span>
    </p>

    <p class='ocr_par' dir='ltr' id='par_1_10' title="bbox 217 2042 1324 2135">
     <span class='ocr_line' id='line_1_15' title="bbox 217 2042 1324 2135; baseline -0.006 -19"><span class='ocrx_word' id='word_1_71' title='bbox 217 2069 251 2116; x_wconf 85' lang='lat'><strong><em>30</em></strong></span> <span class='ocrx_word' id='word_1_72' title='bbox 270 2048 327 2115; x_wconf 84' lang='grc' dir='ltr'><strong><em>ὑπ’</em></strong></span> <span class='ocrx_word' id='word_1_73' title='bbox 353 2048 589 2135; x_wconf 72' lang='grc' dir='ltr'><strong><em>ἀλεξιμβρότῳ</em></strong></span> <span class='ocrx_word' id='word_1_74' title='bbox 614 2050 730 2134; x_wconf 80' lang='grc' dir='ltr'><strong><em>λόγχᾳ,</em></strong></span> <span class='ocrx_word' id='word_1_75' title='bbox 753 2047 793 2111; x_wconf 84' lang='grc' dir='ltr'><strong><em>τά</em></strong></span> <span class='ocrx_word' id='word_1_76' title='bbox 816 2042 876 2131; x_wconf 69' lang='grc' dir='ltr'><strong><em>μέν</em></strong></span> <span class='ocrx_word' id='word_1_77' title='bbox 899 2044 981 2131; x_wconf 85' lang='grc' dir='ltr'><strong><em>ἀμφ’</em></strong></span> <span class='ocrx_word' id='word_1_78' title='bbox 1005 2044 1125 2129; x_wconf 78' lang='grc' dir='ltr'><strong><em>Ἀχιλεῖ</em></strong></span> <span class='ocrx_word' id='word_1_79' title='bbox 1147 2046 1324 2131; x_wconf 80' lang='grc' dir='ltr'><strong><em>νεοκτόνῳ,</em></strong></span> 
     </span>
    </p>

    <p class='ocr_par' dir='ltr' id='par_1_11' title="bbox 271 2153 914 2240">
     <span class='ocr_line' id='line_1_16' title="bbox 271 2153 914 2240; baseline -0.005 -19"><span class='ocrx_word' id='word_1_80' title='bbox 271 2160 382 2222; x_wconf 84' lang='grc' dir='ltr'><strong><em>ἀλλων</em></strong></span> <span class='ocrx_word' id='word_1_81' title='bbox 404 2180 438 2220; x_wconf 89' lang='grc' dir='ltr'><strong><em>τε</em></strong></span> <span class='ocrx_word' id='word_1_82' title='bbox 461 2158 600 2240; x_wconf 88' lang='grc' dir='ltr'><strong><em>μόχθων</em></strong></span> <span class='ocrx_word' id='word_1_83' title='bbox 623 2153 659 2219; x_wconf 84' lang='grc' dir='ltr'><strong><em>έν</em></strong></span> <span class='ocrx_word' id='word_1_84' title='bbox 682 2156 914 2238; x_wconf 74' lang='grc' dir='ltr'><strong><em>πολυφθόροις</em></strong></span> 
     </span>
    </p>

    <p class='ocr_par' dir='ltr' id='par_1_12' title="bbox 270 2255 1209 2348">
     <span class='ocr_line' id='line_1_17' title="bbox 270 2255 1209 2348; baseline -0.005 -21"><span class='ocrx_word' id='word_1_85' title='bbox 270 2261 413 2347; x_wconf 82' lang='grc' dir='ltr'><strong><em>ἁμέραις.</em></strong></span> <span class='ocrx_word' id='word_1_86' title='bbox 460 2262 565 2348; x_wconf 79' lang='grc' dir='ltr'><strong><em>ἐχθρά</em></strong></span> <span class='ocrx_word' id='word_1_87' title='bbox 589 2259 618 2325; x_wconf 79' lang='grc' dir='ltr'><strong><em>δ’</em></strong></span> <span class='ocrx_word' id='word_1_88' title='bbox 646 2263 710 2344; x_wconf 82' lang='grc' dir='ltr'><strong><em>ίίρα</em></strong></span> <span class='ocrx_word' id='word_1_89' title='bbox 733 2260 901 2344; x_wconf 90' lang='grc' dir='ltr'><strong><em>πάρφασις</em></strong></span> <span class='ocrx_word' id='word_1_90' title='bbox 925 2255 966 2342; x_wconf 75' lang='grc' dir='ltr'><strong><em>ἦν</em></strong></span> <span class='ocrx_word' id='word_1_91' title='bbox 984 2257 1071 2324; x_wconf 83' lang='grc' dir='ltr'><strong><em>-καλ</em></strong></span> <span class='ocrx_word' id='word_1_92' title='bbox 1094 2260 1209 2342; x_wconf 91' lang='grc' dir='ltr'><strong><em>πάλαι,</em></strong></span> 
     </span>
    </p>

    <p class='ocr_par' dir='ltr' id='par_1_13' title="bbox 271 2368 1002 2561">
     <span class='ocr_line' id='line_1_18' title="bbox 271 2368 722 2454; baseline -0.007 -19"><span class='ocrx_word' id='word_1_93' title='bbox 271 2371 420 2454; x_wconf 81' lang='grc' dir='ltr'><strong><em>αἱμύλων</em></strong></span> <span class='ocrx_word' id='word_1_94' title='bbox 443 2371 563 2453; x_wconf 88' lang='grc' dir='ltr'><strong><em>μύθων</em></strong></span> <span class='ocrx_word' id='word_1_95' title='bbox 586 2368 722 2453; x_wconf 89' lang='grc' dir='ltr'><strong><em>ὁμόφοι-</em></strong></span> 
     </span>
     <span class='ocr_line' id='line_1_19' title="bbox 316 2475 1002 2561; baseline -0.004 -20"><span class='ocrx_word' id='word_1_96' title='bbox 316 2501 386 2554; x_wconf 85' lang='grc' dir='ltr'><strong><em>τος,</em></strong></span> <span class='ocrx_word' id='word_1_97' title='bbox 410 2476 636 2561; x_wconf 73' lang='grc' dir='ltr'><strong><em>δολοφραδής,</em></strong></span> <span class='ocrx_word' id='word_1_98' title='bbox 659 2476 839 2540; x_wconf 86' lang='grc' dir='ltr'><strong><em>κακοποιὸν</em></strong></span> <span class='ocrx_word' id='word_1_99' title='bbox 861 2475 1002 2551; x_wconf 78' lang='grc' dir='ltr'><strong><em>όνειόος·</em></strong></span> 
     </span>
    </p>

    <p class='ocr_par' dir='ltr' id='par_1_14' title="bbox 272 2579 1075 2773">
     <span class='ocr_line' id='line_1_20' title="bbox 272 2579 799 2668; baseline -0.006 -20"><span class='ocrx_word' id='word_1_100' title='bbox 272 2586 292 2649; x_wconf 85' lang='grc' dir='ltr'><strong><em>ἀ</em></strong></span> <span class='ocrx_word' id='word_1_101' title='bbox 315 2585 351 2648; x_wconf 90' lang='grc' dir='ltr'><strong><em>τὸ</em></strong></span> <span class='ocrx_word' id='word_1_102' title='bbox 375 2579 434 2668; x_wconf 70' lang='grc' dir='ltr'><strong><em>μὲν</em></strong></span> <span class='ocrx_word' id='word_1_103' title='bbox 459 2584 609 2668; x_wconf 88' lang='grc' dir='ltr'><strong><em>λαμπρὸν</em></strong></span> <span class='ocrx_word' id='word_1_104' title='bbox 631 2584 756 2665; x_wconf 83' lang='grc' dir='ltr'><strong><em>βιᾶται,</em></strong></span> <span class='ocrx_word' id='word_1_105' title='bbox 794 2628 799 2636; x_wconf 94' lang='grc'>-</span> 
     </span>
     <span class='ocr_line' id='line_1_21' title="bbox 315 2687 1075 2773; baseline -0.004 -18"><span class='ocrx_word' id='word_1_106' title='bbox 315 2701 383 2755; x_wconf 85' lang='grc' dir='ltr'><strong><em>τῶν</em></strong></span> <span class='ocrx_word' id='word_1_107' title='bbox 406 2689 442 2754; x_wconf 76' lang='grc' dir='ltr'><strong><em>θ’</em></strong></span> <span class='ocrx_word' id='word_1_108' title='bbox 467 2689 625 2773; x_wconf 83' lang='grc' dir='ltr'><strong><em>ἀφάντων</em></strong></span> <span class='ocrx_word' id='word_1_109' title='bbox 648 2688 749 2765; x_wconf 77' lang='grc' dir='ltr'><strong><em>κῦδος</em></strong></span> <span class='ocrx_word' id='word_1_110' title='bbox 773 2687 913 2753; x_wconf 83' lang='grc' dir='ltr'><strong><em>ἀντείνει</em></strong></span> <span class='ocrx_word' id='word_1_111' title='bbox 937 2691 1075 2773; x_wconf 90' lang='grc' dir='ltr'><strong><em>σαθρόν.</em></strong></span> 
     </span>
    </p>
   </div>
   <div class='ocr_carea' id='block_1_4' title="bbox 217 2897 1495 3328">
    <p class='ocr_par' dir='ltr' id='par_1_15' title="bbox 217 2897 1495 3328">
     <span class='ocr_line' id='line_1_22' title="bbox 289 2897 1495 2971; baseline -0.002 -16"><span class='ocrx_word' id='word_1_112' title='bbox 289 2906 330 2956; x_wconf 76' lang='lat'><strong><em>23.</em></strong></span> <span class='ocrx_word' id='word_1_113' title='bbox 356 2899 553 2971; x_wconf 82' lang='grc' dir='ltr'><strong><em>ἀμφικυλίσαις</em></strong></span> <span class='ocrx_word' id='word_1_114' title='bbox 576 2900 703 2955; x_wconf 82' lang='lat' dir='ltr'><strong>Boeokh:</strong></span> <span class='ocrx_word' id='word_1_115' title='bbox 727 2898 942 2970; x_wconf 82' lang='grc' dir='ltr'><strong><em>ἀμφικυλίσσαις</em></strong></span> <span class='ocrx_word' id='word_1_116' title='bbox 965 2900 1031 2954; x_wconf 89' lang='lat' dir='ltr'><strong><em>BD</em></strong></span> <span class='ocrx_word' id='word_1_117' title='bbox 1049 2931 1083 2940; x_wconf 91' lang='lat'><em>-</em></span> <span class='ocrx_word' id='word_1_118' title='bbox 1102 2905 1144 2953; x_wconf 79' lang='lat'><strong><em>24.</em></strong></span> <span class='ocrx_word' id='word_1_119' title='bbox 1169 2897 1264 2953; x_wconf 82' lang='grc' dir='ltr'><strong><em>λάθαν</em></strong></span> <span class='ocrx_word' id='word_1_120' title='bbox 1283 2899 1312 2953; x_wconf 92' lang='lat' dir='ltr'><em>D</em></span> <span class='ocrx_word' id='word_1_121' title='bbox 1331 2929 1365 2938; x_wconf 89' lang='lat'><em>-</em></span> <span class='ocrx_word' id='word_1_122' title='bbox 1384 2897 1495 2969; x_wconf 76' lang='grc' dir='ltr'><strong><em>κατέχει</em></strong></span> 
     </span>
     <span class='ocr_line' id='line_1_23' title="bbox 218 2968 1495 3043; baseline -0.002 -16"><span class='ocrx_word' id='word_1_123' title='bbox 218 2973 248 3028; x_wconf 78' lang='grc' dir='ltr'><strong><em>έν</em></strong></span> <span class='ocrx_word' id='word_1_124' title='bbox 268 2977 342 3043; x_wconf 89' lang='grc' dir='ltr'><strong><em>λυγρ.</em></strong></span> <span class='ocrx_word' id='word_1_125' title='bbox 358 2971 428 3027; x_wconf 84' lang='lat' dir='ltr'><strong>coni.</strong></span> <span class='ocrx_word' id='word_1_126' title='bbox 444 2972 598 3027; x_wconf 81' lang='lat' dir='ltr'><strong>Hermann:</strong></span> <span class='ocrx_word' id='word_1_127' title='bbox 619 2970 728 3042; x_wconf 80' lang='grc' dir='ltr'><strong><em>κατέχει</em></strong></span> <span class='ocrx_word' id='word_1_128' title='bbox 743 2993 760 3026; x_wconf 91' lang='grc' dir='ltr'><strong><em>ν</em></strong></span> <span class='ocrx_word' id='word_1_129' title='bbox 774 2976 848 3041; x_wconf 89' lang='grc' dir='ltr'><strong><em>λυγρ.</em></strong></span> <span class='ocrx_word' id='word_1_130' title='bbox 864 2973 902 3040; x_wconf 80' lang='lat' dir='ltr'><strong><em>D,</em></strong></span> <span class='ocrx_word' id='word_1_131' title='bbox 918 2969 1028 3042; x_wconf 81' lang='grc' dir='ltr'><strong><em>κατέχει</em></strong></span> <span class='ocrx_word' id='word_1_132' title='bbox 1046 2989 1074 3025; x_wconf 81' lang='grc' dir='ltr'><strong><em>τε</em></strong></span> <span class='ocrx_word' id='word_1_133' title='bbox 1094 2974 1168 3040; x_wconf 85' lang='grc' dir='ltr'><strong><em>λυγρ.</em></strong></span> <span class='ocrx_word' id='word_1_134' title='bbox 1184 2972 1220 3039; x_wconf 89' lang='grc' dir='ltr'><strong><em>Β,</em></strong></span> <span class='ocrx_word' id='word_1_135' title='bbox 1235 2968 1352 3040; x_wconf 84' lang='grc' dir='ltr'><strong><em>κάτεχεν</em></strong></span> <span class='ocrx_word' id='word_1_136' title='bbox 1371 2969 1402 3024; x_wconf 82' lang='grc' dir='ltr'><strong><em>ἐν</em></strong></span> <span class='ocrx_word' id='word_1_137' title='bbox 1418 2974 1495 3040; x_wconf 87' lang='grc' dir='ltr'><strong><em>λυγρ.</em></strong></span> 
     </span>
     <span class='ocr_line' id='line_1_24' title="bbox 218 3040 1495 3126; baseline -0.001 -28"><span class='ocrx_word' id='word_1_138' title='bbox 218 3044 310 3126; x_wconf 78' lang='lat' dir='ltr'><strong>Bergk</strong></span> <span class='ocrx_word' id='word_1_139' title='bbox 335 3077 365 3084; x_wconf 85' lang='lat'><em>-</em></span> <span class='ocrx_word' id='word_1_140' title='bbox 391 3050 434 3098; x_wconf 72' lang='grc'><strong><em>26.</em></strong></span> <span class='ocrx_word' id='word_1_141' title='bbox 459 3042 625 3098; x_wconf 81' lang='grc' dir='ltr'><strong><em>ἀντέτακται</em></strong></span> <span class='ocrx_word' id='word_1_142' title='bbox 649 3044 679 3098; x_wconf 91' lang='lat' dir='ltr'><em>D</em></span> <span class='ocrx_word' id='word_1_143' title='bbox 698 3076 730 3083; x_wconf 95' lang='lat'>-</span> <span class='ocrx_word' id='word_1_144' title='bbox 751 3050 793 3097; x_wconf 75' lang='lat'><strong><em>⁶26.</em></strong></span> <span class='ocrx_word' id='word_1_145' title='bbox 819 3042 928 3109; x_wconf 76' lang='grc' dir='ltr'><strong><em>μάθοις</em></strong></span> <span class='ocrx_word' id='word_1_146' title='bbox 950 3044 980 3098; x_wconf 88' lang='grc'><strong><em>1)</em></strong></span> <span class='ocrx_word' id='word_1_147' title='bbox 997 3075 1032 3083; x_wconf 89' lang='grc'>-</span> <span class='ocrx_word' id='word_1_148' title='bbox 1050 3048 1093 3096; x_wconf 74' lang='lat'><strong><em>27.</em></strong></span> <span class='ocrx_word' id='word_1_149' title='bbox 1118 3040 1207 3096; x_wconf 82' lang='grc' dir='ltr'><strong><em>ἀπλακ</em></strong></span> <span class='ocrx_word' id='word_1_150' title='bbox 1231 3041 1260 3095; x_wconf 87' lang='lat' dir='ltr'><strong><em>D</em></strong></span> <span class='ocrx_word' id='word_1_151' title='bbox 1278 3073 1312 3082; x_wconf 85' lang='lat'><strong>—</strong></span> <span class='ocrx_word' id='word_1_152' title='bbox 1332 3045 1374 3095; x_wconf 81' lang='lat'><strong><em>29.</em></strong></span> <span class='ocrx_word' id='word_1_153' title='bbox 1400 3045 1495 3111; x_wconf 84' lang='grc' dir='ltr'><strong><em>πελεμ.</em></strong></span> 
     </span>
     <span class='ocr_line' id='line_1_25' title="bbox 217 3112 1492 3185; baseline -0.003 -14"><span class='ocrx_word' id='word_1_154' title='bbox 217 3134 288 3171; x_wconf 81' lang='lat' dir='ltr'><strong>eom.</strong></span> <span class='ocrx_word' id='word_1_155' title='bbox 305 3114 461 3170; x_wconf 87' lang='lat' dir='ltr'><strong>Wakefield</strong></span> <span class='ocrx_word' id='word_1_156' title='bbox 476 3113 632 3169; x_wconf 78' lang='lat' dir='ltr'><strong>Aristarchi</strong></span> <span class='ocrx_word' id='word_1_157' title='bbox 651 3113 911 3185; x_wconf 76' lang='lat' dir='ltr'>interpretationem</span> <span class='ocrx_word' id='word_1_158' title='bbox 931 3115 1092 3183; x_wconf 77' lang='grc' dir='ltr'><strong><em>κινούμενοι</em></strong></span> <span class='ocrx_word' id='word_1_159' title='bbox 1115 3115 1238 3168; x_wconf 84' lang='lat' dir='ltr'><strong>secutus:</strong></span> <span class='ocrx_word' id='word_1_160' title='bbox 1262 3117 1330 3167; x_wconf 86' lang='grc' dir='ltr'><strong><em>πολε</em></strong></span> <span class='ocrx_word' id='word_1_161' title='bbox 1352 3155 1357 3166; x_wconf 95' lang='grc'><strong><em>.</em></strong></span> <span class='ocrx_word' id='word_1_162' title='bbox 1378 3112 1442 3168; x_wconf 90' lang='lat' dir='ltr'><strong><em>BD</em></strong></span> <span class='ocrx_word' id='word_1_163' title='bbox 1462 3145 1492 3153; x_wconf 92' lang='lat'><em>—</em></span> 
     </span>
     <span class='ocr_line' id='line_1_26' title="bbox 219 3132 1495 3260; baseline -0.001 -19"><span class='ocrx_word' id='word_1_164' title='bbox 219 3195 260 3243; x_wconf 85' lang='lat'><strong><em>30.</em></strong></span> <span class='ocrx_word' id='word_1_165' title='bbox 280 3189 400 3260; x_wconf 79' lang='grc' dir='ltr'><strong><em>ἀλεξιβρ.</em></strong></span> <span class='ocrx_word' id='word_1_166' title='bbox 420 3187 450 3240; x_wconf 91' lang='lat' dir='ltr'><strong><em>D</em></strong></span> <span class='ocrx_word' id='word_1_167' title='bbox 468 3218 501 3226; x_wconf 97' lang='lat'><em>-</em></span> <span class='ocrx_word' id='word_1_168' title='bbox 522 3190 563 3241; x_wconf 84' lang='lat'><strong><em>31.</em></strong></span> <span class='ocrx_word' id='word_1_169' title='bbox 585 3185 615 3240; x_wconf 81' lang='grc' dir='ltr'><strong><em>ἐν</em></strong></span> <span class='ocrx_word' id='word_1_170' title='bbox 634 3185 828 3254; x_wconf 83' lang='grc' dir='ltr'><strong><em>πολυφθόροις</em></strong></span> <span class='ocrx_word' id='word_1_171' title='bbox 846 3185 917 3241; x_wconf 82' lang='lat' dir='ltr'><strong>coni.</strong></span> <span class='ocrx_word' id='word_1_172' title='bbox 936 3186 1061 3240; x_wconf 82' lang='lat' dir='ltr'><strong>Boeokh:</strong></span> <span class='ocrx_word' id='word_1_173' title='bbox 1081 3182 1307 3254; x_wconf 83' lang='grc' dir='ltr'><strong><em>πολυφθόροισιν</em></strong></span> <span class='ocrx_word' id='word_1_174' title='bbox 1326 3132 1358 3239; x_wconf 60' lang='grc' dir='ltr'><strong><em>ἀν</em></strong></span> <span class='ocrx_word' id='word_1_175' title='bbox 1376 3184 1444 3240; x_wconf 86' lang='lat' dir='ltr'><strong><em>BD</em></strong></span> <span class='ocrx_word' id='word_1_176' title='bbox 1462 3217 1495 3226; x_wconf 90' lang='lat'>-</span> 
     </span>
     <span class='ocr_line' id='line_1_27' title="bbox 219 3254 1063 3328; baseline -0.002 -15"><span class='ocrx_word' id='word_1_177' title='bbox 219 3266 260 3314; x_wconf 79' lang='lat'><strong><em>3³.</em></strong></span> <span class='ocrx_word' id='word_1_178' title='bbox 280 3258 405 3328; x_wconf 80' lang='grc' dir='ltr'><strong><em>αἱμύλων</em></strong></span> <span class='ocrx_word' id='word_1_179' title='bbox 423 3256 520 3312; x_wconf 76' lang='lat' dir='ltr'><strong>Trici:</strong></span> <span class='ocrx_word' id='word_1_180' title='bbox 541 3254 675 3327; x_wconf 72' lang='grc' dir='ltr'><strong><em>αἱμυλίαν</em></strong></span> <span class='ocrx_word' id='word_1_181' title='bbox 693 3257 755 3311; x_wconf 91' lang='lat' dir='ltr'><strong><em>BD</em></strong></span> <span class='ocrx_word' id='word_1_182' title='bbox 775 3290 802 3297; x_wconf 97' lang='lat'><strong>—</strong></span> <span class='ocrx_word' id='word_1_183' title='bbox 826 3256 966 3328; x_wconf 86' lang='grc' dir='ltr'><strong><em>όμόφυτος</em></strong></span> <span class='ocrx_word' id='word_1_184' title='bbox 985 3259 1011 3311; x_wconf 86' lang='grc' dir='ltr'><em>Β</em></span> <span class='ocrx_word' id='word_1_185' title='bbox 1029 3289 1063 3297; x_wconf 96' lang='grc'><strong>-</strong></span> 
     </span>
    </p>
   </div>
   <div class='ocr_carea' id='block_1_5' title="bbox 217 3434 1498 4933">
    <p class='ocr_par' dir='ltr' id='par_1_16' title="bbox 217 3434 1498 4933">
     <span class='ocr_line' id='line_1_28' title="bbox 218 3434 1496 3506; baseline -0.001 -15"><span class='ocrx_word' id='word_1_186' title='bbox 218 3436 324 3491; x_wconf 84' lang='lat' dir='ltr'><strong>eisdem</strong></span> <span class='ocrx_word' id='word_1_187' title='bbox 344 3435 437 3489; x_wconf 74' lang='lat' dir='ltr'><strong>verbis</strong></span> <span class='ocrx_word' id='word_1_188' title='bbox 459 3435 548 3489; x_wconf 91' lang='lat' dir='ltr'><strong>utitur</strong></span> <span class='ocrx_word' id='word_1_189' title='bbox 566 3435 705 3506; x_wconf 82' lang='lat' dir='ltr'><strong>Aristoph.</strong></span> <span class='ocrx_word' id='word_1_190' title='bbox 722 3434 786 3488; x_wconf 89' lang='lat' dir='ltr'><strong>nub.</strong></span> <span class='ocrx_word' id='word_1_191' title='bbox 803 3451 854 3504; x_wconf 57' lang='grc' dir='ltr'><strong><em>ειη</em></strong></span> <span class='ocrx_word' id='word_1_192' title='bbox 881 3436 915 3490; x_wconf 84' lang='lat' dir='ltr'><strong><em>cf.</em></strong></span> <span class='ocrx_word' id='word_1_193' title='bbox 935 3443 1026 3506; x_wconf 70' lang='grc' dir='ltr'><strong><em>χρῆμα</em></strong></span> <span class='ocrx_word' id='word_1_194' title='bbox 1046 3444 1105 3489; x_wconf 83' lang='grc' dir='ltr'><strong><em>πᾶν</em></strong></span> <span class='ocrx_word' id='word_1_195' title='bbox 1125 3436 1145 3490; x_wconf 94' lang='grc' dir='ltr'><strong><em>Ι.</em></strong></span> <span class='ocrx_word' id='word_1_196' title='bbox 1160 3454 1209 3488; x_wconf 85' lang='lat' dir='ltr'><strong>vm</strong></span> <span class='ocrx_word' id='word_1_197' title='bbox 1229 3451 1262 3504; x_wconf 82' lang='grc' dir='ltr'><strong><em>ιε,</em></strong></span> <span class='ocrx_word' id='word_1_198' title='bbox 1283 3443 1361 3489; x_wconf 85' lang='grc' dir='ltr'><strong><em>πᾶσα</em></strong></span> <span class='ocrx_word' id='word_1_199' title='bbox 1382 3435 1496 3506; x_wconf 80' lang='grc' dir='ltr'><strong><em>ἀνάγκη</em></strong></span> 
     </span>
     <span class='ocr_line' id='line_1_29' title="bbox 218 3505 1496 3589; baseline 0 -28"><span class='ocrx_word' id='word_1_200' title='bbox 218 3508 290 3561; x_wconf 87' lang='lat' dir='ltr'><strong>Plat.</strong></span> <span class='ocrx_word' id='word_1_201' title='bbox 310 3507 381 3562; x_wconf 87' lang='lat' dir='ltr'><strong>Tim.</strong></span> <span class='ocrx_word' id='word_1_202' title='bbox 400 3522 463 3574; x_wconf 81' lang='grc' dir='ltr'><strong><em>τοι,</em></strong></span> <span class='ocrx_word' id='word_1_203' title='bbox 482 3508 568 3576; x_wconf 81' lang='grc' dir='ltr'><strong><em>πολλὴ</em></strong></span> <span class='ocrx_word' id='word_1_204' title='bbox 588 3506 697 3577; x_wconf 80' lang='grc' dir='ltr'><strong><em>ἀνάγκη</em></strong></span> <span class='ocrx_word' id='word_1_205' title='bbox 718 3506 794 3560; x_wconf 89' lang='lat' dir='ltr'><strong>Dem.</strong></span> <span class='ocrx_word' id='word_1_206' title='bbox 814 3505 843 3559; x_wconf 91' lang='lat' dir='ltr'><strong><em>in</em></strong></span> <span class='ocrx_word' id='word_1_207' title='bbox 862 3507 940 3576; x_wconf 89' lang='lat' dir='ltr'><strong>Lept.</strong></span> <span class='ocrx_word' id='word_1_208' title='bbox 961 3524 986 3561; x_wconf 79' lang='grc' dir='ltr'><strong><em>ιι</em></strong></span> <span class='ocrx_word' id='word_1_209' title='bbox 1003 3539 1039 3547; x_wconf 89' lang='grc'>-</span> <span class='ocrx_word' id='word_1_210' title='bbox 1057 3512 1099 3561; x_wconf 76' lang='lat'><strong><em>22.</em></strong></span> <span class='ocrx_word' id='word_1_211' title='bbox 1119 3510 1205 3589; x_wconf 85' lang='lat' dir='ltr'><strong>poeta</strong></span> <span class='ocrx_word' id='word_1_212' title='bbox 1223 3522 1256 3561; x_wconf 93' lang='lat' dir='ltr'><strong><em>eo</em></strong></span> <span class='ocrx_word' id='word_1_213' title='bbox 1275 3522 1304 3560; x_wconf 88' lang='lat' dir='ltr'><strong><em>se</em></strong></span> <span class='ocrx_word' id='word_1_214' title='bbox 1323 3506 1496 3577; x_wconf 72' lang='lat' dir='ltr'><strong>consolatur,</strong></span> 
     </span>
     <span class='ocr_line' id='line_1_30' title="bbox 218 3576 1495 3660; baseline -0.001 -27"><span class='ocrx_word' id='word_1_215' title='bbox 218 3579 292 3648; x_wconf 84' lang='lat' dir='ltr'><strong>quod</strong></span> <span class='ocrx_word' id='word_1_216' title='bbox 318 3577 455 3647; x_wconf 89' lang='lat' dir='ltr'><strong>optimum</strong></span> <span class='ocrx_word' id='word_1_217' title='bbox 481 3580 610 3647; x_wconf 90' lang='lat' dir='ltr'><strong>quodque</strong></span> <span class='ocrx_word' id='word_1_218' title='bbox 629 3577 750 3632; x_wconf 82' lang='lat' dir='ltr'><strong>maxime</strong></span> <span class='ocrx_word' id='word_1_219' title='bbox 769 3576 877 3631; x_wconf 80' lang='lat' dir='ltr'><strong>invidia</strong></span> <span class='ocrx_word' id='word_1_220' title='bbox 895 3578 1002 3660; x_wconf 89' lang='lat' dir='ltr'><strong>petitur</strong></span> <span class='ocrx_word' id='word_1_221' title='bbox 1021 3580 1050 3631; x_wconf 91' lang='lat' dir='ltr'><strong><em>et</em></strong></span> <span class='ocrx_word' id='word_1_222' title='bbox 1068 3577 1296 3632; x_wconf 78' lang='lat' dir='ltr'><strong>cavillationibus</strong></span> <span class='ocrx_word' id='word_1_223' title='bbox 1316 3578 1444 3648; x_wconf 77' lang='lat' dir='ltr'>carpitur</span> <span class='ocrx_word' id='word_1_224' title='bbox 1462 3610 1495 3620; x_wconf 97' lang='lat'>-</span> 
     </span>
     <span class='ocr_line' id='line_1_31' title="bbox 217 3647 1496 3720; baseline 0 -16"><span class='ocrx_word' id='word_1_225' title='bbox 217 3655 253 3704; x_wconf 70' lang='grc' dir='ltr'><strong><em>ἰθ</em></strong></span> <span class='ocrx_word' id='word_1_226' title='bbox 268 3668 303 3702; x_wconf 83' lang='lat' dir='ltr'><strong><em>ss.</em></strong></span> <span class='ocrx_word' id='word_1_227' title='bbox 328 3648 426 3703; x_wconf 79' lang='lat' dir='ltr'><strong>fabulo</strong></span> <span class='ocrx_word' id='word_1_228' title='bbox 449 3649 484 3703; x_wconf 87' lang='lat' dir='ltr'><strong><em>de</em></strong></span> <span class='ocrx_word' id='word_1_229' title='bbox 503 3648 601 3718; x_wconf 81' lang='lat' dir='ltr'>Aiace,</span> <span class='ocrx_word' id='word_1_230' title='bbox 625 3649 701 3718; x_wconf 89' lang='lat' dir='ltr'><strong>quod</strong></span> <span class='ocrx_word' id='word_1_231' title='bbox 719 3647 820 3702; x_wconf 82' lang='lat' dir='ltr'><strong>Achivi</strong></span> <span class='ocrx_word' id='word_1_232' title='bbox 843 3648 950 3704; x_wconf 78' lang='lat' dir='ltr'><strong>iudices</strong></span> <span class='ocrx_word' id='word_1_233' title='bbox 974 3649 1095 3703; x_wconf 85' lang='lat' dir='ltr'><strong>astutiae</strong></span> <span class='ocrx_word' id='word_1_234' title='bbox 1115 3649 1205 3704; x_wconf 89' lang='lat' dir='ltr'><strong>Ulixis</strong></span> <span class='ocrx_word' id='word_1_235' title='bbox 1228 3648 1292 3720; x_wconf 91' lang='lat' dir='ltr'><strong>plus</strong></span> <span class='ocrx_word' id='word_1_236' title='bbox 1315 3665 1402 3717; x_wconf 82' lang='lat' dir='ltr'><strong>quam</strong></span> <span class='ocrx_word' id='word_1_237' title='bbox 1427 3665 1496 3704; x_wconf 79' lang='lat' dir='ltr'><strong>suae</strong></span> 
     </span>
     <span class='ocr_line' id='line_1_32' title="bbox 218 3719 1496 3791; baseline 0 -16"><span class='ocrx_word' id='word_1_238' title='bbox 218 3720 377 3776; x_wconf 80' lang='lat' dir='ltr'><strong>fortitudini</strong></span> <span class='ocrx_word' id='word_1_239' title='bbox 397 3720 575 3789; x_wconf 78' lang='lat' dir='ltr'><strong>tribuissent,</strong></span> <span class='ocrx_word' id='word_1_240' title='bbox 598 3724 715 3775; x_wconf 80' lang='lat' dir='ltr'><strong>mortem</strong></span> <span class='ocrx_word' id='word_1_241' title='bbox 739 3719 794 3773; x_wconf 86' lang='lat' dir='ltr'><strong>sibi</strong></span> <span class='ocrx_word' id='word_1_242' title='bbox 818 3720 1007 3775; x_wconf 83' lang='lat' dir='ltr'><strong>consciscente</strong></span> <span class='ocrx_word' id='word_1_243' title='bbox 1030 3720 1088 3775; x_wconf 88' lang='lat' dir='ltr'><strong><em>iam</em></strong></span> <span class='ocrx_word' id='word_1_244' title='bbox 1106 3720 1243 3791; x_wconf 78' lang='lat' dir='ltr'><strong>inparve</strong></span> <span class='ocrx_word' id='word_1_245' title='bbox 1265 3719 1354 3775; x_wconf 84' lang='lat' dir='ltr'><strong>Iliade</strong></span> <span class='ocrx_word' id='word_1_246' title='bbox 1378 3724 1496 3775; x_wconf 81' lang='lat' dir='ltr'><strong>narrata</strong></span> 
     </span>
     <span class='ocr_line' id='line_1_33' title="bbox 219 3789 1497 3864; baseline 0 -17"><span class='ocrx_word' id='word_1_247' title='bbox 219 3797 292 3858; x_wconf 86' lang='lat' dir='ltr'><strong>erat;</strong></span> <span class='ocrx_word' id='word_1_248' title='bbox 317 3791 410 3847; x_wconf 84' lang='lat' dir='ltr'><strong>nescio</strong></span> <span class='ocrx_word' id='word_1_249' title='bbox 434 3795 530 3847; x_wconf 84' lang='lat' dir='ltr'><strong>tamen</strong></span> <span class='ocrx_word' id='word_1_250' title='bbox 554 3809 590 3845; x_wconf 92' lang='lat' dir='ltr'><strong>an</strong></span> <span class='ocrx_word' id='word_1_251' title='bbox 614 3789 759 3861; x_wconf 87' lang='lat' dir='ltr'>Sophoclis</span> <span class='ocrx_word' id='word_1_252' title='bbox 778 3791 927 3862; x_wconf 77' lang='lat' dir='ltr'><strong>tragoedia</strong></span> <span class='ocrx_word' id='word_1_253' title='bbox 945 3792 1052 3859; x_wconf 80' lang='lat' dir='ltr'><strong>Aiacis,</strong></span> <span class='ocrx_word' id='word_1_254' title='bbox 1072 3809 1156 3861; x_wconf 87' lang='lat' dir='ltr'><strong>quam</strong></span> <span class='ocrx_word' id='word_1_255' title='bbox 1176 3792 1250 3847; x_wconf 83' lang='lat' dir='ltr'><strong>eirea</strong></span> <span class='ocrx_word' id='word_1_256' title='bbox 1274 3792 1343 3846; x_wconf 87' lang='lat' dir='ltr'><strong>haec</strong></span> <span class='ocrx_word' id='word_1_257' title='bbox 1367 3794 1497 3864; x_wconf 73' lang='lat' dir='ltr'><strong>tempora</strong></span> 
     </span>
     <span class='ocr_line' id='line_1_34' title="bbox 220 3863 1495 3935; baseline 0.002 -18"><span class='ocrx_word' id='word_1_258' title='bbox 220 3863 337 3918; x_wconf 75' lang='lat' dir='ltr'><strong><em>Athenis</em></strong></span> <span class='ocrx_word' id='word_1_259' title='bbox 356 3863 385 3916; x_wconf 91' lang='lat' dir='ltr'><strong><em>in</em></strong></span> <span class='ocrx_word' id='word_1_260' title='bbox 405 3880 517 3918; x_wconf 84' lang='lat' dir='ltr'><strong>scenam</strong></span> <span class='ocrx_word' id='word_1_261' title='bbox 536 3863 702 3933; x_wconf 81' lang='lat' dir='ltr'><strong>productam</strong></span> <span class='ocrx_word' id='word_1_262' title='bbox 720 3878 780 3916; x_wconf 88' lang='lat' dir='ltr'><strong>esse</strong></span> <span class='ocrx_word' id='word_1_263' title='bbox 798 3867 917 3930; x_wconf 84' lang='lat' dir='ltr'><strong>constat,</strong></span> <span class='ocrx_word' id='word_1_264' title='bbox 936 3863 1058 3918; x_wconf 80' lang='lat' dir='ltr'><strong>Pindaro</strong></span> <span class='ocrx_word' id='word_1_265' title='bbox 1074 3880 1171 3917; x_wconf 85' lang='lat' dir='ltr'><strong>ansam</strong></span> <span class='ocrx_word' id='word_1_266' title='bbox 1186 3863 1319 3917; x_wconf 86' lang='lat' dir='ltr'><strong>narrandi</strong></span> <span class='ocrx_word' id='word_1_267' title='bbox 1334 3879 1399 3918; x_wconf 86' lang='lat' dir='ltr'><strong>eam</strong></span> <span class='ocrx_word' id='word_1_268' title='bbox 1414 3880 1495 3935; x_wconf 82' lang='lat' dir='ltr'><strong>pree·</strong></span> 
     </span>
     <span class='ocr_line' id='line_1_35' title="bbox 220 3933 1497 4004; baseline 0.002 -17"><span class='ocrx_word' id='word_1_269' title='bbox 220 3935 320 3990; x_wconf 84' lang='lat' dir='ltr'><strong>buerit.</strong></span> <span class='ocrx_word' id='word_1_270' title='bbox 350 3935 478 4004; x_wconf 86' lang='lat' dir='ltr'><strong>Namque</strong></span> <span class='ocrx_word' id='word_1_271' title='bbox 499 3952 554 3989; x_wconf 90' lang='lat' dir='ltr'><strong><em>non</em></strong></span> <span class='ocrx_word' id='word_1_272' title='bbox 579 3934 668 3988; x_wconf 82' lang='lat' dir='ltr'><strong>solum</strong></span> <span class='ocrx_word' id='word_1_273' title='bbox 684 3933 798 3989; x_wconf 75' lang='lat' dir='ltr'><strong>Aiacem</strong></span> <span class='ocrx_word' id='word_1_274' title='bbox 817 3934 846 3988; x_wconf 91' lang='lat' dir='ltr'><strong><em>in</em></strong></span> <span class='ocrx_word' id='word_1_275' title='bbox 865 3934 992 4004; x_wconf 83' lang='lat' dir='ltr'><strong>gladium</strong></span> <span class='ocrx_word' id='word_1_276' title='bbox 1011 3934 1228 4003; x_wconf 85' lang='lat' dir='ltr'><strong>incumbentem,</strong></span> <span class='ocrx_word' id='word_1_277' title='bbox 1247 3934 1296 3989; x_wconf 87' lang='lat' dir='ltr'><strong><em>sed</em></strong></span> <span class='ocrx_word' id='word_1_278' title='bbox 1316 3935 1403 3990; x_wconf 83' lang='lat' dir='ltr'><strong>etiam</strong></span> <span class='ocrx_word' id='word_1_279' title='bbox 1423 3934 1497 3990; x_wconf 90' lang='lat' dir='ltr'><strong>iudi-</strong></span> 
     </span>
     <span class='ocr_line' id='line_1_36' title="bbox 219 4004 1496 4077; baseline 0.002 -18"><span class='ocrx_word' id='word_1_280' title='bbox 219 4024 282 4060; x_wconf 84' lang='lat' dir='ltr'><strong>cum</strong></span> <span class='ocrx_word' id='word_1_281' title='bbox 297 4004 432 4077; x_wconf 79' lang='lat' dir='ltr'><strong>suffragia</strong></span> <span class='ocrx_word' id='word_1_282' title='bbox 446 4023 495 4077; x_wconf 90' lang='lat' dir='ltr'><strong><em>per</em></strong></span> <span class='ocrx_word' id='word_1_283' title='bbox 508 4006 636 4060; x_wconf 82' lang='lat' dir='ltr'><strong>fraudem</strong></span> <span class='ocrx_word' id='word_1_284' title='bbox 651 4010 781 4075; x_wconf 78' lang='lat' dir='ltr'><strong>corrupte</strong></span> <span class='ocrx_word' id='word_1_285' title='bbox 795 4005 932 4060; x_wconf 79' lang='lat' dir='ltr'><strong>Pindarus</strong></span> <span class='ocrx_word' id='word_1_286' title='bbox 948 4005 1078 4060; x_wconf 85' lang='lat' dir='ltr'><strong>similiter</strong></span> <span class='ocrx_word' id='word_1_287' title='bbox 1092 4010 1176 4076; x_wconf 87' lang='lat' dir='ltr'><strong>atque</strong></span> <span class='ocrx_word' id='word_1_288' title='bbox 1191 4005 1343 4076; x_wconf 78' lang='lat' dir='ltr'><strong>Sophocles</strong></span> <span class='ocrx_word' id='word_1_289' title='bbox 1353 4005 1397 4061; x_wconf 79' lang='grc' dir='ltr'><strong><em>Αἱ.</em></strong></span> <span class='ocrx_word' id='word_1_290' title='bbox 1408 4023 1450 4062; x_wconf 80' lang='lat' dir='ltr'><strong>em</strong></span> <span class='ocrx_word' id='word_1_291' title='bbox 1460 4024 1496 4062; x_wconf 79' lang='lat' dir='ltr'><strong><em>se.</em></strong></span> 
     </span>
     <span class='ocr_line' id='line_1_37' title="bbox 219 4075 1496 4148; baseline 0.002 -16"><span class='ocrx_word' id='word_1_292' title='bbox 219 4081 248 4132; x_wconf 90' lang='lat' dir='ltr'><strong><em>et</em></strong></span> <span class='ocrx_word' id='word_1_293' title='bbox 266 4094 319 4134; x_wconf 78' lang='grc' dir='ltr'><strong><em>ιιιε</em></strong></span> <span class='ocrx_word' id='word_1_294' title='bbox 334 4095 369 4130; x_wconf 88' lang='lat' dir='ltr'><strong><em>ss.</em></strong></span> <span class='ocrx_word' id='word_1_295' title='bbox 394 4077 523 4148; x_wconf 84' lang='lat' dir='ltr'><strong>exposuit</strong></span> <span class='ocrx_word' id='word_1_296' title='bbox 542 4109 574 4117; x_wconf 91' lang='lat'><em>-</em></span> <span class='ocrx_word' id='word_1_297' title='bbox 595 4083 628 4131; x_wconf 79' lang='lat'><strong><em>24</em></strong></span> <span class='ocrx_word' id='word_1_298' title='bbox 644 4094 664 4130; x_wconf 86' lang='lat' dir='ltr'><strong><em>s.</em></strong></span> <span class='ocrx_word' id='word_1_299' title='bbox 689 4075 779 4130; x_wconf 80' lang='lat' dir='ltr'><strong>locum</strong></span> <span class='ocrx_word' id='word_1_300' title='bbox 800 4093 974 4132; x_wconf 78' lang='lat' dir='ltr'><strong>communem</strong></span> <span class='ocrx_word' id='word_1_301' title='bbox 993 4094 1054 4133; x_wconf 84' lang='lat' dir='ltr'><strong>esse</strong></span> <span class='ocrx_word' id='word_1_302' title='bbox 1072 4077 1266 4132; x_wconf 86' lang='lat' dir='ltr'><strong>demonstrant</strong></span> <span class='ocrx_word' id='word_1_303' title='bbox 1288 4076 1394 4132; x_wconf 85' lang='lat' dir='ltr'><strong>formae</strong></span> <span class='ocrx_word' id='word_1_304' title='bbox 1414 4094 1496 4148; x_wconf 78' lang='lat' dir='ltr'><strong>prae·</strong></span> 
     </span>
     <span class='ocr_line' id='line_1_38' title="bbox 219 4147 1497 4220; baseline 0.003 -19"><span class='ocrx_word' id='word_1_305' title='bbox 219 4148 306 4204; x_wconf 86' lang='lat' dir='ltr'><strong>sentis</strong></span> <span class='ocrx_word' id='word_1_306' title='bbox 330 4148 463 4217; x_wconf 90' lang='lat' dir='ltr'><strong>temporis</strong></span> <span class='ocrx_word' id='word_1_307' title='bbox 487 4153 515 4202; x_wconf 88' lang='lat' dir='ltr'><strong><em>et</em></strong></span> <span class='ocrx_word' id='word_1_308' title='bbox 533 4163 685 4220; x_wconf 88' lang='lat' dir='ltr'><strong>pronomen</strong></span> <span class='ocrx_word' id='word_1_309' title='bbox 704 4147 879 4202; x_wconf 85' lang='lat' dir='ltr'><strong>indefinitum</strong></span> <span class='ocrx_word' id='word_1_310' title='bbox 902 4169 965 4204; x_wconf 88' lang='grc' dir='ltr'><strong><em>τινα</em></strong></span> <span class='ocrx_word' id='word_1_311' title='bbox 986 4149 1161 4213; x_wconf 84' lang='lat' dir='ltr'><strong>‘munchen’;</strong></span> <span class='ocrx_word' id='word_1_312' title='bbox 1188 4149 1257 4203; x_wconf 85' lang='lat' dir='ltr'><strong>haee</strong></span> <span class='ocrx_word' id='word_1_313' title='bbox 1281 4152 1376 4203; x_wconf 84' lang='lat' dir='ltr'><strong>autem</strong></span> <span class='ocrx_word' id='word_1_314' title='bbox 1399 4150 1497 4205; x_wconf 80' lang='lat' dir='ltr'><strong>omnia</strong></span> 
     </span>
     <span class='ocr_line' id='line_1_39' title="bbox 218 4218 1496 4293; baseline 0.001 -19"><span class='ocrx_word' id='word_1_315' title='bbox 218 4238 274 4275; x_wconf 88' lang='lat' dir='ltr'><strong><em>non</em></strong></span> <span class='ocrx_word' id='word_1_316' title='bbox 297 4219 389 4273; x_wconf 90' lang='lat' dir='ltr'><strong>minus</strong></span> <span class='ocrx_word' id='word_1_317' title='bbox 413 4219 442 4271; x_wconf 94' lang='lat' dir='ltr'><strong><em>in</em></strong></span> <span class='ocrx_word' id='word_1_318' title='bbox 465 4219 618 4289; x_wconf 77' lang='lat' dir='ltr'><strong>praeterito</strong></span> <span class='ocrx_word' id='word_1_319' title='bbox 641 4234 726 4287; x_wconf 85' lang='lat' dir='ltr'><strong>quam</strong></span> <span class='ocrx_word' id='word_1_320' title='bbox 749 4218 779 4272; x_wconf 90' lang='lat' dir='ltr'><strong><em>in</em></strong></span> <span class='ocrx_word' id='word_1_321' title='bbox 801 4220 962 4289; x_wconf 87' lang='lat' dir='ltr'><strong>praesentia</strong></span> <span class='ocrx_word' id='word_1_322' title='bbox 987 4223 1044 4275; x_wconf 85' lang='lat' dir='ltr'><strong>tem</strong></span> <span class='ocrx_word' id='word_1_323' title='bbox 1065 4237 1114 4273; x_wconf 88' lang='lat' dir='ltr'><strong><em>ora</em></strong></span> <span class='ocrx_word' id='word_1_324' title='bbox 1137 4220 1236 4274; x_wconf 84' lang='lat' dir='ltr'><strong>eadere</strong></span> <span class='ocrx_word' id='word_1_325' title='bbox 1259 4239 1290 4273; x_wconf 86' lang='lat' dir='ltr'><strong><em>su</em></strong></span> <span class='ocrx_word' id='word_1_326' title='bbox 1312 4237 1345 4274; x_wconf 87' lang='lat' dir='ltr'><strong><em>ra</em></strong></span> <span class='ocrx_word' id='word_1_327' title='bbox 1363 4219 1393 4273; x_wconf 92' lang='lat' dir='ltr'><strong><em>in</em></strong></span> <span class='ocrx_word' id='word_1_328' title='bbox 1412 4237 1496 4293; x_wconf 74' lang='lat' dir='ltr'><strong>argir-</strong></span> 
     </span>
     <span class='ocr_line' id='line_1_40' title="bbox 219 4239 1497 4361; baseline 0.002 -17"><span class='ocrx_word' id='word_1_329' title='bbox 219 4294 313 4345; x_wconf 89' lang='lat' dir='ltr'><strong>mento</strong></span> <span class='ocrx_word' id='word_1_330' title='bbox 338 4289 468 4344; x_wconf 83' lang='lat' dir='ltr'><strong>carminis</strong></span> <span class='ocrx_word' id='word_1_331' title='bbox 492 4290 670 4361; x_wconf 85' lang='lat' dir='ltr'><strong>exposuimus</strong></span> <span class='ocrx_word' id='word_1_332' title='bbox 694 4323 726 4331; x_wconf 95' lang='lat'>—</span> <span class='ocrx_word' id='word_1_333' title='bbox 751 4296 792 4345; x_wconf 71' lang='grc' dir='ltr'><strong><em>λθ.</em></strong></span> <span class='ocrx_word' id='word_1_334' title='bbox 817 4294 1014 4361; x_wconf 83' lang='grc' dir='ltr'><strong><em>κρυφίαισι..</em></strong></span> <span class='ocrx_word' id='word_1_335' title='bbox 1049 4312 1066 4346; x_wconf 89' lang='grc' dir='ltr'><strong><em>ν</em></strong></span> <span class='ocrx_word' id='word_1_336' title='bbox 1091 4290 1211 4361; x_wconf 78' lang='grc' dir='ltr'><strong><em>ψάφοις·</em></strong></span> <span class='ocrx_word' id='word_1_337' title='bbox 1240 4239 1401 4346; x_wconf 73' lang='lat' dir='ltr'><strong>decimata</strong></span> <span class='ocrx_word' id='word_1_338' title='bbox 1425 4292 1497 4348; x_wconf 68' lang='lat' dir='ltr'><strong>haee</strong></span> 
     </span>
     <span class='ocr_line' id='line_1_41' title="bbox 220 4361 1497 4433; baseline 0.001 -16"><span class='ocrx_word' id='word_1_339' title='bbox 220 4379 279 4417; x_wconf 87' lang='lat' dir='ltr'><strong>esse</strong></span> <span class='ocrx_word' id='word_1_340' title='bbox 299 4361 424 4432; x_wconf 88' lang='lat' dir='ltr'><strong>suspicor</strong></span> <span class='ocrx_word' id='word_1_341' title='bbox 442 4366 539 4416; x_wconf 84' lang='lat' dir='ltr'><strong>eontra</strong></span> <span class='ocrx_word' id='word_1_342' title='bbox 559 4362 644 4416; x_wconf 80' lang='lat' dir='ltr'><strong>suffra</strong></span> <span class='ocrx_word' id='word_1_343' title='bbox 667 4361 693 4416; x_wconf 84' lang='lat' dir='ltr'><strong><em>&#39;a</em></strong></span> <span class='ocrx_word' id='word_1_344' title='bbox 711 4378 761 4431; x_wconf 89' lang='lat' dir='ltr'><strong><em>per</em></strong></span> <span class='ocrx_word' id='word_1_345' title='bbox 778 4362 900 4417; x_wconf 82' lang='lat' dir='ltr'><strong>tabellas</strong></span> <span class='ocrx_word' id='word_1_346' title='bbox 923 4364 1050 4429; x_wconf 83' lang='lat' dir='ltr'><strong>ferenda,</strong></span> <span class='ocrx_word' id='word_1_347' title='bbox 1075 4364 1150 4431; x_wconf 84' lang='lat' dir='ltr'><strong>quod</strong></span> <span class='ocrx_word' id='word_1_348' title='bbox 1172 4362 1335 4417; x_wconf 89' lang='lat' dir='ltr'><strong>institutum</strong></span> <span class='ocrx_word' id='word_1_349' title='bbox 1358 4363 1497 4433; x_wconf 84' lang='lat' dir='ltr'><strong>populare</strong></span> 
     </span>
     <span class='ocr_line' id='line_1_42' title="bbox 219 4380 1496 4523; baseline 0.001 -35"><span class='ocrx_word' id='word_1_350' title='bbox 219 4434 305 4488; x_wconf 86' lang='lat' dir='ltr'><strong>etiam</strong></span> <span class='ocrx_word' id='word_1_351' title='bbox 328 4434 433 4487; x_wconf 85' lang='lat' dir='ltr'><strong>Romae</strong></span> <span class='ocrx_word' id='word_1_352' title='bbox 458 4434 494 4487; x_wconf 88' lang='lat' dir='ltr'><strong><em>ab</em></strong></span> <span class='ocrx_word' id='word_1_353' title='bbox 518 4380 674 4523; x_wconf 65' lang='lat' dir='ltr'><strong><em>optimatiil</em></strong></span> <span class='ocrx_word' id='word_1_354' title='bbox 691 4452 703 4487; x_wconf 84' lang='lat' dir='ltr'><strong>a</strong></span> <span class='ocrx_word' id='word_1_355' title='bbox 727 4433 923 4504; x_wconf 82' lang='lat' dir='ltr'><strong>impugnatum</strong></span> <span class='ocrx_word' id='word_1_356' title='bbox 947 4450 1008 4489; x_wconf 89' lang='lat' dir='ltr'><strong>esse</strong></span> <span class='ocrx_word' id='word_1_357' title='bbox 1027 4433 1155 4488; x_wconf 79' lang='lat' dir='ltr'><strong>novimus</strong></span> <span class='ocrx_word' id='word_1_358' title='bbox 1175 4467 1210 4475; x_wconf 96' lang='lat'><em>-</em></span> <span class='ocrx_word' id='word_1_359' title='bbox 1229 4440 1270 4488; x_wconf 76' lang='grc'><strong><em>27.</em></strong></span> <span class='ocrx_word' id='word_1_360' title='bbox 1290 4432 1440 4489; x_wconf 78' lang='grc' dir='ltr'><strong><em>πάλαισεν·</em></strong></span> <span class='ocrx_word' id='word_1_361' title='bbox 1460 4435 1496 4490; x_wconf 81' lang='lat' dir='ltr'><strong><em>ef.</em></strong></span> 
     </span>
     <span class='ocr_line' id='line_1_43' title="bbox 219 4501 1497 4579; baseline 0.002 -21"><span class='ocrx_word' id='word_1_362' title='bbox 219 4505 282 4560; x_wconf 81' lang='lat' dir='ltr'><strong>Hes.</strong></span> <span class='ocrx_word' id='word_1_363' title='bbox 303 4522 366 4575; x_wconf 88' lang='lat' dir='ltr'><strong>opp.</strong></span> <span class='ocrx_word' id='word_1_364' title='bbox 386 4522 426 4559; x_wconf 73' lang='grc' dir='ltr'><strong><em>ιιι</em></strong></span> <span class='ocrx_word' id='word_1_365' title='bbox 445 4505 516 4574; x_wconf 85' lang='grc' dir='ltr'><strong><em>ἀνὴρ</em></strong></span> <span class='ocrx_word' id='word_1_366' title='bbox 537 4524 630 4559; x_wconf 89' lang='grc' dir='ltr'><strong><em>αταισι</em></strong></span> <span class='ocrx_word' id='word_1_367' title='bbox 649 4501 763 4559; x_wconf 86' lang='grc' dir='ltr'><strong><em>παλαίει</em></strong></span> <span class='ocrx_word' id='word_1_368' title='bbox 782 4537 814 4544; x_wconf 97' lang='grc'>-</span> <span class='ocrx_word' id='word_1_369' title='bbox 834 4510 876 4561; x_wconf 86' lang='grc'><strong><em>30.</em></strong></span> <span class='ocrx_word' id='word_1_370' title='bbox 897 4504 945 4559; x_wconf 84' lang='grc' dir='ltr'><strong><em>ὑπ’</em></strong></span> <span class='ocrx_word' id='word_1_371' title='bbox 963 4503 1148 4577; x_wconf 77' lang='grc' dir='ltr'><strong><em>ἀλεξιμβρότῳ</em></strong></span> <span class='ocrx_word' id='word_1_372' title='bbox 1166 4503 1260 4579; x_wconf 77' lang='grc' dir='ltr'><strong><em>λόγχᾳ,</em></strong></span> <span class='ocrx_word' id='word_1_373' title='bbox 1275 4523 1332 4574; x_wconf 79' lang='lat' dir='ltr'><strong><em>qua</em></strong></span> <span class='ocrx_word' id='word_1_374' title='bbox 1345 4506 1431 4561; x_wconf 72' lang='lat' dir='ltr'><strong>nasta</strong></span> <span class='ocrx_word' id='word_1_375' title='bbox 1446 4523 1497 4561; x_wconf 74' lang='lat' dir='ltr'><strong><em>sua</em></strong></span> 
     </span>
     <span class='ocr_line' id='line_1_44' title="bbox 219 4575 1496 4647; baseline 0.002 -16"><span class='ocrx_word' id='word_1_376' title='bbox 219 4593 335 4646; x_wconf 85' lang='lat' dir='ltr'><strong>corpora</strong></span> <span class='ocrx_word' id='word_1_377' title='bbox 352 4575 517 4644; x_wconf 84' lang='lat' dir='ltr'><strong>tuebantur,</strong></span> <span class='ocrx_word' id='word_1_378' title='bbox 537 4575 712 4631; x_wconf 85' lang='lat' dir='ltr'><strong>adversarios</strong></span> <span class='ocrx_word' id='word_1_379' title='bbox 731 4576 940 4646; x_wconf 64' lang='lat' dir='ltr'><strong>propulsantem</strong></span> <span class='ocrx_word' id='word_1_380' title='bbox 959 4579 1054 4631; x_wconf 85' lang='lat' dir='ltr'><strong>tamen</strong></span> <span class='ocrx_word' id='word_1_381' title='bbox 1073 4577 1146 4631; x_wconf 86' lang='lat' dir='ltr'><strong>souti</strong></span> <span class='ocrx_word' id='word_1_382' title='bbox 1164 4578 1280 4645; x_wconf 82' lang='grc' dir='ltr'><strong><em>(σκότει)</em></strong></span> <span class='ocrx_word' id='word_1_383' title='bbox 1299 4577 1391 4647; x_wconf 80' lang='lat' dir='ltr'><strong>magis</strong></span> <span class='ocrx_word' id='word_1_384' title='bbox 1410 4594 1496 4647; x_wconf 86' lang='lat' dir='ltr'><strong>quam</strong></span> 
     </span>
     <span class='ocr_line' id='line_1_45' title="bbox 218 4646 1497 4718; baseline 0.002 -17"><span class='ocrx_word' id='word_1_385' title='bbox 218 4648 317 4703; x_wconf 85' lang='lat' dir='ltr'><strong>hastae</strong></span> <span class='ocrx_word' id='word_1_386' title='bbox 336 4646 442 4718; x_wconf 70' lang='grc' dir='ltr'><strong><em>(λόγχαλ</em></strong></span> <span class='ocrx_word' id='word_1_387' title='bbox 460 4647 629 4702; x_wconf 88' lang='lat' dir='ltr'><strong>mentionem</strong></span> <span class='ocrx_word' id='word_1_388' title='bbox 654 4647 713 4701; x_wconf 86' lang='lat' dir='ltr'><strong>fieri</strong></span> <span class='ocrx_word' id='word_1_389' title='bbox 733 4651 884 4718; x_wconf 82' lang='lat' dir='ltr'><strong>exspectes.</strong></span> <span class='ocrx_word' id='word_1_390' title='bbox 922 4648 962 4702; x_wconf 88' lang='lat' dir='ltr'><strong><em>De</em></strong></span> <span class='ocrx_word' id='word_1_391' title='bbox 981 4647 1009 4700; x_wconf 89' lang='lat' dir='ltr'><strong>vi</strong></span> <span class='ocrx_word' id='word_1_392' title='bbox 1028 4647 1244 4718; x_wconf 82' lang='lat' dir='ltr'><strong>praepositionis</strong></span> <span class='ocrx_word' id='word_1_393' title='bbox 1264 4647 1360 4702; x_wconf 82' lang='lat' dir='ltr'><strong>confer</strong></span> <span class='ocrx_word' id='word_1_394' title='bbox 1378 4648 1408 4703; x_wconf 90' lang='grc' dir='ltr'><strong><em>Ρ.</em></strong></span> <span class='ocrx_word' id='word_1_395' title='bbox 1425 4669 1443 4704; x_wconf 83' lang='lat' dir='ltr'>v</span> <span class='ocrx_word' id='word_1_396' title='bbox 1457 4666 1497 4704; x_wconf 85' lang='grc' dir='ltr'><strong><em>ιοο</em></strong></span> 
     </span>
     <span class='ocr_line' id='line_1_46' title="bbox 219 4703 1498 4790; baseline 0.002 -18"><span class='ocrx_word' id='word_1_397' title='bbox 219 4716 377 4787; x_wconf 66' lang='grc' dir='ltr'><strong><em>ῥανθεῖσαν</em></strong></span> <span class='ocrx_word' id='word_1_398' title='bbox 399 4703 455 4774; x_wconf 70' lang='grc' dir='ltr'><strong><em>ὑπὸ</em></strong></span> <span class='ocrx_word' id='word_1_399' title='bbox 479 4720 625 4789; x_wconf 82' lang='grc' dir='ltr'><strong><em>χεύμασιν,</em></strong></span> <span class='ocrx_word' id='word_1_400' title='bbox 649 4719 683 4773; x_wconf 90' lang='lat' dir='ltr'><strong><em>N.</em></strong></span> <span class='ocrx_word' id='word_1_401' title='bbox 704 4739 713 4770; x_wconf 94' lang='lat'>1</span> <span class='ocrx_word' id='word_1_402' title='bbox 732 4737 757 4774; x_wconf 81' lang='lat' dir='ltr'><strong><em>os</em></strong></span> <span class='ocrx_word' id='word_1_403' title='bbox 775 4720 956 4790; x_wconf 84' lang='grc' dir='ltr'><strong><em>πεφόρσεθαι</em></strong></span> <span class='ocrx_word' id='word_1_404' title='bbox 978 4718 1033 4773; x_wconf 74' lang='grc' dir='ltr'><strong><em>ὑπὸ</em></strong></span> <span class='ocrx_word' id='word_1_405' title='bbox 1056 4715 1164 4786; x_wconf 71' lang='grc' dir='ltr'><strong><em>(λιταῖσι</em></strong></span> <span class='ocrx_word' id='word_1_406' title='bbox 1188 4751 1221 4760; x_wconf 92' lang='grc'>-</span> <span class='ocrx_word' id='word_1_407' title='bbox 1242 4726 1284 4774; x_wconf 90' lang='grc'><strong><em>30.</em></strong></span> <span class='ocrx_word' id='word_1_408' title='bbox 1308 4719 1382 4789; x_wconf 84' lang='grc' dir='ltr'><strong><em>ἀμφ’</em></strong></span> <span class='ocrx_word' id='word_1_409' title='bbox 1401 4718 1427 4775; x_wconf 84' lang='lat' dir='ltr'><strong><em>&#39;A</em></strong></span> <span class='ocrx_word' id='word_1_410' title='bbox 1445 4724 1498 4774; x_wconf 78' lang='grc' dir='ltr'><strong><em>ιλελ</em></strong></span> 
     </span>
     <span class='ocr_line' id='line_1_47' title="bbox 219 4742 1496 4863; baseline 0.002 -20"><span class='ocrx_word' id='word_1_411' title='bbox 219 4789 365 4863; x_wconf 79' lang='grc' dir='ltr'><strong><em>νεοκτόνῳ,</em></strong></span> <span class='ocrx_word' id='word_1_412' title='bbox 387 4807 460 4859; x_wconf 87' lang='lat' dir='ltr'><strong>quae</strong></span> <span class='ocrx_word' id='word_1_413' title='bbox 478 4790 605 4860; x_wconf 86' lang='lat' dir='ltr'><strong>proxima</strong></span> <span class='ocrx_word' id='word_1_414' title='bbox 624 4807 710 4845; x_wconf 82' lang='lat' dir='ltr'><strong>eausa</strong></span> <span class='ocrx_word' id='word_1_415' title='bbox 728 4789 850 4844; x_wconf 89' lang='lat' dir='ltr'><strong>rixamm</strong></span> <span class='ocrx_word' id='word_1_416' title='bbox 864 4790 938 4845; x_wconf 87' lang='lat' dir='ltr'><strong>inter</strong></span> <span class='ocrx_word' id='word_1_417' title='bbox 951 4788 1065 4844; x_wconf 81' lang='lat' dir='ltr'><strong>Aiacem</strong></span> <span class='ocrx_word' id='word_1_418' title='bbox 1083 4793 1112 4844; x_wconf 91' lang='lat' dir='ltr'><strong><em>et</em></strong></span> <span class='ocrx_word' id='word_1_419' title='bbox 1125 4791 1234 4845; x_wconf 82' lang='lat' dir='ltr'><strong>Ulixem</strong></span> <span class='ocrx_word' id='word_1_420' title='bbox 1254 4790 1309 4843; x_wconf 89' lang='lat' dir='ltr'><strong>fuit</strong></span> <span class='ocrx_word' id='word_1_421' title='bbox 1324 4822 1356 4831; x_wconf 93' lang='lat'><strong><em>-—</em></strong></span> <span class='ocrx_word' id='word_1_422' title='bbox 1372 4796 1415 4846; x_wconf 82' lang='grc'><strong><em>33.</em></strong></span> <span class='ocrx_word' id='word_1_423' title='bbox 1427 4742 1496 4862; x_wconf 68' lang='grc' dir='ltr'><strong><em>ἀμό-</em></strong></span> 
     </span>
     <span class='ocr_line' id='line_1_48' title="bbox 219 4858 1321 4933; baseline 0 -18"><span class='ocrx_word' id='word_1_424' title='bbox 219 4880 317 4929; x_wconf 86' lang='grc' dir='ltr'><strong><em>φοιτος</em></strong></span> <span class='ocrx_word' id='word_1_425' title='bbox 335 4878 358 4915; x_wconf 90' lang='lat' dir='ltr'><strong><em>c.</em></strong></span> <span class='ocrx_word' id='word_1_426' title='bbox 373 4879 436 4933; x_wconf 79' lang='lat' dir='ltr'><strong>gen.</strong></span> <span class='ocrx_word' id='word_1_427' title='bbox 451 4861 584 4931; x_wconf 86' lang='lat' dir='ltr'><strong>iunctum,</strong></span> <span class='ocrx_word' id='word_1_428' title='bbox 603 4865 635 4917; x_wconf 88' lang='lat' dir='ltr'><strong><em>ut</em></strong></span> <span class='ocrx_word' id='word_1_429' title='bbox 654 4858 749 4931; x_wconf 74' lang='grc' dir='ltr'><strong><em>ὕμνων</em></strong></span> <span class='ocrx_word' id='word_1_430' title='bbox 767 4861 923 4930; x_wconf 75' lang='grc' dir='ltr'><strong><em>σύντροφος</em></strong></span> <span class='ocrx_word' id='word_1_431' title='bbox 940 4862 1037 4932; x_wconf 76' lang='grc' dir='ltr'><strong><em>ἀηδών</em></strong></span> <span class='ocrx_word' id='word_1_432' title='bbox 1056 4878 1099 4932; x_wconf 81' lang='lat' dir='ltr'><strong><em>ap.</em></strong></span> <span class='ocrx_word' id='word_1_433' title='bbox 1115 4861 1258 4916; x_wconf 75' lang='lat' dir='ltr'><strong>Aristeu.</strong></span> <span class='ocrx_word' id='word_1_434' title='bbox 1274 4878 1321 4918; x_wconf 76' lang='grc' dir='ltr'><strong><em>σου.</em></strong></span> 
     </span>
    </p>
   </div>
   <div class='ocr_carea' id='block_1_6' title="bbox 0 0 1729 5550">
    <p class='ocr_par' dir='ltr' id='par_1_17' title="bbox 0 0 1729 5550">
     <span class='ocr_line' id='line_1_49' title="bbox 0 0 1729 5550; baseline 0 0"><span class='ocrx_word' id='word_1_435' title='bbox 0 0 1729 5550; x_wconf 95' lang='lat' dir='ltr'><strong><em> </em></strong></span> 
     </span>
    </p>
   </div>
  </div>
 </body>
</html>
