3442 5550
324 422 436 481 LXXIV
826 436 1102 490 Pronnoonau's.

325 618 389 678 qua
407 596 470 661 duo
488 596 780 685 committerentur,
797 600 942 685 proxime
957 600 1168 665 antecessisse
1187 600 1356 685 probabile
1369 602 1416 666 fit.
1423 599 1449 688 1)
1481 602 1606 668 Deinde

327 726 365 767 ex
393 703 465 769 loco
491 704 718 789 Xenophontis
741 706 824 772 Hell.
844 709 1022 792 v114,29:
1049 706 1104 773 καὶ
1127 710 1188 792 τὴν
1210 705 1272 793 μὲν
1295 710 1518 793 ἱπποδρομίαν
1540 711 1605 793 ἤδη

325 809 561 895 ἐπεποιήκεσαν
588 810 647 899 (sc.
671 815 705 878 οί
728 812 881 900 Ἀρκάδες
904 814 940 880 ἐν
963 826 1003 901 τῇ
1025 815 1208 899 πανηγύρει
1232 827 1299 880 τῶν
1322 814 1523 903 Ὀλυμπίων)
1549 815 1605 882 καὶ

324 918 363 982 τά
391 918 532 1002 δρομικὰ
560 928 620 984 τοῦ
646 921 852 1002 πεντάθλου,
881 923 916 986 οί
941 919 973 985 δ’
997 924 1044 998 είς
1071 923 1179 1005 πάλην
1207 921 1403 1006 ἀφικόμενοι
1431 921 1539 987 οὐκέτι
1569 923 1606 989 ἐν

322 1034 369 1112 τῷ
393 1027 515 1113 δρόμῳ,
539 1025 621 1091 άλλά
640 1026 759 1111 μεταξὺ
778 1037 837 1093 τοῦ
857 1029 983 1114 δρόμου
1005 1028 1138 1093 καὶτοῦ
1161 1033 1276 1113 βωμοῦ
1295 1028 1453 1095 ἐπάλαιον
1471 1035 1606 1115 apparet

325 1132 522 1217 quinquertii
547 1134 626 1198 duas
648 1140 758 1219 partes
781 1135 853 1220 ipso
879 1135 951 1200 loco
975 1140 1046 1200 tum
1068 1136 1169 1201 fuisse
1193 1136 1363 1222 discretas,
1389 1138 1430 1202 τά
1453 1138 1605 1224 δρομικά,

323 1261 405 1324 quae
427 1239 463 1303 in
487 1241 591 1305 stadio
615 1240 770 1327 fierent,²)
799 1247 831 1306 et
856 1243 978 1307 luctam
1002 1240 1154 1330 (πάλην),
1183 1265 1264 1328 quae
1287 1243 1389 1309 finitis
1417 1244 1483 1309 illis
1507 1244 1605 1310 curri·

322 1346 386 1412 culi
414 1348 646 1413 certaminibus
675 1349 710 1414 in
739 1350 903 1434 palaestra
935 1351 1021 1414 inter
1051 1351 1192 1415 stadium
1219 1347 1252 1415 e't
1281 1374 1371 1416 aram
1398 1350 1487 1417 Iovis
1518 1373 1605 1417 exer·

322 1452 487 1542 ceretur.³)
529 1454 676 1540 Denique
700 1455 799 1521 etiam
822 1455 953 1522 Pindari
977 1457 1165 1522 testimonio
1189 1457 1508 1539 N.VI1721uctum
1531 1457 1605 1522 ulti·

322 1584 411 1626 mum
440 1562 548 1629 locum
577 1563 757 1627 obtinuisse
786 1567 923 1628 constat.
974 1562 1188 1649 Quinquertio
1219 1569 1329 1629 autem
1358 1569 1487 1650 recepto
1518 1566 1604 1630 saltu

323 1665 472 1756 (ἅλματι)
491 1673 525 1734 ct
542 1669 649 1735 iaculo
669 1667 841 1758 (ἀκοντίῳ)
860 1675 893 1735 et
912 1671 1011 1757 disco,
1034 1671 1152 1756 quibus
1172 1671 1250 1737 olim
1273 1695 1419 1738 seorsum
1444 1676 1603 1737 certatum

322 1797 393 1840 esre
420 1776 584 1841 Homerus
612 1776 849 1843 ll.xxl11886.
885 1775 941 1841 Od.
957 1795 1020 1841 V111
1042 1780 1117 1857 100,
1151 1779 1309 1844 Pindarus
1331 1779 1451 1843 I.124
1478 1778 1603 1858 docent,

322 1888 445 1948 certare
475 1884 541 1949 iam
571 1884 749 1970 desierunt3
782 1888 897 1951 contra
927 1885 1025 1949 etiam
1057 1885 1225 1970 pancratio
1256 1890 1289 1950 et
1319 1885 1527 1970 quinquertio
1556 1908 1603 1950 re

321 1990 424 2076 ceptis
457 1991 637 2078 singularia
670 1992 849 2057 certamina
881 2014 993 2058 cursus
1028 1993 1193 2079 pugilatus
1224 1993 1331 2058 luctae
1361 1992 1601 2077 permanebant.

321 2095 442 2165 Cursus
467 2103 576 2164 autem
599 2104 665 2164 tres
690 2104 782 2164 erant
805 2100 929 2184 species
952 2099 1121 2186 Olympiae
1144 2105 1177 2164 et
1199 2099 1350 2184 Delphis:
1378 2101 1501 2187 σταδίῳ
1526 2100 1602 2183 δρό-

321 2229 395 2290 μος,
426 2207 565 2283 δίαυλος
592 2208 729 2293 δρόμος,
760 2208 893 2292 δόλιχος
920 2206 1090 2295 δρόμοςᾼ)
1120 2207 1237 2292 quibus
1265 2206 1405 2271 Athenis
1433 2209 1467 2270 ct
1494 2227 1602 2272 receu-

320 2313 460 2378 tioribus
488 2313 690 2399 temporibus
718 2315 817 2379 etiam
842 2314 975 2380 Nemeis
1004 2319 1037 2379 et
1063 2314 1211 2379 Isthmiis
1235 2311 1345 2400 (Paus.
1360 2332 1395 2377 vi
1417 2314 1467 2398 16,
1485 2309 1522 2399 4)
1550 2312 1602 2377 ῗπ·

320 2442 410 2504 πιος,
443 2421 499 2504 qui
531 2421 641 2486 diaulo
671 2422 769 2506 duplo
797 2422 927 2507 longior
957 2427 1038 2507 erat,
1070 2421 1198 2486 additus
1229 2425 1287 2486 est.
1340 2420 1488 2503 Denique
1516 2417 1604 2483 inter

321 2548 434 2592 cursus
464 2529 642 2593 certamina
669 2529 768 2594 etiarn
793 2531 1070 2615 λαμπαδοδρόμος
1096 2528 1397 2593 Panathenaeorum
1427 2525 1603 2593 Athenien·

321 2633 405 2698 sium
429 2638 462 2698 et
485 2633 704 2700 Hellotiorum
728 2633 974 2700 Corinthiorum
997 2635 1182 2701 referendus
1207 2640 1265 2700 est.

409 2739 584 2806 Aetatibus
604 2764 731 2827 quoque
754 2743 932 2808 certamina
951 2742 1265 2808 discriminabantur.
1301 2741 1452 2807 Heroicis
1472 2740 1602 2826 quidem

320 2847 522 2934 temporibus
544 2848 627 2914 nihil
649 2849 767 2915 aetatis
791 2850 963 2916 discrimen
987 2851 1128 2936 valebat,
1152 2848 1413 2936 quandoquidem
1437 2847 1500 2912 nisi
1523 2847 1602 2912 viris

321 2961 354 3020 et
377 2956 513 3022 ducibus
541 2956 618 3022 belli
646 2957 728 3022 inire
757 2961 923 3023 certamen
946 2978 1013 3020 non
1035 2955 1136 3021 licuit.
1182 2954 1361 3040 Postquam
1386 2959 1494 3019 autem
1517 2953 1603 3019 ludis

321 3063 481 3151 gymnicis
508 3064 542 3128 id
569 3065 719 3150 inprimis
747 3086 843 3151 agere
872 3069 1059 3147 coeperunt,
1088 3068 1125 3127 ut
1153 3061 1273 3128 civium
1301 3084 1438 3145 corpora
1461 3060 1501 3126 ad
1524 3060 1603 3125 belli

320 3172 508 3237 discrimina
523 3173 690 3237 subeunda
706 3177 939 3256 exercerentur,
957 3192 1022 3234 non
1041 3169 1146 3234 solum
1161 3168 1259 3252 viros,
1277 3168 1334 3233 sed
1352 3168 1451 3233 etiam
1469 3168 1601 3233 iuvenes

415 3333 440 3385 1)
462 3330 626 3384 Necessario
645 3329 698 3384 hoc
717 3329 797 3397 sequi
815 3331 901 3398 negat
919 3327 1079 3389 Holwerda,
1098 3325 1148 3393 qui
1167 3325 1239 3380 disci
1257 3328 1399 3380 certamen
1418 3326 1538 3380 secundo
1557 3326 1604 3380 rel

319 3400 409 3472 primo
431 3400 493 3455 loco
511 3401 613 3470 posuit,
634 3418 745 3454 cursum
763 3403 872 3470 quarto.
901 3398 1030 3469 Speciosc
1049 3398 1085 3451 M.
1101 3398 1200 3466 Faber,
1219 3397 1291 3452 Phil.
1308 3401 1374 3451 1891
1395 3403 1484 3467 11478
1508 3413 1541 3451 ex
1560 3413 1603 3465 eo,

320 3472 396 3540 quod
411 3473 560 3595 άκονῖιστῇ
576 3473 659 3539 ἀνδρὶ
673 3469 771 3542 λόγχαι
784 3479 857 3538 τρεῖς
873 3473 954 3525 erant
969 3469 1045 3539 (olo.
1062 3474 1151 3538 9369),
1171 3470 1263 3522 discos
1277 3486 1388 3539 qnoque
1402 3471 1459 3522 tres
1477 3468 1603 3538 singulos

321 3543 420 3598 iecisse
439 3543 505 3597 coli
529 3543 556 3597 't

408 3618 435 3684 9)
459 3562 557 3670 Sicglsi
582 3618 613 3670 tu
638 3615 708 3670 duce
731 3615 851 3669 Pindaro
878 3629 979 3668 nomen
1007 3611 1042 3666 τά
1068 3611 1188 3680 δρομικά
1218 3609 1460 3681 interpretaberis,
1489 3626 1546 3663 non
1573 3613 1604 3666 te

320 3686 443 3742 offendet
466 3687 541 3754 quod
564 3686 617 3742 hoc
640 3686 752 3740 nomine
776 3689 898 3756 quatuor
921 3686 1015 3754 partes
1038 3683 1224 3752 quinquertii,
1248 3681 1321 3752 ἅλμα
1347 3679 1448 3751 δρόμος
1467 3679 1604 3737 ἀκόντιον

319 3756 423 3825 δίσκος,
442 3758 639 3828 comprehendi
659 3757 810 3828 potuerint.
839 3757 968 3811 Ceterum
987 3755 1110 3809 conferre
1130 3755 1211 3809 iurat
1229 3770 1302 3824 qnae
1316 3753 1351 3807 de
1369 3753 1519 3822 pentathlo
1557 3758 1605 3808 ost

319 3829 477 3898 Pindarum,
493 3830 676 3897 Gardnerum,
693 3829 879 3896 Holwerdam,
894 3827 1180 3897 Haggenmuellerum
1194 3826 1266 3880 alios
1280 3824 1439 3895 nuperrime
1454 3825 1491 3879 M.
1502 3772 1604 3906 Faber,

321 3899 420 3955 Philol.
442 3907 523 3969 1891,
548 3907 599 3956 469
611 3919 659 3969 ss,
683 3902 726 3956 Fr.
742 3901 812 3968 Mic,
834 3900 930 3954 Jahrb.
946 3898 964 3952 f.
980 3897 1014 3951 cl.
1029 3898 1101 3952 Phil.
1122 3904 1190 3952 1893
1214 3918 1241 3967 p.
1260 3903 1309 3952 785
1321 3916 1370 3966 ss,
1395 3896 1454 3953 Em.
1469 3895 1602 3966 Hennch,

319 3972 400 4040 Bayr.
417 3971 627 4042 Gymn-Bltttt.
644 3978 713 4027 1894
732 3992 757 4042 p.
775 3979 825 4026 366
838 3990 872 4026 ss.
892 3971 1080 4039 disputarunt.

408 4047 436 4111 9)
455 4043 601 4098 Palaestra
621 4043 767 4114 Olympius
786 4061 858 4112 quae
877 4046 973 4096 nostra
992 4041 1126 4095 memoria
1145 4040 1248 4094 effossa
1266 4043 1322 4108 est,
1347 4039 1431 4108 longo
1451 4037 1603 4093 intervallo

320 4133 337 4168 a
351 4115 429 4169 Xeno
449 4115 554 4170 hontea
570 4115 668 4182 distat,
687 4116 762 4184 quod
780 4132 815 4170 ne
835 4114 951 4182 mireris,
970 4113 1114 4183 palaestra
1133 4111 1184 4166 illa
1199 4111 1347 4180 aliquanto
1366 4113 1432 4180 post
1450 4108 1604 4165 aedificata

320 4190 375 4254 est3
394 4206 419 4242 v.
459 4185 587 4254 btticher,
607 4187 738 4258 Olympia
756 4206 775 4257 p
799 4192 858 4241 860.
896 4187 987 4254 Atque
1002 4183 1095 4251 Graes,
1114 4183 1165 4238 Die
1179 4182 1405 4252 Ausgrabungen
1420 4199 1452 4235 zu
1469 4179 1603 4263 Olympia

320 4277 337 4311 v
352 4264 399 4325 40,
424 4257 535 4313 saeculo
554 4261 654 4327 quarto
674 4262 792 4313 exeunte
811 4257 856 4312 vel
879 4255 963 4311 tertio
987 4256 1101 4310 ineunte
1125 4272 1187 4309 eam
1212 4254 1392 4309 aedificatum
1410 4269 1472 4307 esse
1491 4254 1603 4321 statuit,

320 4329 421 4383 Flasch
439 4346 482 4401 ap.
498 4330 649 4384 Baumeist.
666 4329 782 4384 Denkm.
802 4350 828 4401 p.
841 4335 918 4396 1104,
937 4345 953 4381 ο
968 4327 1059 4381 altera
1077 4330 1157 4396 parte
1172 4325 1292 4379 dimidia
1310 4323 1417 4379 saeculi
1435 4323 1523 4378 tertii.
1551 4323 1602 4379 Ce-

320 4404 411 4456 terum
435 4417 491 4455 non
510 4401 586 4455 omni
605 4404 729 4472 tempore
748 4400 825 4455 lucta
845 4400 902 4455 alio
925 4399 986 4453 loco
1006 4400 1144 4452 certatum
1163 4413 1236 4466 esse,
1261 4396 1309 4451 sed
1330 4396 1420 4450 solum
1439 4398 1512 4464 tum,
1537 4412 1603 4448 cum

320 4471 449 4527 hostibus
474 4471 670 4554 ingruentibus
694 4475 833 4527 certantes
862 4472 891 4526 in
918 4473 1012 4524 tutum
1035 4469 1131 4524 orbem
1153 4467 1228 4523 Altis
1256 4485 1286 4523 se
1311 4467 1497 4536 recepissent,
1525 4468 1603 4520 recte

320 4547 416 4598 monet
434 4544 548 4611 Martm,
568 4544 667 4599 Philol.
685 4549 752 4598 1891
771 4564 798 4627 p.
815 4550 875 4598 496.
1477 4608 1482 4618 ι
1577 4608 1582 4618 Ι

233 4671 238 4682 ,
409 4619 436 4684 4)
459 4614 554 4668 Trium
579 4615 678 4670 harum
702 4632 858 4686 specierum
882 4615 954 4668 duae
978 4611 1083 4694 priores
1106 4611 1149 4665 ita
1172 4610 1353 4679 dilt'erebant,
1381 4612 1413 4663 ut
1436 4625 1495 4691 qur·
1508 4608 1602 4662 stadio

320 4689 462 4741 certarent
477 4686 562 4740 semel
577 4705 632 4741 uno
651 4691 747 4742 tenore
767 4686 935 4756 (εόδότονον
954 4683 1034 4738 l’md.
1050 4682 1081 4738 Ο.
1096 4702 1113 4735 x
1129 4686 1172 4749 64)
1192 4681 1360 4735 curriculum
1378 4681 1602 4752 permetnentur,

320 4757 368 4827 qui
392 4757 502 4825 dianlo,
528 4758 572 4812 bis
595 4758 763 4812 curriculum
786 4756 924 4839 permensi
948 4754 985 4808 ad
1008 4754 1172 4820 stationem,
1202 4753 1276 4807 unde
1302 4752 1441 4820 exierant,
1470 4749 1600 4830 redirent.

321 4828 438 4883 Doliche
457 4845 523 4883 vero
542 4829 590 4898 qui
610 4833 762 4899 certarent,
786 4829 820 4882 ris
840 4826 990 4883 duodecies
1009 4826 1112 4894 duplex
1131 4824 1255 4878 stadium
1273 4822 1496 4895 pei-metiendum
1513 4820 1601 4873 fursse

320 4899 379 4955 veri
397 4900 490 4957 simile
509 4904 564 4970 est,
586 4920 611 4956 v.
631 4904 701 4972 Aug.
717 4901 880 4969 Mommsen,
899 4897 1023 4954 Heortol.
1042 4915 1069 4966 p.
1082 4903 1131 4950 145
1151 4898 1231 4952 Anm.
1243 4904 1267 4950 9.
