3442 5550
771 390 903 440 aarum
922 391 942 441 1.
1428 384 1491 448 113

218 559 248 615 et
271 557 326 615 sub
349 556 438 616 finem
460 556 620 616 Hieronem
644 556 681 614 ad
704 554 854 614 iustitiam
876 559 907 613 et
930 555 1142 614 liberalitatem
1162 555 1296 633 instigat,
1315 558 1351 613 ut
1368 555 1492 633 perenni

217 646 298 722 apud
320 649 455 722 posteros
479 645 566 704 laude
589 646 717 721 fruatur,
741 645 847 704 similis
867 643 967 703 Croesi
990 644 1068 722 regis
1087 644 1232 722 benevoli,
1255 644 1423 703 Phalaridis
1444 648 1491 720 ty-

215 735 303 793 ranni
326 735 453 794 crudelis
476 734 628 793 dissimilis
651 726 813 815 (eo-100).
837 765 873 774 -
896 733 1071 793 Generalem
1094 733 1282 811 sententiam,
1307 752 1368 809 qua
1390 737 1491 810 partes

216 824 355 883 carminis
385 823 673 900 comprehendantur
700 827 730 881 et
757 823 788 881 in
815 823 965 881 unitatem
994 826 1183 899 revocentur,
1211 823 1288 882 hanc
1316 841 1378 882 esse
1406 842 1491 898 prae·

217 914 296 973 clare
315 912 437 989 exponit
455 912 684 988 Rauchenstein‚
703 913 781 972 Einl.
800 911 832 970 in
852 911 935 970 Pind.
953 912 1117 990 Siegeslied
1134 932 1162 988 p.
1179 923 1229 970 146
1244 911 1286 972 ff.:
1305 912 1491 971 harmoniam

217 1002 248 1060 in
271 1022 371 1061 rerum
394 1004 504 1060 natura
531 1005 622 1077 atque
651 1001 682 1059 in
710 1001 817 1061 morali
839 1000 1019 1077 publicaque
1042 1001 1106 1060 vita
1128 1001 1207 1078 Iovi,
1235 1019 1350 1060 summo
1375 1001 1491 1060 custodi

217 1092 334 1168 mundi,
358 1094 511 1166 acceptam
539 1108 602 1150 esse
629 1090 753 1166 eiusque
776 1090 926 1166 praesidio
948 1090 1116 1166 promoveri
1140 1093 1171 1149 et
1194 1089 1231 1148 ab
1255 1089 1371 1149 infestis
1394 1092 1491 1151 incur-

217 1180 349 1239 sionibus
373 1179 560 1239 inimicorum
584 1179 710 1240 defendi.

305 1270 434 1329 Aetnam
463 1269 580 1347 urbem,
615 1268 664 1328 cui
698 1272 768 1327 ante
803 1268 990 1344 eruptionem
1025 1268 1134 1328 montis
1167 1268 1352 1346 cognominis
1385 1289 1491 1328 nomen

217 1358 360 1417 Cataniae
383 1359 451 1435 fuit,
474 1362 684 1434 praeterquam
708 1358 739 1416 in
758 1358 813 1417 hoc
836 1357 965 1417 carmine
986 1357 1134 1416 Pindarus
1157 1357 1279 1434 respicit
1298 1356 1332 1417 0.
1348 1376 1378 1415 νι
1393 1369 1436 1418 96.
1459 1359 1491 1417 P.

218 1467 252 1505 111
276 1459 318 1508 69.
357 1448 394 1507 N.
418 1466 429 1504 1
453 1459 476 1505 6,
506 1466 536 1504 rx
561 1459 585 1505 2.
609 1458 656 1524 30,
693 1450 724 1506 et
760 1447 792 1505 in
826 1446 1093 1523 hyporchematum
1123 1446 1291 1524 fragmento
1322 1457 1384 1524 105,
1413 1447 1494 1522 quod

218 1538 341 1596 eandem
364 1537 440 1595 hanc
462 1536 620 1595 victoriam
651 1536 809 1611 Pythicam
842 1538 976 1612 spectare
1005 1535 1136 1614 videtur3
1171 1536 1207 1595 cf.
1231 1535 1302 1594 fro
1331 1540 1362 1593 et
1384 1535 1492 1595 Athen.

217 1646 245 1702 p.
269 1637 302 1684 28
317 1648 342 1685 a.
387 1625 435 1683 Ab
462 1625 609 1700 Aeschylo
637 1645 706 1684 vero
736 1626 828 1684 etiam
855 1625 988 1684 mamete
1017 1625 1146 1684 Aetnam
1177 1625 1282 1683 urbem
1310 1625 1494 1683 illustratam

218 1734 280 1774 esse
304 1715 367 1773 vita
390 1713 495 1773 Aesch.
518 1714 655 1773 tradidit:
686 1711 784 1773 ἐλθὼν
812 1713 854 1785 εἰς
882 1713 1022 1773 Σικελίαν
1046 1709 1179 1793 Ἱέρωνος
1206 1711 1268 1772 τότε
1295 1711 1350 1789 τὴν
1378 1712 1494 1791 Αἴτνην

217 1804 365 1875 κτίζοντος
387 1800 552 1874 ἐπεδείξατο
571 1801 623 1874 τὰς
642 1802 797 1881 Αἰτναῖος,
821 1801 1026 1881 οἰωνιζόμενος
1049 1802 1117 1881 βίον
1140 1799 1257 1882 ἀγαθὸν
1279 1807 1341 1873 τοῖς
1365 1802 1494 1862 συνοικί-

218 1894 300 1964 ζουσι
322 1890 376 1970 τὴν
399 1890 494 1951 πόλιν.

760 2010 804 2076 De
828 2011 950 2076 metris.

306 2140 388 2201 Odae
411 2141 675 2201 excellentissimae
699 2145 795 2202 metra
818 2144 890 2201 sunt
876 2141 968 2201 tdao
970 2141 1046 2216 tyl-o
1048 2141 1208 2218 epitritioa,
1232 2141 1368 2217 quibus'
1360 2162 1392 2200 1n
1410 2142 1494 2202 effin-

217 2232 321 2311 gendis
343 2234 441 2332 poeta,
464 2234 501 2288 ut
522 2231 708 2308 splendorem
731 2251 836 2290 numer
947 2233 1079 2309 augeret,
1103 2231 1217 2290 atrito
1241 2233 1272 2289 et
1294 2231 1413 2309 vulgari
1435 2250 1494 2290 usu

216 2321 307 2380 huius
330 2321 446 2398 generis
469 2320 625 2380 modorum
648 2319 837 2379 nonnihildr
807 2248 950 2379 dine-brt.
989 2318 1149 2395 Stropham
1168 2339 1204 2378 ex
1222 2319 1339 2380 duabus
1358 2321 1494 2397 partibus

216 2414 362 2487 constare,
386 2428 514 2486 quarum
535 2409 617 2485 prior
635 2409 709 2468 duos
728 2409 839 2485 primos
858 2429 962 2468 versus
981 2409 1236 2485 complecteretur,
1255 2409 1376 2468 altera'
1369 2430 1399 2468 1n
1419 2410 1494 2469 duas

217 2499 355 2576 periodos
374 2490 435 2578 (vv.
455 2510 524 2556 3-4
544 2501 574 2556 at
593 2490 678 2579 o-o)
700 2498 906 2576 dissecaretur,
926 2497 1039 2574 duplici
1054 2498 1141 2557 modo
1156 2500 1246 2574 poeta
1261 2498 1495 2577 significavitet,

217 2588 298 2665 qnod
322 2587 409 2646 alteri
432 2587 512 2663 parti
534 2587 620 2646 basin
643 2587 772 2646 duarum
794 2588 953 2665 longarum
974 2590 1155 2647 tetrasemon
1174 2587 1346 2664 praetexuit
1364 2592 1395 2647 et
1413 2589 1493 2665 quod

217 2678 346 2754 priorem
370 2681 487 2753 partem
510 2677 608 2736 eobasi
632 2677 763 2753 quadam
785 2676 892 2736 finivit.
933 2676 1031 2753 Epodi
1054 2695 1157 2736 versus
1180 2676 1281 2735 ultimi
1304 2677 1419 2753 primus
1441 2696 1494 2753 pes

217 2769 273 2824 aut
295 2784 350 2826 suo
374 2766 471 2842 capite
503 2770 584 2825 caret
611 2759 721 2846 (στίχος
744 2758 907 2847 ἀκέφαλος)
935 2768 991 2823 aut
1017 2785 1085 2825 cum
1113 2765 1307 2841 praecedente
1335 2784 1423 2825 versu
1451 2767 1495 2824 ita

218 2855 443 2934 coniungendas
466 2858 520 2932 est,
543 2859 579 2913 ut
601 2855 678 2915 duae
701 2855 805 2914 breves
829 2854 960 2913 initiales
979 2873 1047 2912 oum
1065 2855 1157 2932 longa
1175 2854 1258 2913 finali
1276 2873 1371 2913 unum
1390 2855 1494 2930 pedem

217 2944 356 3004 efficiant.
382 2976 423 2984 —
446 2943 474 3001 A
497 2944 586 3003 choro
619 2944 755 3003 sollemni
785 2962 890 3022 gressu
919 2942 1073 3002 incedente
1103 2961 1222 3002 carmen
1252 2945 1408 3001 cantatum
1431 2963 1494 3002 esse

218 3034 319 3093 omnia
342 3034 481 3110 clamant,
505 3035 536 3091 et
558 3052 749 3092 numerorum
772 3032 928 3110 granditas
952 3034 983 3090 et
1006 3031 1150 3090 orationis
1173 3031 1312 3107 splendor
1330 3034 1361 3090 et
1383 3031 1494 3090 diserta

217 3123 329 3182 mentio
352 3123 484 3181 incessus
508 3115 549 3202 (v.
569 3114 609 3202 κ).
655 3121 727 3180 Inde
751 3140 820 3181 cum
843 3125 1046 3198 exspectemus
1074 3120 1273 3197 aequabiliter
1299 3139 1439 3179 numeros
1462 3121 1493 3178 in

218 3211 355 3288 dipodias
379 3210 489 3271 divisos
513 3211 675 3288 decurrere,
695 3230 753 3270 non
778 3211 939 3271 mediocres
963 3211 1120 3286 scrupulos
1141 3209 1228 3269 nobis
1246 3209 1393 3286 tripodiae
1413 3213 1493 3269 cata-

218 3301 340 3360 lecticae
364 3300 465 3359 ultimi
484 3319 587 3359 versus
610 3300 750 3375 strophae
770 3299 913 3376 obiciunt,
937 3318 1012 3376 quos
1036 3299 1141 3358 dubito
1165 3318 1202 3356 an
1226 3299 1282 3358 hac
1304 3299 1494 3375 percussione

220 3389 370 3464 edusius,
385 3389 569 3464 temporibus
593 3389 732 3447 inanibus
755 3389 860 3448 tollere
883 3389 974 3449 liceat

290 3502 1413 3583 Hans-whilssv--2w-wl.']l-Ja.w-wl.⁹.l-vlssll.j
1518 3548 1519 3552 ,

220 3619 326 3689 Quarti
358 3639 477 3696 quoque
510 3640 613 3680 versus
648 3621 788 3696 strophae
823 3620 920 3695 prima
955 3619 1045 3698 longa
1080 3640 1140 3679 non
1171 3619 1311 3678 ultimam
1343 3619 1494 3695 dipodiam

219 3709 421 3784 praecedentis
448 3729 552 3768 versus
580 3710 735 3786 compleri,
768 3709 833 3785 sed,
860 3713 896 3767 ut
922 3709 1004 3767 iusta
1031 3727 1127 3784 pausa
1154 3711 1312 3768 cantorum
1339 3709 1405 3768 voci
1432 3707 1494 3786 fiat,

220 3798 345 3872 primam
368 3801 486 3875 partem
509 3818 603 3858 novae
627 3799 764 3875 dipodias
789 3798 866 3858 effici
889 3798 1064 3857 crediderim
1086 3797 1142 3856 hoc
1164 3797 1252 3857 modo

642 3902 1067 3967 Cr-oo2w-s4.⁵.om.

307 4028 445 4106 Quinque
462 4029 627 4106 primorum
641 4048 782 4089 versuum
800 4030 940 4105 strophae
959 4050 995 4088 ex
1013 4029 1112 4088 codice
1130 4028 1266 4088 coenobii
1285 4028 1314 4087 S.
1329 4029 1495 4088 Salvatoris

221 4117 257 4175 ad
279 4119 448 4178 Messanam
466 4120 652 4178 Athanasius
675 4118 807 4196 Kircher‚
830 4119 964 4196 Musurg.
984 4138 994 4175 1
1014 4129 1065 4176 542
1085 4120 1172 4177 notas
1191 4118 1320 4177 musicas
1339 4119 1433 4177 edidit
1450 4119 1495 4177 ita

220 4206 387 4286 dispositas,
410 4213 446 4267 ut
468 4209 558 4284 primi
581 4209 640 4268 duo
663 4226 767 4267 versus
786 4228 804 4266 a
823 4207 998 4284 coryphaeo,
1022 4206 1132 4283 reliqui
1155 4207 1222 4266 inde
1243 4226 1261 4265 a
1284 4208 1373 4268 tertio
1392 4227 1411 4266 a
1429 4211 1494 4267 toto

220 4296 306 4357 choro
327 4298 529 4358 accinentibus
547 4297 656 4356 fidibus
675 4288 775 4378 (χορὸς
793 4293 823 4368 ἐς
841 4289 986 4378 κιθάραν)
1006 4300 1190 4356 canerentur.
1230 4296 1316 4356 Hanc
1334 4297 1494 4356 melodiam

220 4384 341 4446 Pindari
355 4388 449 4463 ipsius
464 4406 526 4447 esse
541 4386 709 4446 Boeokhius
723 4387 828 4446 Pind.1
844 4398 895 4445 266
906 4405 942 4444 sa.
954 4385 1092 4461 credidit3
1106 4385 1242 4462 plerique
1257 4389 1359 4445 autem
1374 4386 1494 4460 iudices,

220 4476 377 4553 exquibus
387 4477 616 4554 Westphaliunq
635 4476 691 4534 Die
705 4475 805 4534 Musih
820 4476 870 4534 des
884 4474 993 4553 griech.
1008 4475 1192 4534 Altertumes
1205 4495 1233 4550 p.
1249 4485 1292 4551 25,
1307 4477 1338 4533 et
1352 4474 1494 4549 Graiium,

220 4563 263 4624 De
283 4565 384 4626 Graec.
404 4570 461 4625 ret.
480 4586 512 4624 re
536 4565 651 4624 musica
673 4586 701 4641 p.
721 4576 764 4642 50,
787 4565 906 4624 honoris
930 4582 1022 4624 causa
1044 4563 1174 4641 nomino,
1198 4583 1267 4622 oum
1286 4567 1316 4622 et
1335 4563 1425 4623 codex
1444 4562 1494 4620 ille

221 4653 386 4714 Messenius
405 4656 525 4714 anullo
544 4656 627 4714 visus
646 4655 694 4731 sit,
718 4658 748 4714 et
766 4654 946 4713 vocabulum
969 4650 1090 4732 ἀγλαίας
1113 4653 1205 4712 trium
1224 4652 1409 4729 syllabarum
1432 4670 1494 4709 esse

222 4743 257 4802 ab
281 4747 403 4803 auctore
428 4744 516 4802 istius
540 4744 684 4804 melodiae
709 4744 785 4802 falso
809 4743 954 4802 creditum
978 4742 1026 4820 sit,
1047 4746 1078 4801 et
1095 4744 1168 4801 lines
1192 4743 1325 4801 colorum
1348 4740 1494 4800 melodiae

221 4850 288 4893 eum
316 4833 395 4892 falsa
421 4834 558 4893 codicum
585 4833 758 4893 colometria
786 4831 976 4909 concordent,
1004 4832 1137 4907 spuriam
1166 4850 1228 4891 esse
1251 4830 1443 4890 consentiunt
1465 4832 1496 4888 et

271 4942 396 4983 Punuus
410 4942 444 4982 ed.
459 4943 563 4983 christ.
1265 4932 1282 4981 8
