3442 5550
597 407 646 459 111.
672 407 721 457 Du
741 406 848 457 Lt'DIS
867 407 913 456 ET
933 406 1110 460 comicus,
1358 404 1493 457 LXXXlIl

215 574 303 634 sorte
330 568 416 633 iuter
442 573 509 633 tres
538 568 675 633 victores
703 568 819 633 horum
847 568 945 633 trium
977 568 1102 652 parium
1130 573 1163 633 et
1192 567 1367 653 ephedrum
1398 568 1496 632 ducta

216 676 280 740 duo
303 676 394 761 paria
417 676 719 761 committebantur,
742 676 870 741 demum
895 676 958 739 duo
981 676 1119 739 victores
1141 676 1278 740 duorum
1302 675 1418 739 horum
1444 698 1498 759 pa-

217 783 300 847 rium
342 784 380 848 dc
422 804 543 848 corona
584 784 761 848 certabant.
821 783 1031 848 Reiciendam
1072 782 1173 867 igitur
1210 786 1301 866 putet
1337 781 1499 846 rationem

216 889 467 956 Boeclrhianam.

305 995 393 1063 Satis
430 999 496 1062 iam
532 1020 571 1062 ex
607 997 665 1083 iis,
707 1021 787 1083 quae
825 998 921 1063 modo
959 997 1110 1082 exposui,
1151 1002 1286 1082 apparet
1321 997 1395 1081 plus
1432 1018 1497 1061 uno

218 1105 312 1169 modo
346 1104 416 1169 fieri
448 1105 607 1190 potuisse,
645 1110 682 1168 ut
716 1127 799 1169 unus
837 1109 976 1189 quatuor
1009 1104 1210 1169 adversarios
1242 1104 1395 1169 luctando
1430 1104 1497 1168 viu-

218 1216 310 1275 ceret.
361 1212 406 1276 Et
434 1215 471 1274 ut
499 1212 624 1275 duobus
653 1212 808 1296 exemplis
837 1211 1015 1276 Pindaricis
1044 1212 1107 1275 duo
1138 1234 1178 1275 ex
1206 1211 1424 1275 monumentis
1449 1232 1499 1275 ac-

219 1318 343 1401 cedant,
372 1317 470 1382 titulo
494 1315 663 1402 Olympico
691 1341 721 1383 n.
746 1320 809 1384 130
831 1319 943 1405 (Arch.
967 1318 1046 1383 Zeit.
1072 1316 1173 1403 1878)
1201 1317 1370 1402 Philippus
1395 1317 1497 1382 Arcas

219 1424 417 1510 pugilatator
452 1423 615 1507 laudatur,
653 1426 738 1509 quod
771 1424 931 1511 τέσσαρας
962 1425 1078 1512 εὐθείᾳ
1110 1426 1231 1502 παῖδας
1262 1428 1369 1489 ἔκλινε
1401 1424 1499 1509 μάχῃ,

220 1536 250 1596 et
285 1531 437 1597 similiter
468 1553 498 1596 n.
529 1534 591 1597 128
625 1531 783 1597 Xenocles
816 1532 967 1598 luctator.
1021 1531 1193 1597 Praeterea
1224 1532 1304 1596 illud
1337 1532 1497 1617 apparuit,

221 1640 356 1703 multum
380 1637 413 1701 in
438 1636 715 1703 vicissitudinibus
739 1641 953 1705 certaminum
976 1644 1098 1705 sortem
1117 1639 1266 1724 valuisse,
1289 1644 1322 1705 et
1341 1638 1393 1703 cui
1412 1638 1498 1722 ‹pris-

221 1769 277 1831 que
310 1746 568 1811 committeretur
600 1751 633 1810 et
665 1769 817 1831 parumne
849 1748 1008 1813 inveniret
1041 1748 1260 1813 adversarium
1292 1770 1334 1811 an
1364 1746 1495 1831 ephedri

222 1854 394 1919 feliciorem
423 1853 639 1918 conditionem
669 1854 848 1918 sortiretur.
896 1852 958 1919 Sed
987 1877 1065 1919 num
1092 1856 1176 1919 hanc
1204 1855 1246 1919 ob
1270 1876 1399 1919 causam
1425 1852 1498 1916 l'iu-

222 1960 313 2025 darus
337 1959 378 2024 N.
398 1977 432 2023 V1
454 1962 491 2025 71
522 1959 641 2024 festina
670 1966 758 2024 sorte
781 1958 905 2047 (κλάρια
928 1960 1098 2048 προπετεῖ)
1122 1962 1189 2026 suis
1213 1960 1386 2026 clientibus
1410 1981 1498 2024 coro·

223 2089 292 2132 nam
317 2071 463 2152 ereptam
485 2088 555 2131 esse
580 2072 713 2151 questus
738 2066 795 2151 sit,
819 2089 876 2132 suo
900 2067 972 2132 loco
995 2067 1262 2133 examinabimus.

305 2174 357 2239 Ad
384 2179 585 2258 postremum
613 2174 652 2238 de
681 2175 875 2240 certantium
899 2197 1033 2240 numero
1057 2174 1256 2259 quinquertii
1280 2175 1375 2239 nobis
1399 2174 1496 2238 disse·

224 2283 352 2347 rendum
388 2285 447 2345 est.
503 2280 608 2346 Huius
646 2281 731 2345 euim
769 2282 954 2347 certaminis
987 2284 1159 2367 peculiaris
1191 2284 1349 2367 quaedum
1381 2286 1498 2346 natura

223 2389 292 2474 fuit,
315 2388 470 2475 quoniam
493 2388 526 2451 in
551 2409 589 2453 eo
613 2388 711 2472 lucta,
734 2410 816 2473 quae
840 2390 920 2453 duos
945 2389 1146 2455 adversarios
1171 2392 1278 2455 solum
1302 2389 1498 2471 admitteret,

225 2518 291 2562 cum
315 2496 389 2561 aliis
414 2495 601 2581 generibuS,
629 2517 711 2579 quae
739 2500 776 2559 ut
800 2518 927 2561 cursum
958 2501 991 2561 et
1014 2497 1244 2562 iaculationem
1268 2496 1376 2581 plures
1401 2495 1498 2561 simul

224 2602 298 2669 inire
326 2607 477 2688 possent,
508 2602 680 2667 coniuncta
707 2608 785 2668 erat.
836 2602 943 2686 Atque
970 2603 1024 2668 hic
1052 2604 1181 2687 quidem
1209 2605 1282 2668 inde
1305 2603 1400 2667 nobis
1428 2624 1500 2688 pro-

222 2709 424 2775 ficiscendum
453 2714 518 2795 est,
545 2709 631 2793 quod
660 2709 807 2793 quamvis
835 2710 905 2773 fieri
932 2710 1089 2795 potuerit,
1117 2716 1154 2774 ut
1186 2710 1258 2794 quis
1287 2710 1436 2775 omnibus
1465 2709 1499 2773 in

222 2817 358 2901 quinque
377 2817 526 2901 partibus
540 2816 683 2881 vinceret
691 2814 726 2899 ¹),
745 2822 855 2881 tamen
869 2840 928 2883 usu
944 2818 1103 2903 veniebat,
1123 2823 1159 2883 ut
1173 2818 1230 2902 qui
1244 2818 1283 2881 ad
1298 2822 1497 2902 postremum

223 2923 321 2989 victor
348 2945 468 2988 corona
496 2924 687 3007 onrabatur,
715 2922 749 2988 in
778 2946 843 2988 una
865 2924 1006 2989 alterave
1034 2931 1126 3010 parte
1150 2925 1222 2989 aliis
1246 2924 1379 2988 inferior
1402 2924 1499 3009 (ὕπα-

224 3030 312 3117 κρος)
341 3031 529 3096 discessisse
557 3030 761 3095 iudicaretur.
808 3030 898 3096 Adeo
928 3053 1003 3096 vero
1032 3033 1093 3096 hoc
1122 3032 1192 3097 fieri
1216 3032 1355 3114 solebat,
1383 3031 1499 3114 utqui

221 3138 354 3205 summis
377 3139 412 3203 iu
436 3137 608 3225 generibus
633 3137 712 3202 artis
737 3138 946 3224 agonisticae,
971 3160 1067 3203 cursu
1087 3145 1120 3203 et
1143 3139 1241 3223 lucta,
1262 3138 1411 3224 princeps
1434 3159 1499 3201 nou

221 3252 318 3329 esset,
345 3246 401 3311 sed
429 3246 464 3309 in
492 3245 607 3310 ceteris
636 3245 808 3329 generibus
837 3245 909 3309 aliis
937 3245 1159 3329 antecelleret,
1186 3244 1373 3320 πένταθλος
1400 3244 1499 3329 vulgo

221 3350 420 3439 diceremus)
472 3352 542 3428 Quo
575 3375 649 3417 cum
682 3353 826 3437 accedat,
859 3352 944 3435 quod
976 3374 1043 3417 non
1077 3374 1187 3417 omnes
1221 3352 1260 3416 ad
1293 3351 1416 3416 luctam
1448 3351 1501 3414 ad-

221 3460 335 3525 missos
363 3482 433 3524 esse
462 3459 621 3524 Herodoti
644 3476 681 3523 lx
704 3461 747 3525 33
775 3466 809 3523 et
836 3458 1062 3544 Xenophontis
1091 3458 1174 3523 Hell.
1194 3477 1242 3522 vu
1267 3463 1303 3545 4,
1321 3460 1363 3523 29
1392 3480 1501 3522 narru-

221 3566 305 3632 tione
344 3570 490 3652 constat,
525 3572 689 3631 certamen
726 3565 924 3651 quinquertii
959 3566 1061 3630 videri
1093 3571 1202 3649 potest
1234 3566 1281 3629 ita
1313 3565 1500 3629 institutum

221 3672 333 3758 fnisse,
362 3679 400 3737 ut
427 3694 580 3736 numerus
608 3672 803 3737 certantium
831 3674 981 3758 deinceps
1011 3673 1216 3739 minueretur.
1263 3673 1385 3748 Quodsi
1415 3674 1501 3737 lucta

221 3780 297 3867 duo,
329 3779 419 3845 disco
453 3784 520 3844 tres
554 3780 737 3863 certabant,
769 3802 808 3844 ex
838 3779 944 3844 tribus
972 3780 1028 3863 qui
1058 3780 1227 3845 minimum
1255 3779 1344 3843 disco
1374 3779 1502 3843 valebat

222 3887 396 3953 certamine
425 3885 612 3950 luctaminis
636 3886 874 3951 excludebatur.
920 3885 990 3951 Iam
1015 3887 1041 3951 si
1066 3888 1177 3951 eadem
1201 3885 1285 3949 ratio
1309 3884 1344 3948 in
1367 3884 1501 3968 reliquis

221 3995 369 4080 partibus
398 3991 596 4077 quinquertii
625 3993 740 4075 valuit,
769 3994 808 4057 ad
837 3993 957 4058 saltum
986 4016 1113 4079 omnes,
1140 3994 1179 4058 ad
1208 4015 1338 4058 cursum
1361 3991 1502 4076 quinque

309 4156 337 4219 1)
361 4150 507 4205 Accidisse
529 4152 594 4220 hoc,
620 4152 668 4205 sed
692 4167 755 4205 raro
779 4154 901 4205 testatur
919 4151 1057 4206 Aristides
1078 4150 1197 4205 Panath.
1216 4168 1244 4219 p.
1260 4154 1312 4202 318
1332 4149 1429 4217 Dind,
1454 4149 1502 4203 ubi

257 4226 370 4293 atquem
395 4225 521 4277 veterum
540 4222 752 4277 Atheniensium
778 4223 955 4277 concordiam
980 4227 1009 4275 et
1026 4223 1221 4277 fortitudinem
1240 4221 1382 4288 laudavit,
1407 4221 1502 4275 addit:

220 4241 281 4365 idol
305 4294 358 4365 μὲν
381 4292 433 4349 οὖν
457 4292 524 4348 cett
547 4293 700 4348 πένταθλοι
727 4298 859 4349 δοκοῦσιν
883 4295 910 4347 οἱ
932 4294 1027 4349 πάντα
1051 4304 1182 4356 νικῶντες
1203 4301 1337 4346 τοσοῦτον
1355 4300 1413 4355 τοῖς
1432 4301 1502 4345 πᾶσι

219 4376 341 4434 κρατεῖν.
380 4365 487 4419 Eodem
510 4365 584 4419 redit
608 4382 660 4419 vox
684 4365 877 4435 Xenophontis
901 4366 974 4420 Hell.
993 4386 1021 4419 ιν
1042 4372 1098 4433 Lo
1121 4362 1339 4431 πυνθανόμενος
1363 4363 1378 4415 d
1401 4362 1502 4433 Ἀγησί-

218 4443 298 4501 πολις
317 4447 372 4491 τῶν
387 4446 569 4505 στρατιωτῶν,
588 4435 666 4507 μέχρι
685 4435 737 4506 μὲν
755 4446 804 4491 ποῖ
821 4438 892 4504 πρὸς
909 4438 940 4490 τὸ
959 4446 1049 4508 τεῖχος
1068 4437 1172 4507 ἤγαγεν
1191 4436 1205 4489 ὁ
1223 4432 1404 4505 Ἀγησίπολις,
1421 4433 1503 4521 μέχρι

219 4510 252 4564 δὲ
274 4518 326 4563 ποῖ
346 4508 397 4578 τὴν
415 4510 510 4579 χώραν
528 4507 659 4590 ἐδῄωσεν,
683 4506 774 4577 ὥσπερ
793 4507 952 4571 πένταθλος
974 4512 1067 4580 πάντῃ
1087 4508 1132 4561 ἐπὶ
1155 4506 1187 4560 τὸ
1209 4506 1295 4561 πλέον
1318 4508 1503 4578 canopeum

221 4580 359 4650 ἐπειρᾶτο.
397 4579 494 4633 Potuit
517 4564 625 4633 scilicet
648 4580 812 4650 pentathlus
835 4598 891 4634 non
910 4581 1001 4635 solum
1019 4597 1074 4633 uno
1094 4580 1143 4632 sed
1162 4578 1303 4647 pluribus,
1327 4578 1396 4647 quin
1415 4577 1502 4631 etiam

221 4653 351 4707 omnibus
389 4651 518 4705 oneribus
537 4652 701 4706 certaminis
720 4652 865 4707 excellere.

309 4728 338 4791 2)
387 4740 420 4777 oc
439 4722 607 4777 vocabulum
626 4723 655 4777 in
678 4724 857 4793 proverbium
878 4723 982 4779 abiisse
1002 4726 1085 4779 docet
1103 4720 1181 4777 locus
1201 4722 1245 4775 Ps.
1265 4720 1391 4775 Platonis
1411 4719 1502 4773 Erast.

223 4812 248 4864 p.
262 4795 350 4849 135ss
370 4798 399 4848 et
417 4811 570 4864 cognomen
587 4793 811 4863 Ἐρατοσθένους
828 4795 990 4851 πεντάθλου
1010 4814 1053 4866 ap.
1075 4793 1191 4848 Suidam
1210 4812 1232 4847 a.
1247 4810 1272 4847 v.
1289 4790 1505 4861 Ἐρατοσθένης,

224 4866 332 4937 dequo
351 4869 555 4921 commentatus
574 4882 638 4919 cum
656 4866 860 4949 Platon3Stud.
880 4887 906 4938 p.
923 4874 965 4923 56.

1258 4956 1291 5005 ,-
