<?xml version="1.0" encoding="UTF-8"?>
<!DOCTYPE html PUBLIC "-//W3C//DTD XHTML 1.0 Transitional//EN"
    "http://www.w3.org/TR/xhtml1/DTD/xhtml1-transitional.dtd">
<html xmlns="http://www.w3.org/1999/xhtml" xml:lang="en" lang="en">
 <head>
  <title>
</title>
<meta http-equiv="Content-Type" content="text/html;charset=utf-8" />
  <meta name='ocr-system' content='tesseract 3.04.00' />
  <meta name='ocr-capabilities' content='ocr_page ocr_carea ocr_par ocr_line ocrx_word'/>
</head>
<body>
  <div class='ocr_page' id='page_1' title='image "./pindaricarminap00chrigoog/pindaricarminap00chrigoog_0397.png"; bbox 0 0 3442 5550; ppageno 0'>
   <div class='ocr_carea' id='block_1_1' title="bbox 736 1220 959 1278">
    <p class='ocr_par' dir='ltr' id='par_1_1' title="bbox 736 1220 959 1278">
     <span class='ocr_line' id='line_1_1' title="bbox 736 1220 959 1278; baseline 0.009 -4"><span class='ocrx_word' id='word_1_1' title='bbox 736 1226 895 1278; x_wconf 79' lang='lat' dir='ltr'><strong>NEMEON.</strong></span> <span class='ocrx_word' id='word_1_2' title='bbox 915 1220 959 1276; x_wconf 84' lang='lat' dir='ltr'>F&#39;.</span> 
     </span>
    </p>
   </div>
   <div class='ocr_carea' id='block_1_2' title="bbox 372 1385 1313 1472">
    <p class='ocr_par' dir='ltr' id='par_1_2' title="bbox 372 1385 1313 1472">
     <span class='ocr_line' id='line_1_2' title="bbox 372 1385 1313 1472; baseline -0.002 0"><span class='ocrx_word' id='word_1_3' title='bbox 372 1387 911 1472; x_wconf 57' lang='grc' dir='ltr'>ΑΡΙΣΤΟΚΛΕΙΔΗι</span> <span class='ocrx_word' id='word_1_4' title='bbox 946 1385 1313 1470; x_wconf 71' lang='grc' dir='ltr'><strong>ΑΙΓΙΝΗΤΗι</strong></span> 
     </span>
    </p>
   </div>
   <div class='ocr_carea' id='block_1_3' title="bbox 698 1582 997 1634">
    <p class='ocr_par' dir='ltr' id='par_1_3' title="bbox 698 1582 997 1634">
     <span class='ocr_line' id='line_1_3' title="bbox 698 1582 997 1634; baseline -0.003 0"><span class='ocrx_word' id='word_1_5' title='bbox 698 1582 997 1634; x_wconf 77' lang='grc' dir='ltr'><strong>ΠΑΓΚΡΑΤΙΑΣΤΗι.</strong></span> 
     </span>
    </p>
   </div>
   <div class='ocr_carea' id='block_1_4' title="bbox 760 1884 936 1954">
    <p class='ocr_par' dir='ltr' id='par_1_4' title="bbox 760 1884 936 1954">
     <span class='ocr_line' id='line_1_4' title="bbox 760 1884 936 1954; baseline -0.023 -15"><span class='ocrx_word' id='word_1_6' title='bbox 760 1884 936 1954; x_wconf 89' lang='lat' dir='ltr'>Strophae.</span> 
     </span>
    </p>
   </div>
   <div class='ocr_carea' id='block_1_5' title="bbox 512 1993 1055 2059">
    <p class='ocr_par' dir='ltr' id='par_1_5' title="bbox 512 1993 1055 2059">
     <span class='ocr_line' id='line_1_5' title="bbox 512 1993 1055 2059; baseline -0.002 -15"><span class='ocrx_word' id='word_1_7' title='bbox 512 1993 876 2059; x_wconf 64' lang='grc' dir='ltr'>υυιυ-υΙιυυ-</span> <span class='ocrx_word' id='word_1_8' title='bbox 949 1994 1055 2043; x_wconf 62' lang='grc' dir='ltr'>Ξυυ</span> 
     </span>
    </p>
   </div>
   <div class='ocr_carea' id='block_1_6' title="bbox 732 3440 974 3522">
    <p class='ocr_par' dir='ltr' id='par_1_6' title="bbox 732 3440 974 3522">
     <span class='ocr_line' id='line_1_6' title="bbox 732 3440 974 3522; baseline -0.004 -19"><span class='ocrx_word' id='word_1_9' title='bbox 732 3440 974 3522; x_wconf 78' lang='lat' dir='ltr'><strong>Argumentum.</strong></span> 
     </span>
    </p>
   </div>
   <div class='ocr_carea' id='block_1_7' title="bbox 215 3544 1496 4879">
    <p class='ocr_par' dir='ltr' id='par_1_7' title="bbox 215 3544 1496 4879">
     <span class='ocr_line' id='line_1_7' title="bbox 305 3544 1488 3632; baseline 0 -21"><span class='ocrx_word' id='word_1_10' title='bbox 305 3552 430 3612; x_wconf 80' lang='lat' dir='ltr'>Carmen</span> <span class='ocrx_word' id='word_1_11' title='bbox 449 3555 504 3613; x_wconf 91' lang='lat' dir='ltr'>hoc</span> <span class='ocrx_word' id='word_1_12' title='bbox 523 3554 755 3629; x_wconf 86' lang='lat' dir='ltr'>pulcherrimum</span> <span class='ocrx_word' id='word_1_13' title='bbox 775 3551 963 3611; x_wconf 86' lang='lat' dir='ltr'>Aristoclidis</span> <span class='ocrx_word' id='word_1_14' title='bbox 977 3551 1187 3627; x_wconf 81' lang='lat' dir='ltr'>Aristophanis</span> <span class='ocrx_word' id='word_1_15' title='bbox 1207 3550 1259 3609; x_wconf 91' lang='lat' dir='ltr'>filii</span> <span class='ocrx_word' id='word_1_16' title='bbox 1280 3546 1321 3631; x_wconf 79' lang='lat' dir='ltr'>(n.</span> <span class='ocrx_word' id='word_1_17' title='bbox 1337 3544 1387 3632; x_wconf 71' lang='lat'>20)</span> <span class='ocrx_word' id='word_1_18' title='bbox 1402 3550 1488 3631; x_wconf 76' lang='lat' dir='ltr'>Aegi-</span> 
     </span>
     <span class='ocr_line' id='line_1_8' title="bbox 215 3639 1489 3718; baseline -0.002 -18"><span class='ocrx_word' id='word_1_19' title='bbox 215 3646 303 3701; x_wconf 86' lang='lat' dir='ltr'>netae</span> <span class='ocrx_word' id='word_1_20' title='bbox 321 3641 479 3701; x_wconf 84' lang='lat' dir='ltr'>uictoriam</span> <span class='ocrx_word' id='word_1_21' title='bbox 497 3643 652 3718; x_wconf 88' lang='lat' dir='ltr'>pancratio</span> <span class='ocrx_word' id='word_1_22' title='bbox 667 3642 787 3701; x_wconf 83' lang='lat' dir='ltr'>Nemeis</span> <span class='ocrx_word' id='word_1_23' title='bbox 805 3642 884 3700; x_wconf 90' lang='lat' dir='ltr'>ludis</span> <span class='ocrx_word' id='word_1_24' title='bbox 903 3646 1021 3716; x_wconf 87' lang='lat' dir='ltr'>partam</span> <span class='ocrx_word' id='word_1_25' title='bbox 1035 3641 1227 3715; x_wconf 76' lang='lat' dir='ltr'>eiusdemque</span> <span class='ocrx_word' id='word_1_26' title='bbox 1245 3639 1389 3701; x_wconf 86' lang='lat' dir='ltr'>victorias</span> <span class='ocrx_word' id='word_1_27' title='bbox 1403 3644 1489 3699; x_wconf 81' lang='lat' dir='ltr'>antea</span> 
     </span>
     <span class='ocr_line' id='line_1_9' title="bbox 217 3729 1489 3808; baseline -0.001 -19"><span class='ocrx_word' id='word_1_28' title='bbox 217 3730 362 3806; x_wconf 82' lang='lat' dir='ltr'>Epidauri</span> <span class='ocrx_word' id='word_1_29' title='bbox 394 3734 425 3789; x_wconf 86' lang='lat' dir='ltr'>et</span> <span class='ocrx_word' id='word_1_30' title='bbox 452 3731 581 3808; x_wconf 84' lang='lat' dir='ltr'>Megaris</span> <span class='ocrx_word' id='word_1_31' title='bbox 613 3734 781 3807; x_wconf 72' lang='lat' dir='ltr'>reportatas</span> <span class='ocrx_word' id='word_1_32' title='bbox 812 3731 953 3789; x_wconf 89' lang='lat' dir='ltr'>illustrat.</span> <span class='ocrx_word' id='word_1_33' title='bbox 1004 3730 1165 3789; x_wconf 86' lang='lat' dir='ltr'>Cantatum</span> <span class='ocrx_word' id='word_1_34' title='bbox 1198 3729 1229 3787; x_wconf 92' lang='lat' dir='ltr'>id</span> <span class='ocrx_word' id='word_1_35' title='bbox 1260 3747 1323 3789; x_wconf 90' lang='lat' dir='ltr'>essa</span> <span class='ocrx_word' id='word_1_36' title='bbox 1354 3748 1374 3787; x_wconf 85' lang='lat' dir='ltr'>a</span> <span class='ocrx_word' id='word_1_37' title='bbox 1402 3729 1489 3790; x_wconf 88' lang='lat' dir='ltr'>choro</span> 
     </span>
     <span class='ocr_line' id='line_1_10' title="bbox 216 3812 1491 3904; baseline -0.002 -27"><span class='ocrx_word' id='word_1_38' title='bbox 216 3820 358 3878; x_wconf 83' lang='lat' dir='ltr'>iuvenum</span> <span class='ocrx_word' id='word_1_39' title='bbox 381 3819 412 3877; x_wconf 91' lang='lat' dir='ltr'>in</span> <span class='ocrx_word' id='word_1_40' title='bbox 435 3821 519 3878; x_wconf 84' lang='lat' dir='ltr'>ouria</span> <span class='ocrx_word' id='word_1_41' title='bbox 538 3812 682 3904; x_wconf 80' lang='grc' dir='ltr'>(Θεαρίῳ)</span> <span class='ocrx_word' id='word_1_42' title='bbox 701 3820 780 3879; x_wconf 87' lang='lat' dir='ltr'>inter</span> <span class='ocrx_word' id='word_1_43' title='bbox 803 3820 907 3894; x_wconf 82' lang='lat' dir='ltr'>epulas</span> <span class='ocrx_word' id='word_1_44' title='bbox 931 3838 949 3877; x_wconf 96' lang='lat' dir='ltr'>a</span> <span class='ocrx_word' id='word_1_45' title='bbox 968 3819 1079 3879; x_wconf 85' lang='lat' dir='ltr'>theoria</span> <span class='ocrx_word' id='word_1_46' title='bbox 1097 3818 1252 3896; x_wconf 79' lang='lat' dir='ltr'>Aeginetis</span> <span class='ocrx_word' id='word_1_47' title='bbox 1275 3822 1440 3894; x_wconf 84' lang='lat' dir='ltr'>apparatas</span> <span class='ocrx_word' id='word_1_48' title='bbox 1457 3836 1491 3878; x_wconf 79' lang='lat' dir='ltr'>ei</span> 
     </span>
     <span class='ocr_line' id='line_1_11' title="bbox 216 3906 1491 3986; baseline 0 -19"><span class='ocrx_word' id='word_1_49' title='bbox 216 3926 304 3967; x_wconf 86' lang='lat' dir='ltr'>versu</span> <span class='ocrx_word' id='word_1_50' title='bbox 324 3921 357 3967; x_wconf 70' lang='lat' dir='ltr'>to</span> <span class='ocrx_word' id='word_1_51' title='bbox 377 3912 510 3985; x_wconf 88' lang='lat' dir='ltr'>apparet,</span> <span class='ocrx_word' id='word_1_52' title='bbox 534 3929 593 3986; x_wconf 93' lang='lat' dir='ltr'>quo</span> <span class='ocrx_word' id='word_1_53' title='bbox 618 3910 719 3970; x_wconf 90' lang='lat' dir='ltr'>eodem</span> <span class='ocrx_word' id='word_1_54' title='bbox 739 3930 774 3968; x_wconf 81' lang='lat' dir='ltr'>ex</span> <span class='ocrx_word' id='word_1_55' title='bbox 797 3909 862 3968; x_wconf 91' lang='lat' dir='ltr'>loco</span> <span class='ocrx_word' id='word_1_56' title='bbox 886 3908 962 3966; x_wconf 90' lang='lat' dir='ltr'>illud</span> <span class='ocrx_word' id='word_1_57' title='bbox 981 3927 1100 3984; x_wconf 89' lang='lat' dir='ltr'>quoque</span> <span class='ocrx_word' id='word_1_58' title='bbox 1120 3907 1257 3985; x_wconf 78' lang='lat' dir='ltr'>efficitur,</span> <span class='ocrx_word' id='word_1_59' title='bbox 1280 3906 1491 3967; x_wconf 84' lang='lat' dir='ltr'>Aristoclidem</span> 
     </span>
     <span class='ocr_line' id='line_1_12' title="bbox 218 3996 1491 4076; baseline 0.001 -22"><span class='ocrx_word' id='word_1_60' title='bbox 218 4017 277 4073; x_wconf 91' lang='lat' dir='ltr'>quo</span> <span class='ocrx_word' id='word_1_61' title='bbox 301 4000 433 4073; x_wconf 88' lang='lat' dir='ltr'>tempore</span> <span class='ocrx_word' id='word_1_62' title='bbox 458 4017 576 4057; x_wconf 90' lang='lat' dir='ltr'>carmen</span> <span class='ocrx_word' id='word_1_63' title='bbox 595 3999 782 4076; x_wconf 86' lang='lat' dir='ltr'>cantabatur,</span> <span class='ocrx_word' id='word_1_64' title='bbox 807 3998 837 4057; x_wconf 90' lang='lat' dir='ltr'>in</span> <span class='ocrx_word' id='word_1_65' title='bbox 857 3997 983 4075; x_wconf 82' lang='lat' dir='ltr'>collegio</span> <span class='ocrx_word' id='word_1_66' title='bbox 1002 4001 1136 4075; x_wconf 78' lang='grc' dir='ltr'><em>θεωρῶν,</em></span> <span class='ocrx_word' id='word_1_67' title='bbox 1160 3997 1221 4056; x_wconf 81' lang='lat' dir='ltr'>sive</span> <span class='ocrx_word' id='word_1_68' title='bbox 1241 3996 1411 4057; x_wconf 75' lang='lat' dir='ltr'>sacerdotes</span> <span class='ocrx_word' id='word_1_69' title='bbox 1431 3997 1491 4057; x_wconf 81' lang='lat' dir='ltr'>sire</span> 
     </span>
     <span class='ocr_line' id='line_1_13' title="bbox 217 4085 1492 4164; baseline -0.002 -18"><span class='ocrx_word' id='word_1_70' title='bbox 217 4090 368 4146; x_wconf 77' lang='lat' dir='ltr'>senatores</span> <span class='ocrx_word' id='word_1_71' title='bbox 396 4087 441 4145; x_wconf 90' lang='lat' dir='ltr'>illi</span> <span class='ocrx_word' id='word_1_72' title='bbox 469 4092 568 4164; x_wconf 86' lang='lat' dir='ltr'>eraut,</span> <span class='ocrx_word' id='word_1_73' title='bbox 599 4088 776 4147; x_wconf 84' lang='lat' dir='ltr'>interfuisse.</span> <span class='ocrx_word' id='word_1_74' title='bbox 824 4088 853 4146; x_wconf 89' lang='lat' dir='ltr'>Is</span> <span class='ocrx_word' id='word_1_75' title='bbox 883 4090 949 4145; x_wconf 89' lang='lat' dir='ltr'>tum</span> <span class='ocrx_word' id='word_1_76' title='bbox 977 4086 1119 4162; x_wconf 88' lang='lat' dir='ltr'>temporis</span> <span class='ocrx_word' id='word_1_77' title='bbox 1143 4085 1203 4145; x_wconf 90' lang='lat' dir='ltr'>iam</span> <span class='ocrx_word' id='word_1_78' title='bbox 1226 4090 1369 4161; x_wconf 88' lang='lat' dir='ltr'>provecta</span> <span class='ocrx_word' id='word_1_79' title='bbox 1393 4088 1492 4146; x_wconf 84' lang='lat' dir='ltr'>aetate</span> 
     </span>
     <span class='ocr_line' id='line_1_14' title="bbox 217 4175 1493 4253; baseline -0.002 -18"><span class='ocrx_word' id='word_1_80' title='bbox 217 4178 289 4251; x_wconf 81' lang='lat' dir='ltr'>erat,</span> <span class='ocrx_word' id='word_1_81' title='bbox 314 4176 554 4253; x_wconf 86' lang='lat' dir='ltr'>quandoquidem</span> <span class='ocrx_word' id='word_1_82' title='bbox 578 4177 609 4235; x_wconf 94' lang='lat' dir='ltr'>in</span> <span class='ocrx_word' id='word_1_83' title='bbox 633 4177 821 4252; x_wconf 82' lang='lat' dir='ltr'>antistropha</span> <span class='ocrx_word' id='word_1_84' title='bbox 841 4180 950 4252; x_wconf 82' lang='lat' dir='ltr'>quarta</span> <span class='ocrx_word' id='word_1_85' title='bbox 968 4176 1106 4235; x_wconf 88' lang='lat' dir='ltr'>iuvenilis</span> <span class='ocrx_word' id='word_1_86' title='bbox 1125 4179 1155 4234; x_wconf 92' lang='lat' dir='ltr'>et</span> <span class='ocrx_word' id='word_1_87' title='bbox 1170 4175 1265 4234; x_wconf 82' lang='lat' dir='ltr'>virilis</span> <span class='ocrx_word' id='word_1_88' title='bbox 1284 4178 1315 4234; x_wconf 91' lang='lat' dir='ltr'>ct</span> <span class='ocrx_word' id='word_1_89' title='bbox 1333 4178 1493 4251; x_wconf 80' lang='lat' dir='ltr'>provectae</span> 
     </span>
     <span class='ocr_line' id='line_1_15' title="bbox 218 4264 1493 4342; baseline 0 -18"><span class='ocrx_word' id='word_1_90' title='bbox 218 4265 326 4324; x_wconf 83' lang='lat' dir='ltr'>aetatis</span> <span class='ocrx_word' id='word_1_91' title='bbox 349 4284 473 4324; x_wconf 89' lang='lat' dir='ltr'>munera</span> <span class='ocrx_word' id='word_1_92' title='bbox 496 4266 607 4342; x_wconf 90' lang='lat' dir='ltr'>optime</span> <span class='ocrx_word' id='word_1_93' title='bbox 632 4266 854 4325; x_wconf 86' lang='lat' dir='ltr'>administrasse</span> <span class='ocrx_word' id='word_1_94' title='bbox 877 4265 1024 4324; x_wconf 83' lang='lat' dir='ltr'>laudatur.</span> <span class='ocrx_word' id='word_1_95' title='bbox 1062 4265 1166 4341; x_wconf 87' lang='lat' dir='ltr'>Neque</span> <span class='ocrx_word' id='word_1_96' title='bbox 1184 4265 1258 4324; x_wconf 85' lang='lat' dir='ltr'>haec</span> <span class='ocrx_word' id='word_1_97' title='bbox 1276 4264 1408 4340; x_wconf 86' lang='lat' dir='ltr'>epinicia</span> <span class='ocrx_word' id='word_1_98' title='bbox 1425 4284 1493 4325; x_wconf 86' lang='lat' dir='ltr'>con·</span> 
     </span>
     <span class='ocr_line' id='line_1_16' title="bbox 218 4353 1493 4433; baseline 0.001 -20"><span class='ocrx_word' id='word_1_99' title='bbox 218 4355 302 4413; x_wconf 91' lang='lat' dir='ltr'>tinuo</span> <span class='ocrx_word' id='word_1_100' title='bbox 321 4356 390 4430; x_wconf 90' lang='lat' dir='ltr'>post-</span> <span class='ocrx_word' id='word_1_101' title='bbox 407 4354 565 4415; x_wconf 81' lang='lat' dir='ltr'>victoriam</span> <span class='ocrx_word' id='word_1_102' title='bbox 585 4356 772 4433; x_wconf 79' lang='lat' dir='ltr'>Nemeaeum,</span> <span class='ocrx_word' id='word_1_103' title='bbox 792 4356 841 4415; x_wconf 89' lang='lat' dir='ltr'>sed</span> <span class='ocrx_word' id='word_1_104' title='bbox 862 4354 1018 4431; x_wconf 86' lang='lat' dir='ltr'>aliquanto</span> <span class='ocrx_word' id='word_1_105' title='bbox 1037 4358 1113 4431; x_wconf 82' lang='lat' dir='ltr'>post,</span> <span class='ocrx_word' id='word_1_106' title='bbox 1128 4353 1270 4414; x_wconf 86' lang='lat' dir='ltr'>redeunte</span> <span class='ocrx_word' id='word_1_107' title='bbox 1289 4371 1374 4414; x_wconf 90' lang='lat' dir='ltr'>sacro</span> <span class='ocrx_word' id='word_1_108' title='bbox 1393 4371 1493 4414; x_wconf 85' lang='lat' dir='ltr'>mensa</span> 
     </span>
     <span class='ocr_line' id='line_1_17' title="bbox 218 4443 1494 4522; baseline 0 -20"><span class='ocrx_word' id='word_1_109' title='bbox 218 4444 406 4520; x_wconf 87' lang='lat' dir='ltr'>Nemeorum,</span> <span class='ocrx_word' id='word_1_110' title='bbox 425 4447 493 4503; x_wconf 85' lang='lat' dir='ltr'>aeta</span> <span class='ocrx_word' id='word_1_111' title='bbox 512 4463 573 4503; x_wconf 89' lang='lat' dir='ltr'>esse</span> <span class='ocrx_word' id='word_1_112' title='bbox 593 4448 683 4521; x_wconf 91' lang='lat' dir='ltr'>poeta</span> <span class='ocrx_word' id='word_1_113' title='bbox 701 4445 763 4522; x_wconf 88' lang='lat' dir='ltr'>ipse</span> <span class='ocrx_word' id='word_1_114' title='bbox 783 4465 829 4505; x_wconf 85' lang='lat' dir='ltr'>vv.</span> <span class='ocrx_word' id='word_1_115' title='bbox 846 4454 914 4503; x_wconf 76' lang='lat'>1-⁶</span> <span class='ocrx_word' id='word_1_116' title='bbox 933 4443 1105 4503; x_wconf 86' lang='lat' dir='ltr'>declaravit.</span> <span class='ocrx_word' id='word_1_117' title='bbox 1141 4443 1252 4502; x_wconf 88' lang='lat' dir='ltr'>Tamen</span> <span class='ocrx_word' id='word_1_118' title='bbox 1271 4443 1386 4503; x_wconf 88' lang='lat' dir='ltr'>multos</span> <span class='ocrx_word' id='word_1_119' title='bbox 1399 4460 1494 4503; x_wconf 86' lang='lat' dir='ltr'>annos</span> 
     </span>
     <span class='ocr_line' id='line_1_18' title="bbox 217 4532 1493 4609; baseline 0.001 -19"><span class='ocrx_word' id='word_1_120' title='bbox 217 4533 296 4591; x_wconf 84' lang='lat' dir='ltr'>iuter</span> <span class='ocrx_word' id='word_1_121' title='bbox 327 4532 484 4592; x_wconf 81' lang='lat' dir='ltr'>victoriam</span> <span class='ocrx_word' id='word_1_122' title='bbox 515 4535 545 4591; x_wconf 84' lang='lat' dir='ltr'>at</span> <span class='ocrx_word' id='word_1_123' title='bbox 576 4534 704 4609; x_wconf 84' lang='lat' dir='ltr'>epinicia</span> <span class='ocrx_word' id='word_1_124' title='bbox 736 4534 935 4594; x_wconf 87' lang='lat' dir='ltr'>intercessisse</span> <span class='ocrx_word' id='word_1_125' title='bbox 965 4536 996 4592; x_wconf 88' lang='lat' dir='ltr'>et</span> <span class='ocrx_word' id='word_1_126' title='bbox 1022 4532 1232 4592; x_wconf 86' lang='lat' dir='ltr'>Aristoclidem</span> <span class='ocrx_word' id='word_1_127' title='bbox 1263 4532 1325 4591; x_wconf 88' lang='lat' dir='ltr'>iarn</span> <span class='ocrx_word' id='word_1_128' title='bbox 1354 4532 1493 4593; x_wconf 78' lang='lat' dir='ltr'>iuvenem</span> 
     </span>
     <span class='ocr_line' id='line_1_19' title="bbox 218 4620 1496 4698; baseline 0 -18"><span class='ocrx_word' id='word_1_129' title='bbox 218 4622 330 4681; x_wconf 88' lang='lat' dir='ltr'>Nemea</span> <span class='ocrx_word' id='word_1_130' title='bbox 353 4621 459 4681; x_wconf 84' lang='lat' dir='ltr'>uicisse</span> <span class='ocrx_word' id='word_1_131' title='bbox 483 4622 659 4698; x_wconf 90' lang='lat' dir='ltr'>neutiquam</span> <span class='ocrx_word' id='word_1_132' title='bbox 682 4624 863 4683; x_wconf 86' lang='lat' dir='ltr'>crediderim.</span> <span class='ocrx_word' id='word_1_133' title='bbox 904 4620 1046 4691; x_wconf 82' lang='lat' dir='ltr'>Quamuis</span> <span class='ocrx_word' id='word_1_134' title='bbox 1069 4621 1149 4680; x_wconf 90' lang='lat' dir='ltr'>enim</span> <span class='ocrx_word' id='word_1_135' title='bbox 1171 4620 1319 4698; x_wconf 88' lang='lat' dir='ltr'>pancratii</span> <span class='ocrx_word' id='word_1_136' title='bbox 1342 4624 1496 4682; x_wconf 85' lang='lat' dir='ltr'>certamen</span> 
     </span>
     <span class='ocr_line' id='line_1_20' title="bbox 218 4710 1496 4788; baseline 0.001 -20"><span class='ocrx_word' id='word_1_137' title='bbox 218 4710 401 4770; x_wconf 90' lang='lat' dir='ltr'>laboriosum</span> <span class='ocrx_word' id='word_1_138' title='bbox 429 4710 552 4771; x_wconf 90' lang='lat' dir='ltr'>Pindari</span> <span class='ocrx_word' id='word_1_139' title='bbox 583 4713 766 4788; x_wconf 84' lang='lat' dir='ltr'>temporibus</span> <span class='ocrx_word' id='word_1_140' title='bbox 798 4714 858 4771; x_wconf 90' lang='lat' dir='ltr'>fere</span> <span class='ocrx_word' id='word_1_141' title='bbox 889 4710 1010 4769; x_wconf 86' lang='lat' dir='ltr'>iuvenes</span> <span class='ocrx_word' id='word_1_142' title='bbox 1043 4710 1184 4788; x_wconf 73' lang='lat' dir='ltr'>obierint¹</span> <span class='ocrx_word' id='word_1_143' title='bbox 1216 4714 1316 4770; x_wconf 78' lang='lat' dir='ltr'>tamon</span> <span class='ocrx_word' id='word_1_144' title='bbox 1344 4731 1382 4771; x_wconf 88' lang='lat' dir='ltr'>ne</span> <span class='ocrx_word' id='word_1_145' title='bbox 1413 4710 1496 4771; x_wconf 83' lang='lat' dir='ltr'>viros</span> 
     </span>
     <span class='ocr_line' id='line_1_21' title="bbox 219 4796 1496 4879; baseline 0.003 -23"><span class='ocrx_word' id='word_1_146' title='bbox 219 4799 338 4877; x_wconf 91' lang='lat' dir='ltr'>quidem</span> <span class='ocrx_word' id='word_1_147' title='bbox 363 4800 482 4861; x_wconf 79' lang='lat' dir='ltr'>adultos</span> <span class='ocrx_word' id='word_1_148' title='bbox 506 4819 524 4859; x_wconf 88' lang='lat' dir='ltr'>a</span> <span class='ocrx_word' id='word_1_149' title='bbox 542 4796 693 4861; x_wconf 83' lang='lat' dir='ltr'>laboribus</span> <span class='ocrx_word' id='word_1_150' title='bbox 711 4802 802 4860; x_wconf 89' lang='lat' dir='ltr'>huius</span> <span class='ocrx_word' id='word_1_151' title='bbox 820 4799 991 4859; x_wconf 85' lang='lat' dir='ltr'>certaminis</span> <span class='ocrx_word' id='word_1_152' title='bbox 1010 4818 1131 4876; x_wconf 91' lang='lat' dir='ltr'>prorsus</span> <span class='ocrx_word' id='word_1_153' title='bbox 1151 4799 1339 4859; x_wconf 84' lang='lat' dir='ltr'>abhorruisse</span> <span class='ocrx_word' id='word_1_154' title='bbox 1358 4800 1496 4879; x_wconf 80' lang='lat' dir='ltr'>exemplo</span> 
     </span>
    </p>
   </div>
   <div class='ocr_carea' id='block_1_8' title="bbox 0 0 1751 5550">
    <p class='ocr_par' dir='ltr' id='par_1_8' title="bbox 0 0 1751 5550">
     <span class='ocr_line' id='line_1_22' title="bbox 0 0 1751 5550; baseline 0 0"><span class='ocrx_word' id='word_1_155' title='bbox 0 0 1751 5550; x_wconf 95' lang='lat' dir='ltr'> </span> 
     </span>
    </p>
   </div>
  </div>
 </body>
</html>
