<?xml version="1.0" encoding="UTF-8"?>
<!DOCTYPE html PUBLIC "-//W3C//DTD XHTML 1.0 Transitional//EN"
    "http://www.w3.org/TR/xhtml1/DTD/xhtml1-transitional.dtd">
<html xmlns="http://www.w3.org/1999/xhtml" xml:lang="en" lang="en">
 <head>
  <title>
</title>
<meta http-equiv="Content-Type" content="text/html;charset=utf-8" />
  <meta name='ocr-system' content='tesseract 3.04.00' />
  <meta name='ocr-capabilities' content='ocr_page ocr_carea ocr_par ocr_line ocrx_word'/>
</head>
<body>
  <div class='ocr_page' id='page_1' title='image "./pindaricarminap00chrigoog_0296.png"; bbox 0 0 3442 5550; ppageno 0'>
   <div class='ocr_carea' id='block_1_1' title="bbox 756 365 1486 472">
    <p class='ocr_par' dir='ltr' id='par_1_1' title="bbox 756 365 1486 472">
     <span class='ocr_line' id='line_1_1' title="bbox 756 365 1486 472; baseline -0.001 -12"><span class='ocrx_word' id='word_1_1' title='bbox 756 365 886 460; x_wconf 78' lang='lat' dir='ltr'>ruram</span> <span class='ocrx_word' id='word_1_2' title='bbox 905 411 951 461; x_wconf 87' lang='lat' dir='ltr'>rv.</span> <span class='ocrx_word' id='word_1_3' title='bbox 1425 407 1486 472; x_wconf 75' lang='lat'>147</span> 
     </span>
    </p>
   </div>
   <div class='ocr_carea' id='block_1_2' title="bbox 215 574 1578 5017">
    <p class='ocr_par' dir='ltr' id='par_1_2' title="bbox 215 574 1578 2894">
     <span class='ocr_line' id='line_1_2' title="bbox 217 574 1489 655; baseline -0.001 -18"><span class='ocrx_word' id='word_1_4' title='bbox 217 581 298 637; x_wconf 88' lang='lat' dir='ltr'>ortos</span> <span class='ocrx_word' id='word_1_5' title='bbox 322 574 532 652; x_wconf 89' lang='lat' dir='ltr'>profiterentur</span> <span class='ocrx_word' id='word_1_6' title='bbox 554 579 585 634; x_wconf 86' lang='lat' dir='ltr'>et</span> <span class='ocrx_word' id='word_1_7' title='bbox 607 577 809 652; x_wconf 82' lang='lat' dir='ltr'>Euphemum,</span> <span class='ocrx_word' id='word_1_8' title='bbox 837 596 925 653; x_wconf 91' lang='lat' dir='ltr'>quem</span> <span class='ocrx_word' id='word_1_9' title='bbox 949 579 1100 636; x_wconf 78' lang='lat' dir='ltr'><strong>auctorem</strong></span> <span class='ocrx_word' id='word_1_10' title='bbox 1124 576 1222 654; x_wconf 89' lang='lat' dir='ltr'>gentis</span> <span class='ocrx_word' id='word_1_11' title='bbox 1244 577 1393 655; x_wconf 90' lang='lat' dir='ltr'>ferebant,</span> <span class='ocrx_word' id='word_1_12' title='bbox 1418 579 1489 637; x_wconf 91' lang='lat' dir='ltr'>olim</span> 
     </span>
     <span class='ocr_line' id='line_1_3' title="bbox 217 665 1489 744; baseline 0.002 -20"><span class='ocrx_word' id='word_1_13' title='bbox 217 666 346 724; x_wconf 81' lang='lat' dir='ltr'>Taenari</span> <span class='ocrx_word' id='word_1_14' title='bbox 369 666 400 723; x_wconf 90' lang='lat' dir='ltr'>in</span> <span class='ocrx_word' id='word_1_15' title='bbox 423 684 495 743; x_wconf 89' lang='lat' dir='ltr'>agro</span> <span class='ocrx_word' id='word_1_16' title='bbox 520 665 753 725; x_wconf 87' lang='lat' dir='ltr'>Lacedaemonio</span> <span class='ocrx_word' id='word_1_17' title='bbox 778 684 862 723; x_wconf 89' lang='lat' dir='ltr'>suam</span> <span class='ocrx_word' id='word_1_18' title='bbox 886 666 983 725; x_wconf 88' lang='lat' dir='ltr'>sedem</span> <span class='ocrx_word' id='word_1_19' title='bbox 1006 665 1144 724; x_wconf 83' lang='lat' dir='ltr'><strong>habuisse</strong></span> <span class='ocrx_word' id='word_1_20' title='bbox 1164 666 1325 744; x_wconf 79' lang='lat' dir='ltr'>crederent,</span> <span class='ocrx_word' id='word_1_21' title='bbox 1349 667 1424 725; x_wconf 89' lang='lat' dir='ltr'>duas</span> <span class='ocrx_word' id='word_1_22' title='bbox 1442 686 1489 726; x_wconf 86' lang='lat' dir='ltr'>res</span> 
     </span>
     <span class='ocr_line' id='line_1_4' title="bbox 217 754 1490 835; baseline 0.002 -21"><span class='ocrx_word' id='word_1_23' title='bbox 217 755 374 833; x_wconf 81' lang='lat' dir='ltr'>genealogi</span> <span class='ocrx_word' id='word_1_24' title='bbox 398 754 553 830; x_wconf 79' lang='lat' dir='ltr'>Cyrenaici</span> <span class='ocrx_word' id='word_1_25' title='bbox 576 755 620 813; x_wconf 89' lang='lat' dir='ltr'>ita</span> <span class='ocrx_word' id='word_1_26' title='bbox 642 755 930 831; x_wconf 85' lang='lat' dir='ltr'>contaminaverunt,</span> <span class='ocrx_word' id='word_1_27' title='bbox 953 758 989 813; x_wconf 91' lang='lat' dir='ltr'>ut</span> <span class='ocrx_word' id='word_1_28' title='bbox 1012 756 1201 831; x_wconf 85' lang='lat' dir='ltr'>Euphemum</span> <span class='ocrx_word' id='word_1_29' title='bbox 1224 775 1319 814; x_wconf 91' lang='lat' dir='ltr'>unum</span> <span class='ocrx_word' id='word_1_30' title='bbox 1342 776 1377 815; x_wconf 88' lang='lat' dir='ltr'>ex</span> <span class='ocrx_word' id='word_1_31' title='bbox 1395 756 1490 835; x_wconf 86' lang='lat' dir='ltr'>Argo-</span> 
     </span>
     <span class='ocr_line' id='line_1_5' title="bbox 217 844 1489 923; baseline 0.002 -21"><span class='ocrx_word' id='word_1_32' title='bbox 217 845 327 922; x_wconf 79' lang='lat' dir='ltr'>nautis,</span> <span class='ocrx_word' id='word_1_33' title='bbox 348 863 422 920; x_wconf 91' lang='lat' dir='ltr'>quos</span> <span class='ocrx_word' id='word_1_34' title='bbox 436 844 584 902; x_wconf 84' lang='lat' dir='ltr'>Pindarus</span> <span class='ocrx_word' id='word_1_35' title='bbox 603 845 665 920; x_wconf 91' lang='lat' dir='ltr'>ipse</span> <span class='ocrx_word' id='word_1_36' title='bbox 684 844 716 905; x_wconf 88' lang='lat' dir='ltr'>P.</span> <span class='ocrx_word' id='word_1_37' title='bbox 732 863 763 903; x_wconf 82' lang='grc' dir='ltr'>ιν</span> <span class='ocrx_word' id='word_1_38' title='bbox 779 856 812 903; x_wconf 98' lang='grc'>69</span> <span class='ocrx_word' id='word_1_39' title='bbox 827 844 945 920; x_wconf 86' lang='lat' dir='ltr'>Minyas</span> <span class='ocrx_word' id='word_1_40' title='bbox 963 844 1046 922; x_wconf 75' lang='lat' dir='ltr'>dixit,</span> <span class='ocrx_word' id='word_1_41' title='bbox 1064 844 1157 903; x_wconf 88' lang='lat' dir='ltr'>fuisse</span> <span class='ocrx_word' id='word_1_42' title='bbox 1176 848 1207 903; x_wconf 90' lang='lat' dir='ltr'>et</span> <span class='ocrx_word' id='word_1_43' title='bbox 1225 845 1290 904; x_wconf 91' lang='lat' dir='ltr'>eius</span> <span class='ocrx_word' id='word_1_44' title='bbox 1308 846 1489 923; x_wconf 87' lang='lat' dir='ltr'>progeniem,</span> 
     </span>
     <span class='ocr_line' id='line_1_6' title="bbox 217 933 1489 1012; baseline 0.001 -21"><span class='ocrx_word' id='word_1_45' title='bbox 217 953 307 1010; x_wconf 68' lang='lat' dir='ltr'>(luam</span> <span class='ocrx_word' id='word_1_46' title='bbox 331 954 366 993; x_wconf 90' lang='lat' dir='ltr'>ex</span> <span class='ocrx_word' id='word_1_47' title='bbox 389 933 492 1008; x_wconf 87' lang='lat' dir='ltr'>Minya</span> <span class='ocrx_word' id='word_1_48' title='bbox 515 934 626 992; x_wconf 90' lang='lat' dir='ltr'>femina</span> <span class='ocrx_word' id='word_1_49' title='bbox 647 934 751 993; x_wconf 88' lang='lat' dir='ltr'>Lemni</span> <span class='ocrx_word' id='word_1_50' title='bbox 775 934 890 993; x_wconf 90' lang='lat' dir='ltr'>insulae</span> <span class='ocrx_word' id='word_1_51' title='bbox 910 933 1070 1012; x_wconf 77' lang='lat' dir='ltr'>genuisset,</span> <span class='ocrx_word' id='word_1_52' title='bbox 1089 934 1218 1009; x_wconf 91' lang='lat' dir='ltr'>primum</span> <span class='ocrx_word' id='word_1_53' title='bbox 1237 935 1489 994; x_wconf 85' lang='lat' dir='ltr'>Lacedaemonem</span> 
     </span>
     <span class='ocr_line' id='line_1_7' title="bbox 216 1015 1489 1104; baseline 0.002 -22"><span class='ocrx_word' id='word_1_54' title='bbox 216 1027 247 1082; x_wconf 92' lang='lat' dir='ltr'>et</span> <span class='ocrx_word' id='word_1_55' title='bbox 274 1023 378 1082; x_wconf 88' lang='lat' dir='ltr'>deinde</span> <span class='ocrx_word' id='word_1_56' title='bbox 407 1023 533 1082; x_wconf 85' lang='lat' dir='ltr'>Therarn</span> <span class='ocrx_word' id='word_1_57' title='bbox 561 1022 676 1082; x_wconf 88' lang='lat' dir='ltr'>venisse</span> <span class='ocrx_word' id='word_1_58' title='bbox 704 1024 913 1083; x_wconf 87' lang='lat' dir='ltr'>fabularentur</span> <span class='ocrx_word' id='word_1_59' title='bbox 939 1015 990 1104; x_wconf 80' lang='lat' dir='ltr'>(cf.</span> <span class='ocrx_word' id='word_1_60' title='bbox 1015 1023 1122 1082; x_wconf 89' lang='lat' dir='ltr'>Herod.</span> <span class='ocrx_word' id='word_1_61' title='bbox 1146 1041 1178 1081; x_wconf 83' lang='grc' dir='ltr'>ιν</span> <span class='ocrx_word' id='word_1_62' title='bbox 1204 1034 1262 1083; x_wconf 76' lang='grc'><strong>146.</strong></span> <span class='ocrx_word' id='word_1_63' title='bbox 1288 1016 1361 1103; x_wconf 77' lang='grc'>147).</span> <span class='ocrx_word' id='word_1_64' title='bbox 1407 1025 1489 1084; x_wconf 87' lang='grc' dir='ltr'><strong>Η666</strong></span> 
     </span>
     <span class='ocr_line' id='line_1_8' title="bbox 216 1066 1488 1190; baseline 0.001 -19"><span class='ocrx_word' id='word_1_65' title='bbox 216 1113 286 1171; x_wconf 90' lang='lat' dir='ltr'>ficta</span> <span class='ocrx_word' id='word_1_66' title='bbox 309 1116 339 1171; x_wconf 88' lang='lat' dir='ltr'>et</span> <span class='ocrx_word' id='word_1_67' title='bbox 362 1112 569 1171; x_wconf 89' lang='lat' dir='ltr'>commenticia</span> <span class='ocrx_word' id='word_1_68' title='bbox 589 1130 652 1173; x_wconf 89' lang='lat' dir='ltr'>esse</span> <span class='ocrx_word' id='word_1_69' title='bbox 676 1117 707 1171; x_wconf 91' lang='lat' dir='ltr'>et</span> <span class='ocrx_word' id='word_1_70' title='bbox 729 1113 858 1190; x_wconf 87' lang='lat' dir='ltr'>Minyas,</span> <span class='ocrx_word' id='word_1_71' title='bbox 889 1113 1064 1189; x_wconf 89' lang='lat' dir='ltr'>priusquam</span> <span class='ocrx_word' id='word_1_72' title='bbox 1088 1113 1314 1172; x_wconf 83' lang='lat' dir='ltr'>Lacedaemonii</span> <span class='ocrx_word' id='word_1_73' title='bbox 1342 1066 1488 1173; x_wconf 83' lang='lat' dir='ltr'>coloniam</span> 
     </span>
     <span class='ocr_line' id='line_1_9' title="bbox 217 1200 1489 1281; baseline 0.001 -21"><span class='ocrx_word' id='word_1_74' title='bbox 217 1203 345 1261; x_wconf 80' lang='lat' dir='ltr'>Theram</span> <span class='ocrx_word' id='word_1_75' title='bbox 363 1202 550 1278; x_wconf 87' lang='lat' dir='ltr'>deducerent,</span> <span class='ocrx_word' id='word_1_76' title='bbox 574 1202 704 1261; x_wconf 87' lang='lat' dir='ltr'>insulam</span> <span class='ocrx_word' id='word_1_77' title='bbox 723 1203 851 1262; x_wconf 83' lang='lat' dir='ltr'>Theram</span> <span class='ocrx_word' id='word_1_78' title='bbox 868 1202 999 1262; x_wconf 88' lang='lat' dir='ltr'>tenuisse</span> <span class='ocrx_word' id='word_1_79' title='bbox 1018 1205 1087 1278; x_wconf 88' lang='lat' dir='ltr'>post</span> <span class='ocrx_word' id='word_1_80' title='bbox 1105 1200 1246 1261; x_wconf 91' lang='lat' dir='ltr'>Odofredi</span> <span class='ocrx_word' id='word_1_81' title='bbox 1264 1203 1385 1262; x_wconf 77' lang='lat' dir='ltr'>Mhlleri</span> <span class='ocrx_word' id='word_1_82' title='bbox 1404 1222 1489 1281; x_wconf 85' lang='lat' dir='ltr'>saga-</span> 
     </span>
     <span class='ocr_line' id='line_1_10' title="bbox 217 1291 1578 1367; baseline 0.001 -16"><span class='ocrx_word' id='word_1_83' title='bbox 217 1292 369 1351; x_wconf 90' lang='lat' dir='ltr'>cissimum</span> <span class='ocrx_word' id='word_1_84' title='bbox 397 1292 433 1350; x_wconf 90' lang='lat' dir='ltr'>de</span> <span class='ocrx_word' id='word_1_85' title='bbox 460 1291 570 1367; x_wconf 88' lang='lat' dir='ltr'>Minyis</span> <span class='ocrx_word' id='word_1_86' title='bbox 597 1293 707 1351; x_wconf 92' lang='lat' dir='ltr'>librum</span> <span class='ocrx_word' id='word_1_87' title='bbox 731 1292 809 1352; x_wconf 88' lang='lat' dir='ltr'>inter</span> <span class='ocrx_word' id='word_1_88' title='bbox 832 1310 933 1352; x_wconf 92' lang='lat' dir='ltr'>omnes</span> <span class='ocrx_word' id='word_1_89' title='bbox 957 1295 1082 1351; x_wconf 85' lang='lat' dir='ltr'>constat.</span> <span class='ocrx_word' id='word_1_90' title='bbox 1128 1291 1185 1350; x_wconf 88' lang='lat' dir='ltr'>Sed</span> <span class='ocrx_word' id='word_1_91' title='bbox 1208 1312 1268 1350; x_wconf 93' lang='lat' dir='ltr'>non</span> <span class='ocrx_word' id='word_1_92' title='bbox 1292 1292 1322 1350; x_wconf 92' lang='lat' dir='ltr'>id</span> <span class='ocrx_word' id='word_1_93' title='bbox 1345 1292 1401 1352; x_wconf 89' lang='lat' dir='ltr'>hoc</span> <span class='ocrx_word' id='word_1_94' title='bbox 1424 1293 1489 1353; x_wconf 88' lang='lat' dir='ltr'>loco</span> <span class='ocrx_word' id='word_1_95' title='bbox 1575 1358 1578 1363; x_wconf 68' lang='grc'><strong>,</strong></span> 
     </span>
     <span class='ocr_line' id='line_1_11' title="bbox 217 1368 1577 1458; baseline 0 -19"><span class='ocrx_word' id='word_1_96' title='bbox 217 1381 384 1457; x_wconf 88' lang='lat' dir='ltr'>quaeritur,</span> <span class='ocrx_word' id='word_1_97' title='bbox 413 1381 463 1438; x_wconf 90' lang='lat' dir='ltr'>scd</span> <span class='ocrx_word' id='word_1_98' title='bbox 493 1382 567 1456; x_wconf 92' lang='lat' dir='ltr'>quid</span> <span class='ocrx_word' id='word_1_99' title='bbox 597 1382 741 1458; x_wconf 80' lang='lat' dir='ltr'>Cyrenaei</span> <span class='ocrx_word' id='word_1_100' title='bbox 771 1381 950 1441; x_wconf 90' lang='lat' dir='ltr'>crediderint</span> <span class='ocrx_word' id='word_1_101' title='bbox 980 1384 1011 1440; x_wconf 94' lang='lat' dir='ltr'>et</span> <span class='ocrx_word' id='word_1_102' title='bbox 1039 1381 1187 1439; x_wconf 88' lang='lat' dir='ltr'>Pindarus</span> <span class='ocrx_word' id='word_1_103' title='bbox 1211 1380 1247 1438; x_wconf 93' lang='lat' dir='ltr'>ab</span> <span class='ocrx_word' id='word_1_104' title='bbox 1274 1380 1311 1440; x_wconf 91' lang='lat' dir='ltr'>iis</span> <span class='ocrx_word' id='word_1_105' title='bbox 1334 1385 1488 1458; x_wconf 88' lang='lat' dir='ltr'>acceptum</span> <span class='ocrx_word' id='word_1_106' title='bbox 1573 1368 1577 1379; x_wconf 76' lang='grc'><strong>’</strong></span> 
     </span>
     <span class='ocr_line' id='line_1_12' title="bbox 218 1470 1489 1549; baseline 0.001 -21"><span class='ocrx_word' id='word_1_107' title='bbox 218 1470 365 1529; x_wconf 87' lang='lat' dir='ltr'>habuerit.</span> <span class='ocrx_word' id='word_1_108' title='bbox 393 1470 449 1528; x_wconf 92' lang='lat' dir='ltr'>His</span> <span class='ocrx_word' id='word_1_109' title='bbox 468 1474 555 1548; x_wconf 90' lang='lat' dir='ltr'>certe,</span> <span class='ocrx_word' id='word_1_110' title='bbox 575 1490 643 1530; x_wconf 89' lang='lat' dir='ltr'>cum</span> <span class='ocrx_word' id='word_1_111' title='bbox 662 1490 680 1528; x_wconf 87' lang='lat' dir='ltr'>a</span> <span class='ocrx_word' id='word_1_112' title='bbox 699 1471 809 1546; x_wconf 82' lang='lat' dir='ltr'>Minyn&#39;s</span> <span class='ocrx_word' id='word_1_113' title='bbox 827 1474 858 1529; x_wconf 92' lang='lat' dir='ltr'>et</span> <span class='ocrx_word' id='word_1_114' title='bbox 875 1470 1031 1547; x_wconf 80' lang='lat' dir='ltr'>Euphemo</span> <span class='ocrx_word' id='word_1_115' title='bbox 1050 1470 1195 1549; x_wconf 77' lang='lat' dir='ltr'>originem</span> <span class='ocrx_word' id='word_1_116' title='bbox 1214 1470 1365 1548; x_wconf 87' lang='lat' dir='ltr'>ducerent,</span> <span class='ocrx_word' id='word_1_117' title='bbox 1386 1471 1489 1529; x_wconf 89' lang='lat' dir='ltr'>fabula</span> 
     </span>
     <span class='ocr_line' id='line_1_13' title="bbox 215 1559 1490 1638; baseline -0.001 -20"><span class='ocrx_word' id='word_1_118' title='bbox 215 1561 461 1637; x_wconf 81' lang='lat' dir='ltr'>Argonautamm</span> <span class='ocrx_word' id='word_1_119' title='bbox 485 1562 624 1618; x_wconf 85' lang='lat' dir='ltr'>etvetus</span> <span class='ocrx_word' id='word_1_120' title='bbox 647 1561 817 1636; x_wconf 90' lang='lat' dir='ltr'>Minyarum</span> <span class='ocrx_word' id='word_1_121' title='bbox 841 1561 922 1619; x_wconf 88' lang='lat' dir='ltr'>fama</span> <span class='ocrx_word' id='word_1_122' title='bbox 945 1560 1133 1638; x_wconf 88' lang='lat' dir='ltr'>gratissimae</span> <span class='ocrx_word' id='word_1_123' title='bbox 1153 1559 1284 1619; x_wconf 87' lang='lat' dir='ltr'>suerunt.</span> <span class='ocrx_word' id='word_1_124' title='bbox 1304 1593 1346 1601; x_wconf 96' lang='lat'>—</span> <span class='ocrx_word' id='word_1_125' title='bbox 1367 1561 1490 1619; x_wconf 87' lang='lat' dir='ltr'>Praeter</span> 
     </span>
     <span class='ocr_line' id='line_1_14' title="bbox 216 1648 1489 1726; baseline 0 -19"><span class='ocrx_word' id='word_1_126' title='bbox 216 1648 436 1726; x_wconf 88' lang='lat' dir='ltr'>Argonauticas</span> <span class='ocrx_word' id='word_1_127' title='bbox 455 1667 502 1708; x_wconf 91' lang='lat' dir='ltr'>res</span> <span class='ocrx_word' id='word_1_128' title='bbox 516 1650 689 1726; x_wconf 91' lang='lat' dir='ltr'>Damophili</span> <span class='ocrx_word' id='word_1_129' title='bbox 707 1650 862 1708; x_wconf 88' lang='lat' dir='ltr'>cuiusdam</span> <span class='ocrx_word' id='word_1_130' title='bbox 877 1649 1021 1725; x_wconf 81' lang='lat' dir='ltr'>Cyrenaei</span> <span class='ocrx_word' id='word_1_131' title='bbox 1037 1668 1159 1708; x_wconf 89' lang='lat' dir='ltr'>causam</span> <span class='ocrx_word' id='word_1_132' title='bbox 1172 1649 1242 1708; x_wconf 90' lang='lat' dir='ltr'>huie</span> <span class='ocrx_word' id='word_1_133' title='bbox 1257 1649 1384 1724; x_wconf 90' lang='lat' dir='ltr'>epinioio</span> <span class='ocrx_word' id='word_1_134' title='bbox 1398 1653 1489 1726; x_wconf 88' lang='lat' dir='ltr'>poeta</span> 
     </span>
     <span class='ocr_line' id='line_1_15' title="bbox 216 1737 1488 1817; baseline 0.002 -21"><span class='ocrx_word' id='word_1_135' title='bbox 216 1739 354 1797; x_wconf 88' lang='lat' dir='ltr'>intexuit.</span> <span class='ocrx_word' id='word_1_136' title='bbox 391 1737 494 1797; x_wconf 90' lang='lat' dir='ltr'>Nostri</span> <span class='ocrx_word' id='word_1_137' title='bbox 517 1739 595 1797; x_wconf 90' lang='lat' dir='ltr'>enim</span> <span class='ocrx_word' id='word_1_138' title='bbox 614 1739 758 1798; x_wconf 89' lang='lat' dir='ltr'>Arcesilai</span> <span class='ocrx_word' id='word_1_139' title='bbox 781 1758 916 1817; x_wconf 87' lang='lat' dir='ltr'>regnum,</span> <span class='ocrx_word' id='word_1_140' title='bbox 939 1741 975 1796; x_wconf 90' lang='lat' dir='ltr'>ut</span> <span class='ocrx_word' id='word_1_141' title='bbox 998 1739 1057 1796; x_wconf 89' lang='lat' dir='ltr'>iam</span> <span class='ocrx_word' id='word_1_142' title='bbox 1082 1739 1229 1798; x_wconf 90' lang='lat' dir='ltr'>maiorum</span> <span class='ocrx_word' id='word_1_143' title='bbox 1252 1739 1324 1817; x_wconf 88' lang='lat' dir='ltr'>eius,</span> <span class='ocrx_word' id='word_1_144' title='bbox 1342 1740 1488 1798; x_wconf 90' lang='lat' dir='ltr'>Arcesila-</span> 
     </span>
     <span class='ocr_line' id='line_1_16' title="bbox 217 1819 1488 1909; baseline 0 -22"><span class='ocrx_word' id='word_1_145' title='bbox 217 1848 303 1887; x_wconf 86' lang='lat' dir='ltr'>erum</span> <span class='ocrx_word' id='word_1_146' title='bbox 327 1846 357 1884; x_wconf 90' lang='lat'>11.</span> <span class='ocrx_word' id='word_1_147' title='bbox 382 1831 412 1886; x_wconf 89' lang='lat' dir='ltr'>et</span> <span class='ocrx_word' id='word_1_148' title='bbox 435 1845 477 1884; x_wconf 85' lang='lat' dir='ltr'>ru.</span> <span class='ocrx_word' id='word_1_149' title='bbox 503 1819 544 1906; x_wconf 87' lang='lat' dir='ltr'>(v.</span> <span class='ocrx_word' id='word_1_150' title='bbox 567 1828 675 1887; x_wconf 89' lang='lat' dir='ltr'>Herod.</span> <span class='ocrx_word' id='word_1_151' title='bbox 700 1821 905 1909; x_wconf 76' lang='lat' dir='ltr'>1v160.16‘2),</span> <span class='ocrx_word' id='word_1_152' title='bbox 928 1828 1067 1888; x_wconf 85' lang='lat' dir='ltr'>civilibus</span> <span class='ocrx_word' id='word_1_153' title='bbox 1090 1828 1286 1888; x_wconf 87' lang='lat' dir='ltr'>seditionibus</span> <span class='ocrx_word' id='word_1_154' title='bbox 1309 1848 1488 1906; x_wconf 86' lang='lat' dir='ltr'>magnopere</span> 
     </span>
     <span class='ocr_line' id='line_1_17' title="bbox 216 1917 1489 1995; baseline 0 -20"><span class='ocrx_word' id='word_1_155' title='bbox 216 1919 356 1976; x_wconf 85' lang='lat' dir='ltr'>vexatum</span> <span class='ocrx_word' id='word_1_156' title='bbox 379 1917 448 1992; x_wconf 88' lang='lat' dir='ltr'>fuit,</span> <span class='ocrx_word' id='word_1_157' title='bbox 471 1936 539 1975; x_wconf 91' lang='lat' dir='ltr'>cum</span> <span class='ocrx_word' id='word_1_158' title='bbox 559 1921 589 1975; x_wconf 91' lang='lat' dir='ltr'>et</span> <span class='ocrx_word' id='word_1_159' title='bbox 607 1917 706 1995; x_wconf 88' lang='lat' dir='ltr'>regiae</span> <span class='ocrx_word' id='word_1_160' title='bbox 726 1918 831 1975; x_wconf 89' lang='lat' dir='ltr'>domus</span> <span class='ocrx_word' id='word_1_161' title='bbox 849 1918 976 1995; x_wconf 87' lang='lat' dir='ltr'>gentiles</span> <span class='ocrx_word' id='word_1_162' title='bbox 994 1917 1073 1976; x_wconf 91' lang='lat' dir='ltr'>inter</span> <span class='ocrx_word' id='word_1_163' title='bbox 1091 1937 1121 1976; x_wconf 93' lang='lat' dir='ltr'>se</span> <span class='ocrx_word' id='word_1_164' title='bbox 1141 1917 1326 1995; x_wconf 90' lang='lat' dir='ltr'>dissiderent,</span> <span class='ocrx_word' id='word_1_165' title='bbox 1345 1921 1376 1975; x_wconf 88' lang='lat' dir='ltr'>et</span> <span class='ocrx_word' id='word_1_166' title='bbox 1393 1918 1489 1994; x_wconf 89' lang='lat' dir='ltr'>plebis</span> 
     </span>
     <span class='ocr_line' id='line_1_18' title="bbox 216 2005 1488 2084; baseline 0.001 -21"><span class='ocrx_word' id='word_1_167' title='bbox 216 2006 361 2065; x_wconf 89' lang='lat' dir='ltr'>factiones</span> <span class='ocrx_word' id='word_1_168' title='bbox 384 2005 484 2083; x_wconf 88' lang='lat' dir='ltr'>regiae</span> <span class='ocrx_word' id='word_1_169' title='bbox 507 2007 666 2082; x_wconf 85' lang='lat' dir='ltr'>potestatis</span> <span class='ocrx_word' id='word_1_170' title='bbox 690 2007 756 2064; x_wconf 88' lang='lat' dir='ltr'>iura</span> <span class='ocrx_word' id='word_1_171' title='bbox 779 2011 809 2065; x_wconf 90' lang='lat' dir='ltr'>et</span> <span class='ocrx_word' id='word_1_172' title='bbox 827 2007 985 2084; x_wconf 85' lang='lat' dir='ltr'>privilegia</span> <span class='ocrx_word' id='word_1_173' title='bbox 1003 2007 1222 2084; x_wconf 88' lang='lat' dir='ltr'>impugnarent.</span> <span class='ocrx_word' id='word_1_174' title='bbox 1259 2008 1305 2066; x_wconf 80' lang='lat' dir='ltr'>Ex</span> <span class='ocrx_word' id='word_1_175' title='bbox 1323 2007 1360 2065; x_wconf 89' lang='lat' dir='ltr'>iis</span> <span class='ocrx_word' id='word_1_176' title='bbox 1379 2010 1488 2084; x_wconf 90' lang='lat' dir='ltr'>autem,</span> 
     </span>
     <span class='ocr_line' id='line_1_19' title="bbox 216 2095 1489 2173; baseline 0 -20"><span class='ocrx_word' id='word_1_177' title='bbox 216 2096 269 2171; x_wconf 83' lang='lat' dir='ltr'>qui</span> <span class='ocrx_word' id='word_1_178' title='bbox 298 2096 379 2154; x_wconf 86' lang='lat' dir='ltr'>civili</span> <span class='ocrx_word' id='word_1_179' title='bbox 407 2095 542 2153; x_wconf 90' lang='lat' dir='ltr'>tumultu</span> <span class='ocrx_word' id='word_1_180' title='bbox 569 2114 703 2172; x_wconf 89' lang='lat' dir='ltr'>represso</span> <span class='ocrx_word' id='word_1_181' title='bbox 730 2096 762 2153; x_wconf 91' lang='lat' dir='ltr'>in</span> <span class='ocrx_word' id='word_1_182' title='bbox 790 2096 911 2155; x_wconf 90' lang='lat' dir='ltr'>exilium</span> <span class='ocrx_word' id='word_1_183' title='bbox 935 2096 1031 2155; x_wconf 84' lang='lat' dir='ltr'>exacti</span> <span class='ocrx_word' id='word_1_184' title='bbox 1054 2100 1152 2173; x_wconf 88' lang='lat' dir='ltr'>erant,</span> <span class='ocrx_word' id='word_1_185' title='bbox 1175 2097 1266 2155; x_wconf 89' lang='lat' dir='ltr'>etiam</span> <span class='ocrx_word' id='word_1_186' title='bbox 1292 2096 1489 2172; x_wconf 88' lang='lat' dir='ltr'>Damophilus</span> 
     </span>
     <span class='ocr_line' id='line_1_20' title="bbox 219 2176 1490 2262; baseline 0.001 -20"><span class='ocrx_word' id='word_1_187' title='bbox 219 2185 288 2262; x_wconf 88' lang='lat' dir='ltr'>fuit,</span> <span class='ocrx_word' id='word_1_188' title='bbox 312 2185 348 2243; x_wconf 87' lang='lat' dir='ltr'>de</span> <span class='ocrx_word' id='word_1_189' title='bbox 372 2204 431 2260; x_wconf 93' lang='lat' dir='ltr'>quo</span> <span class='ocrx_word' id='word_1_190' title='bbox 455 2184 568 2244; x_wconf 89' lang='lat' dir='ltr'>scholia</span> <span class='ocrx_word' id='word_1_191' title='bbox 591 2186 628 2244; x_wconf 91' lang='lat' dir='ltr'>ad</span> <span class='ocrx_word' id='word_1_192' title='bbox 651 2185 683 2243; x_wconf 89' lang='lat' dir='ltr'>P.</span> <span class='ocrx_word' id='word_1_193' title='bbox 704 2186 896 2244; x_wconf 71' lang='grc'><strong>6646716666</strong></span> <span class='ocrx_word' id='word_1_194' title='bbox 919 2186 1078 2245; x_wconf 89' lang='lat' dir='ltr'>adnotant:</span> <span class='ocrx_word' id='word_1_195' title='bbox 1101 2183 1134 2244; x_wconf 79' lang='lat' dir='ltr'>fv</span> <span class='ocrx_word' id='word_1_196' title='bbox 1157 2190 1218 2257; x_wconf 81' lang='grc' dir='ltr'><strong><em>τοῖς</em></strong></span> <span class='ocrx_word' id='word_1_197' title='bbox 1241 2176 1297 2245; x_wconf 78' lang='grc' dir='ltr'>οὖν</span> <span class='ocrx_word' id='word_1_198' title='bbox 1320 2185 1490 2257; x_wconf 83' lang='grc' dir='ltr'><strong><em>στασιώταις</em></strong></span> 
     </span>
     <span class='ocr_line' id='line_1_21' title="bbox 219 2266 1489 2355; baseline 0.001 -23"><span class='ocrx_word' id='word_1_199' title='bbox 219 2266 258 2353; x_wconf 73' lang='grc' dir='ltr'>ἦν</span> <span class='ocrx_word' id='word_1_200' title='bbox 277 2271 327 2333; x_wconf 82' lang='grc' dir='ltr'>καὶ</span> <span class='ocrx_word' id='word_1_201' title='bbox 346 2271 529 2351; x_wconf 80' lang='grc' dir='ltr'><strong><em>Δημόφιλος,</em></strong></span> <span class='ocrx_word' id='word_1_202' title='bbox 547 2269 581 2346; x_wconf 80' lang='grc' dir='ltr'>ὃς</span> <span class='ocrx_word' id='word_1_203' title='bbox 599 2272 648 2333; x_wconf 77' lang='grc' dir='ltr'>καὶ</span> <span class='ocrx_word' id='word_1_204' title='bbox 667 2271 756 2345; x_wconf 85' lang='grc' dir='ltr'><strong><em>αὐτὸς</em></strong></span> <span class='ocrx_word' id='word_1_205' title='bbox 776 2271 937 2345; x_wconf 80' lang='grc' dir='ltr'><em>ἀνάστατος</em></span> <span class='ocrx_word' id='word_1_206' title='bbox 959 2271 1060 2354; x_wconf 71' lang='grc' dir='ltr'><em>γέγονε</em></span> <span class='ocrx_word' id='word_1_207' title='bbox 1082 2283 1135 2353; x_wconf 80' lang='grc' dir='ltr'>τῆς</span> <span class='ocrx_word' id='word_1_208' title='bbox 1158 2274 1299 2354; x_wconf 82' lang='grc' dir='ltr'><strong><em>πατρίδος</em></strong></span> <span class='ocrx_word' id='word_1_209' title='bbox 1322 2273 1372 2334; x_wconf 75' lang='grc' dir='ltr'>καὶ</span> <span class='ocrx_word' id='word_1_210' title='bbox 1394 2298 1489 2355; x_wconf 77' lang='grc' dir='ltr'><strong><em>φυγα-</em></strong></span> 
     </span>
     <span class='ocr_line' id='line_1_22' title="bbox 220 2360 1491 2443; baseline 0.002 -22"><span class='ocrx_word' id='word_1_211' title='bbox 220 2361 339 2434; x_wconf 77' lang='grc' dir='ltr'><em>δευθεὶς</em></span> <span class='ocrx_word' id='word_1_212' title='bbox 363 2361 471 2442; x_wconf 71' lang='grc' dir='ltr'><strong><em>ἔρχεται</em></strong></span> <span class='ocrx_word' id='word_1_213' title='bbox 494 2364 535 2434; x_wconf 85' lang='grc' dir='ltr'>εἰς</span> <span class='ocrx_word' id='word_1_214' title='bbox 561 2361 664 2442; x_wconf 78' lang='grc' dir='ltr'><strong><em>Θήβας</em></strong></span> <span class='ocrx_word' id='word_1_215' title='bbox 685 2362 734 2423; x_wconf 77' lang='grc' dir='ltr'>καὶ</span> <span class='ocrx_word' id='word_1_216' title='bbox 758 2360 840 2435; x_wconf 77' lang='grc' dir='ltr'><em>ἀξιοῖ</em></span> <span class='ocrx_word' id='word_1_217' title='bbox 857 2363 909 2423; x_wconf 82' lang='grc' dir='ltr'>τὸν</span> <span class='ocrx_word' id='word_1_218' title='bbox 933 2363 1096 2441; x_wconf 78' lang='grc' dir='ltr'><strong><em>Πίνδαρον.</em></strong></span> <span class='ocrx_word' id='word_1_219' title='bbox 1132 2364 1281 2425; x_wconf 85' lang='lat' dir='ltr'>Pindarus</span> <span class='ocrx_word' id='word_1_220' title='bbox 1305 2365 1399 2443; x_wconf 88' lang='lat' dir='ltr'>igitur</span> <span class='ocrx_word' id='word_1_221' title='bbox 1421 2384 1491 2424; x_wconf 93' lang='lat' dir='ltr'>cum</span> 
     </span>
     <span class='ocr_line' id='line_1_23' title="bbox 217 2454 1491 2532; baseline 0.002 -22"><span class='ocrx_word' id='word_1_222' title='bbox 217 2454 288 2512; x_wconf 84' lang='lat' dir='ltr'>huie</span> <span class='ocrx_word' id='word_1_223' title='bbox 317 2454 497 2529; x_wconf 90' lang='lat' dir='ltr'>Damophilo</span> <span class='ocrx_word' id='word_1_224' title='bbox 530 2454 690 2513; x_wconf 89' lang='lat' dir='ltr'>admodum</span> <span class='ocrx_word' id='word_1_225' title='bbox 724 2454 839 2512; x_wconf 86' lang='lat' dir='ltr'>faveret</span> <span class='ocrx_word' id='word_1_226' title='bbox 868 2457 899 2513; x_wconf 98' lang='lat' dir='ltr'>et</span> <span class='ocrx_word' id='word_1_227' title='bbox 929 2454 1059 2531; x_wconf 88' lang='lat' dir='ltr'>hospitio</span> <span class='ocrx_word' id='word_1_228' title='bbox 1090 2473 1159 2513; x_wconf 90' lang='lat' dir='ltr'>eum</span> <span class='ocrx_word' id='word_1_229' title='bbox 1189 2454 1297 2513; x_wconf 83' lang='lat' dir='ltr'>Thebis</span> <span class='ocrx_word' id='word_1_230' title='bbox 1328 2455 1491 2532; x_wconf 86' lang='lat' dir='ltr'>excepisset</span> 
     </span>
     <span class='ocr_line' id='line_1_24' title="bbox 217 2536 1491 2623; baseline 0.001 -21"><span class='ocrx_word' id='word_1_231' title='bbox 217 2537 259 2623; x_wconf 81' lang='lat' dir='ltr'>(v.</span> <span class='ocrx_word' id='word_1_232' title='bbox 283 2536 363 2623; x_wconf 73' lang='grc'><strong>999),</strong></span> <span class='ocrx_word' id='word_1_233' title='bbox 395 2542 559 2601; x_wconf 91' lang='lat' dir='ltr'>narrationi</span> <span class='ocrx_word' id='word_1_234' title='bbox 590 2543 721 2618; x_wconf 85' lang='lat' dir='ltr'>prolixae</span> <span class='ocrx_word' id='word_1_235' title='bbox 751 2543 787 2601; x_wconf 91' lang='lat' dir='ltr'>de</span> <span class='ocrx_word' id='word_1_236' title='bbox 818 2543 1003 2619; x_wconf 87' lang='lat' dir='ltr'>expeditione</span> <span class='ocrx_word' id='word_1_237' title='bbox 1031 2544 1276 2621; x_wconf 81' lang='lat' dir='ltr'>Argonautarum</span> <span class='ocrx_word' id='word_1_238' title='bbox 1306 2563 1407 2619; x_wconf 90' lang='lat' dir='ltr'>preces</span> <span class='ocrx_word' id='word_1_239' title='bbox 1438 2565 1491 2620; x_wconf 91' lang='lat' dir='ltr'>pro</span> 
     </span>
     <span class='ocr_line' id='line_1_25' title="bbox 218 2631 1491 2711; baseline 0.001 -21"><span class='ocrx_word' id='word_1_240' title='bbox 218 2633 315 2690; x_wconf 91' lang='lat' dir='ltr'>salute</span> <span class='ocrx_word' id='word_1_241' title='bbox 339 2632 466 2707; x_wconf 88' lang='lat' dir='ltr'>hospitis</span> <span class='ocrx_word' id='word_1_242' title='bbox 489 2635 520 2691; x_wconf 88' lang='lat' dir='ltr'>et</span> <span class='ocrx_word' id='word_1_243' title='bbox 543 2632 631 2691; x_wconf 87' lang='lat' dir='ltr'>amici</span> <span class='ocrx_word' id='word_1_244' title='bbox 654 2631 794 2709; x_wconf 72' lang='lat' dir='ltr'>subiecit,</span> <span class='ocrx_word' id='word_1_245' title='bbox 818 2652 913 2709; x_wconf 89' lang='lat' dir='ltr'>neque</span> <span class='ocrx_word' id='word_1_246' title='bbox 937 2651 956 2690; x_wconf 88' lang='lat' dir='ltr'>a</span> <span class='ocrx_word' id='word_1_247' title='bbox 978 2652 1047 2691; x_wconf 87' lang='lat' dir='ltr'>vcro</span> <span class='ocrx_word' id='word_1_248' title='bbox 1071 2632 1208 2690; x_wconf 88' lang='lat' dir='ltr'>aberrare</span> <span class='ocrx_word' id='word_1_249' title='bbox 1232 2634 1304 2691; x_wconf 92' lang='lat' dir='ltr'>mihi</span> <span class='ocrx_word' id='word_1_250' title='bbox 1327 2634 1442 2711; x_wconf 85' lang='lat' dir='ltr'>videor,</span> <span class='ocrx_word' id='word_1_251' title='bbox 1467 2635 1491 2691; x_wconf 88' lang='lat' dir='ltr'>si</span> 
     </span>
     <span class='ocr_line' id='line_1_26' title="bbox 217 2722 1490 2798; baseline 0.001 -18"><span class='ocrx_word' id='word_1_252' title='bbox 217 2722 381 2780; x_wconf 90' lang='lat' dir='ltr'>Pindarum</span> <span class='ocrx_word' id='word_1_253' title='bbox 405 2722 460 2780; x_wconf 87' lang='lat' dir='ltr'>hoc</span> <span class='ocrx_word' id='word_1_254' title='bbox 483 2722 662 2798; x_wconf 91' lang='lat' dir='ltr'>Damophilo</span> <span class='ocrx_word' id='word_1_255' title='bbox 686 2722 851 2781; x_wconf 89' lang='lat' dir='ltr'>carminum</span> <span class='ocrx_word' id='word_1_256' title='bbox 875 2741 996 2781; x_wconf 85' lang='lat' dir='ltr'>suorum</span> <span class='ocrx_word' id='word_1_257' title='bbox 1016 2722 1256 2781; x_wconf 87' lang='lat' dir='ltr'>chorodidascalo</span> <span class='ocrx_word' id='word_1_258' title='bbox 1276 2723 1324 2781; x_wconf 89' lang='lat' dir='ltr'>vel</span> <span class='ocrx_word' id='word_1_259' title='bbox 1342 2723 1490 2798; x_wconf 86' lang='lat' dir='ltr'>rhapsodo</span> 
     </span>
     <span class='ocr_line' id='line_1_27' title="bbox 217 2803 980 2894; baseline 0 -25"><span class='ocrx_word' id='word_1_260' title='bbox 217 2811 264 2870; x_wconf 93' lang='lat' dir='ltr'>uti</span> <span class='ocrx_word' id='word_1_261' title='bbox 287 2809 417 2870; x_wconf 83' lang='lat' dir='ltr'>voluisse</span> <span class='ocrx_word' id='word_1_262' title='bbox 439 2803 481 2892; x_wconf 81' lang='lat' dir='ltr'>(v.</span> <span class='ocrx_word' id='word_1_263' title='bbox 501 2822 560 2870; x_wconf 78' lang='grc'><strong>694.</strong></span> <span class='ocrx_word' id='word_1_264' title='bbox 580 2804 647 2894; x_wconf 70' lang='grc'><strong>699)</strong></span> <span class='ocrx_word' id='word_1_265' title='bbox 671 2812 872 2872; x_wconf 87' lang='lat' dir='ltr'>coniecturam</span> <span class='ocrx_word' id='word_1_266' title='bbox 895 2812 980 2870; x_wconf 89' lang='lat' dir='ltr'>facio.</span> 
     </span>
    </p>

    <p class='ocr_par' dir='ltr' id='par_1_3' title="bbox 218 2900 1542 4941">
     <span class='ocr_line' id='line_1_28' title="bbox 305 2900 1488 2979; baseline 0 -21"><span class='ocrx_word' id='word_1_267' title='bbox 305 2900 379 2958; x_wconf 83' lang='lat' dir='ltr'>Post</span> <span class='ocrx_word' id='word_1_268' title='bbox 392 2900 479 2959; x_wconf 88' lang='lat' dir='ltr'>breve</span> <span class='ocrx_word' id='word_1_269' title='bbox 494 2901 688 2979; x_wconf 90' lang='lat' dir='ltr'>prooemium,</span> <span class='ocrx_word' id='word_1_270' title='bbox 704 2921 764 2978; x_wconf 94' lang='lat' dir='ltr'>quo</span> <span class='ocrx_word' id='word_1_271' title='bbox 778 2902 881 2959; x_wconf 88' lang='lat' dir='ltr'>Musas</span> <span class='ocrx_word' id='word_1_272' title='bbox 895 2903 984 2977; x_wconf 88' lang='lat' dir='ltr'>poeta</span> <span class='ocrx_word' id='word_1_273' title='bbox 999 2903 1036 2958; x_wconf 85' lang='lat' dir='ltr'>ut&#39;</span> <span class='ocrx_word' id='word_1_274' title='bbox 1048 2905 1162 2959; x_wconf 85' lang='lat' dir='ltr'>stantes</span> <span class='ocrx_word' id='word_1_275' title='bbox 1175 2901 1320 2959; x_wconf 90' lang='lat' dir='ltr'>Arcesilai</span> <span class='ocrx_word' id='word_1_276' title='bbox 1334 2901 1488 2960; x_wconf 81' lang='lat' dir='ltr'>victoriam</span> 
     </span>
     <span class='ocr_line' id='line_1_29' title="bbox 218 2982 1490 3070; baseline 0 -22"><span class='ocrx_word' id='word_1_277' title='bbox 218 2989 342 3066; x_wconf 86' lang='lat' dir='ltr'>Delphis</span> <span class='ocrx_word' id='word_1_278' title='bbox 357 2993 475 3065; x_wconf 88' lang='lat' dir='ltr'>partam</span> <span class='ocrx_word' id='word_1_279' title='bbox 489 2990 662 3066; x_wconf 91' lang='lat' dir='ltr'>praedicent</span> <span class='ocrx_word' id='word_1_280' title='bbox 675 2991 849 3049; x_wconf 89' lang='lat' dir='ltr'>cohortatur</span> <span class='ocrx_word' id='word_1_281' title='bbox 859 2982 968 3070; x_wconf 83' lang='lat'>(1--3),</span> <span class='ocrx_word' id='word_1_282' title='bbox 983 2989 1020 3048; x_wconf 91' lang='lat' dir='ltr'>ab</span> <span class='ocrx_word' id='word_1_283' title='bbox 1036 2991 1164 3064; x_wconf 85' lang='lat' dir='ltr'>oraculo,</span> <span class='ocrx_word' id='word_1_284' title='bbox 1181 2990 1260 3065; x_wconf 90' lang='lat' dir='ltr'>quod</span> <span class='ocrx_word' id='word_1_285' title='bbox 1270 2990 1380 3066; x_wconf 88' lang='lat' dir='ltr'>Pythia</span> <span class='ocrx_word' id='word_1_286' title='bbox 1390 2992 1490 3067; x_wconf 85' lang='lat' dir='ltr'>Batto,</span> 
     </span>
     <span class='ocr_line' id='line_1_30' title="bbox 218 3079 1490 3157; baseline -0.001 -20"><span class='ocrx_word' id='word_1_287' title='bbox 218 3099 329 3157; x_wconf 89' lang='lat' dir='ltr'>proavo</span> <span class='ocrx_word' id='word_1_288' title='bbox 349 3079 479 3156; x_wconf 80' lang='lat' dir='ltr'>victoria,</span> <span class='ocrx_word' id='word_1_289' title='bbox 502 3079 633 3156; x_wconf 86' lang='lat' dir='ltr'>dederat,</span> <span class='ocrx_word' id='word_1_290' title='bbox 656 3098 784 3156; x_wconf 78' lang='lat' dir='ltr'>exorsuS,</span> <span class='ocrx_word' id='word_1_291' title='bbox 808 3079 878 3137; x_wconf 91' lang='lat' dir='ltr'>huic</span> <span class='ocrx_word' id='word_1_292' title='bbox 897 3079 1017 3138; x_wconf 89' lang='lat' dir='ltr'>oraculo</span> <span class='ocrx_word' id='word_1_293' title='bbox 1038 3079 1213 3137; x_wconf 83' lang='lat' dir='ltr'>vaticinium</span> <span class='ocrx_word' id='word_1_294' title='bbox 1236 3079 1356 3138; x_wconf 87' lang='lat' dir='ltr'>Medeae</span> <span class='ocrx_word' id='word_1_295' title='bbox 1375 3079 1490 3156; x_wconf 86' lang='lat' dir='ltr'>intexit,</span> 
     </span>
     <span class='ocr_line' id='line_1_31' title="bbox 221 3167 1491 3246; baseline -0.002 -17"><span class='ocrx_word' id='word_1_296' title='bbox 221 3189 281 3246; x_wconf 88' lang='lat' dir='ltr'>quo</span> <span class='ocrx_word' id='word_1_297' title='bbox 300 3169 403 3227; x_wconf 89' lang='lat' dir='ltr'>divina</span> <span class='ocrx_word' id='word_1_298' title='bbox 417 3169 470 3226; x_wconf 91' lang='lat' dir='ltr'>illa</span> <span class='ocrx_word' id='word_1_299' title='bbox 483 3169 595 3226; x_wconf 91' lang='lat' dir='ltr'>femina</span> <span class='ocrx_word' id='word_1_300' title='bbox 610 3168 766 3245; x_wconf 79' lang='lat' dir='ltr'>TheraeoS,</span> <span class='ocrx_word' id='word_1_301' title='bbox 781 3169 860 3245; x_wconf 83' lang='lat' dir='ltr'>quod</span> <span class='ocrx_word' id='word_1_302' title='bbox 876 3169 978 3227; x_wconf 90' lang='lat' dir='ltr'>fatalis</span> <span class='ocrx_word' id='word_1_303' title='bbox 992 3167 1088 3245; x_wconf 87' lang='lat' dir='ltr'>gleba,</span> <span class='ocrx_word' id='word_1_304' title='bbox 1103 3187 1194 3243; x_wconf 86' lang='lat' dir='ltr'>quam</span> <span class='ocrx_word' id='word_1_305' title='bbox 1209 3168 1382 3244; x_wconf 78' lang='lat' dir='ltr'>Euphemus</span> <span class='ocrx_word' id='word_1_306' title='bbox 1397 3168 1491 3246; x_wconf 87' lang='lat' dir='ltr'>Argo·</span> 
     </span>
     <span class='ocr_line' id='line_1_32' title="bbox 218 3258 1490 3335; baseline -0.001 -19"><span class='ocrx_word' id='word_1_307' title='bbox 218 3263 314 3317; x_wconf 88' lang='lat' dir='ltr'>nauta</span> <span class='ocrx_word' id='word_1_308' title='bbox 341 3259 379 3316; x_wconf 90' lang='lat' dir='ltr'>ab</span> <span class='ocrx_word' id='word_1_309' title='bbox 407 3277 573 3333; x_wconf 86' lang='lat' dir='ltr'>possessore</span> <span class='ocrx_word' id='word_1_310' title='bbox 603 3258 715 3333; x_wconf 89' lang='lat' dir='ltr'>Libyae</span> <span class='ocrx_word' id='word_1_311' title='bbox 739 3258 816 3317; x_wconf 91' lang='lat' dir='ltr'>dono</span> <span class='ocrx_word' id='word_1_312' title='bbox 840 3262 1009 3335; x_wconf 88' lang='lat' dir='ltr'>acceperat,</span> <span class='ocrx_word' id='word_1_313' title='bbox 1038 3277 1129 3333; x_wconf 86' lang='lat' dir='ltr'>prope</span> <span class='ocrx_word' id='word_1_314' title='bbox 1153 3258 1280 3315; x_wconf 77' lang='lat' dir='ltr'>l&#39;heram</span> <span class='ocrx_word' id='word_1_315' title='bbox 1304 3258 1432 3316; x_wconf 86' lang='lat' dir='ltr'>insulam</span> <span class='ocrx_word' id='word_1_316' title='bbox 1456 3278 1490 3316; x_wconf 86' lang='lat' dir='ltr'>ex</span> 
     </span>
     <span class='ocr_line' id='line_1_33' title="bbox 220 3346 1490 3423; baseline 0.001 -18"><span class='ocrx_word' id='word_1_317' title='bbox 220 3347 290 3406; x_wconf 87' lang='lat' dir='ltr'>navi</span> <span class='ocrx_word' id='word_1_318' title='bbox 313 3348 343 3405; x_wconf 92' lang='lat' dir='ltr'>in</span> <span class='ocrx_word' id='word_1_319' title='bbox 368 3366 448 3405; x_wconf 89' lang='lat' dir='ltr'>mare</span> <span class='ocrx_word' id='word_1_320' title='bbox 472 3347 643 3423; x_wconf 89' lang='lat' dir='ltr'>decidisset,</span> <span class='ocrx_word' id='word_1_321' title='bbox 667 3347 779 3421; x_wconf 84' lang='lat' dir='ltr'>Libyae</span> <span class='ocrx_word' id='word_1_322' title='bbox 803 3346 965 3422; x_wconf 91' lang='lat' dir='ltr'>aliquando</span> <span class='ocrx_word' id='word_1_323' title='bbox 988 3347 1155 3407; x_wconf 89' lang='lat' dir='ltr'>conditores</span> <span class='ocrx_word' id='word_1_324' title='bbox 1178 3349 1297 3406; x_wconf 88' lang='lat' dir='ltr'>futuros</span> <span class='ocrx_word' id='word_1_325' title='bbox 1320 3367 1382 3406; x_wconf 90' lang='lat' dir='ltr'>esse</span> <span class='ocrx_word' id='word_1_326' title='bbox 1406 3366 1490 3423; x_wconf 87' lang='lat' dir='ltr'>prae-</span> 
     </span>
     <span class='ocr_line' id='line_1_34' title="bbox 218 3430 1491 3517; baseline -0.002 -22"><span class='ocrx_word' id='word_1_327' title='bbox 218 3437 341 3495; x_wconf 90' lang='lat' dir='ltr'>dixerat.</span> <span class='ocrx_word' id='word_1_328' title='bbox 379 3437 444 3496; x_wconf 87' lang='lat' dir='ltr'>Hac</span> <span class='ocrx_word' id='word_1_329' title='bbox 466 3440 552 3513; x_wconf 87' lang='lat' dir='ltr'>parte</span> <span class='ocrx_word' id='word_1_330' title='bbox 576 3436 696 3494; x_wconf 90' lang='lat' dir='ltr'>fabulae</span> <span class='ocrx_word' id='word_1_331' title='bbox 716 3437 937 3513; x_wconf 71' lang='lat' dir='ltr'>Argonautis-ae</span> <span class='ocrx_word' id='word_1_332' title='bbox 962 3440 1083 3494; x_wconf 87' lang='lat' dir='ltr'>narrata</span> <span class='ocrx_word' id='word_1_333' title='bbox 1102 3430 1147 3517; x_wconf 87' lang='grc'>(9-</span> <span class='ocrx_word' id='word_1_334' title='bbox 1160 3432 1228 3513; x_wconf 70' lang='grc'><strong>63),</strong></span> <span class='ocrx_word' id='word_1_335' title='bbox 1253 3439 1342 3512; x_wconf 90' lang='lat' dir='ltr'>poeta</span> <span class='ocrx_word' id='word_1_336' title='bbox 1365 3437 1403 3494; x_wconf 87' lang='lat' dir='ltr'>ad</span> <span class='ocrx_word' id='word_1_337' title='bbox 1426 3456 1491 3494; x_wconf 89' lang='lat' dir='ltr'>ora·</span> 
     </span>
     <span class='ocr_line' id='line_1_35' title="bbox 218 3520 1490 3601; baseline -0.002 -16"><span class='ocrx_word' id='word_1_338' title='bbox 218 3527 320 3585; x_wconf 90' lang='lat' dir='ltr'>culum</span> <span class='ocrx_word' id='word_1_339' title='bbox 339 3526 481 3600; x_wconf 87' lang='lat' dir='ltr'>Pythium</span> <span class='ocrx_word' id='word_1_340' title='bbox 501 3526 579 3584; x_wconf 89' lang='lat' dir='ltr'>redit</span> <span class='ocrx_word' id='word_1_341' title='bbox 592 3525 837 3601; x_wconf 88' lang='lat' dir='ltr'>Arcesilaumque</span> <span class='ocrx_word' id='word_1_342' title='bbox 857 3525 998 3584; x_wconf 89' lang='lat' dir='ltr'>victorem</span> <span class='ocrx_word' id='word_1_343' title='bbox 1019 3525 1119 3583; x_wconf 89' lang='lat' dir='ltr'>debita</span> <span class='ocrx_word' id='word_1_344' title='bbox 1137 3526 1225 3583; x_wconf 88' lang='lat' dir='ltr'>laudo</span> <span class='ocrx_word' id='word_1_345' title='bbox 1246 3530 1334 3584; x_wconf 88' lang='lat' dir='ltr'>ornat</span> <span class='ocrx_word' id='word_1_346' title='bbox 1347 3520 1490 3603; x_wconf 72' lang='grc'><strong>(66-69).</strong></span> 
     </span>
     <span class='ocr_line' id='line_1_36' title="bbox 219 3613 1492 3691; baseline 0 -18"><span class='ocrx_word' id='word_1_347' title='bbox 219 3617 320 3691; x_wconf 82' lang='lat' dir='ltr'>Atque</span> <span class='ocrx_word' id='word_1_348' title='bbox 345 3616 375 3673; x_wconf 90' lang='lat' dir='ltr'>in</span> <span class='ocrx_word' id='word_1_349' title='bbox 398 3616 453 3674; x_wconf 89' lang='lat' dir='ltr'>hac</span> <span class='ocrx_word' id='word_1_350' title='bbox 476 3636 506 3673; x_wconf 87' lang='lat' dir='ltr'>re</span> <span class='ocrx_word' id='word_1_351' title='bbox 530 3620 620 3690; x_wconf 87' lang='lat' dir='ltr'>poeta</span> <span class='ocrx_word' id='word_1_352' title='bbox 642 3615 802 3674; x_wconf 87' lang='lat' dir='ltr'>consistere</span> <span class='ocrx_word' id='word_1_353' title='bbox 826 3618 857 3673; x_wconf 90' lang='lat' dir='ltr'>et</span> <span class='ocrx_word' id='word_1_354' title='bbox 879 3615 1006 3691; x_wconf 88' lang='lat' dir='ltr'>epinicio</span> <span class='ocrx_word' id='word_1_355' title='bbox 1029 3613 1118 3673; x_wconf 86' lang='lat' dir='ltr'>finem</span> <span class='ocrx_word' id='word_1_356' title='bbox 1142 3615 1291 3689; x_wconf 87' lang='lat' dir='ltr'>imponere</span> <span class='ocrx_word' id='word_1_357' title='bbox 1312 3615 1421 3691; x_wconf 88' lang='lat' dir='ltr'>potuit,</span> <span class='ocrx_word' id='word_1_358' title='bbox 1441 3615 1492 3673; x_wconf 89' lang='lat' dir='ltr'>sed</span> 
     </span>
     <span class='ocr_line' id='line_1_37' title="bbox 219 3704 1542 3781; baseline -0.001 -18"><span class='ocrx_word' id='word_1_359' title='bbox 219 3725 288 3763; x_wconf 91' lang='lat' dir='ltr'>cum</span> <span class='ocrx_word' id='word_1_360' title='bbox 311 3705 406 3781; x_wconf 84' lang='lat' dir='ltr'>magis</span> <span class='ocrx_word' id='word_1_361' title='bbox 430 3705 545 3780; x_wconf 87' lang='lat' dir='ltr'>epicam</span> <span class='ocrx_word' id='word_1_362' title='bbox 567 3704 758 3780; x_wconf 88' lang='lat' dir='ltr'>rhapsodiam</span> <span class='ocrx_word' id='word_1_363' title='bbox 782 3724 872 3780; x_wconf 89' lang='lat' dir='ltr'>quam</span> <span class='ocrx_word' id='word_1_364' title='bbox 900 3704 1026 3779; x_wconf 89' lang='lat' dir='ltr'>lyricum</span> <span class='ocrx_word' id='word_1_365' title='bbox 1051 3722 1168 3762; x_wconf 89' lang='lat' dir='ltr'>carmen</span> <span class='ocrx_word' id='word_1_366' title='bbox 1191 3723 1322 3781; x_wconf 88' lang='lat' dir='ltr'>pangere</span> <span class='ocrx_word' id='word_1_367' title='bbox 1346 3704 1401 3761; x_wconf 90' lang='lat' dir='ltr'>sibi</span> <span class='ocrx_word' id='word_1_368' title='bbox 1425 3724 1493 3779; x_wconf 90' lang='lat' dir='ltr'>pro·</span> <span class='ocrx_word' id='word_1_369' title='bbox 1539 3718 1542 3724; x_wconf 88' lang='grc'><strong>’</strong></span> 
     </span>
     <span class='ocr_line' id='line_1_38' title="bbox 219 3792 1493 3871; baseline -0.003 -18"><span class='ocrx_word' id='word_1_370' title='bbox 219 3794 369 3871; x_wconf 89' lang='lat' dir='ltr'>posuisset</span> <span class='ocrx_word' id='word_1_371' title='bbox 396 3797 427 3852; x_wconf 90' lang='lat' dir='ltr'>et</span> <span class='ocrx_word' id='word_1_372' title='bbox 454 3794 620 3868; x_wconf 75' lang='lat' dir='ltr'>Cyrenaeus</span> <span class='ocrx_word' id='word_1_373' title='bbox 648 3793 759 3851; x_wconf 89' lang='lat' dir='ltr'>fabulis</span> <span class='ocrx_word' id='word_1_374' title='bbox 787 3795 1032 3871; x_wconf 82' lang='lat' dir='ltr'>Argonautarum</span> <span class='ocrx_word' id='word_1_375' title='bbox 1062 3792 1198 3868; x_wconf 92' lang='lat' dir='ltr'>inprimis</span> <span class='ocrx_word' id='word_1_376' title='bbox 1226 3793 1356 3870; x_wconf 89' lang='lat' dir='ltr'>gaudere</span> <span class='ocrx_word' id='word_1_377' title='bbox 1384 3797 1493 3869; x_wconf 81' lang='lat' dir='ltr'>nosset,</span> 
     </span>
     <span class='ocr_line' id='line_1_39' title="bbox 222 3882 1493 3959; baseline -0.002 -18"><span class='ocrx_word' id='word_1_378' title='bbox 222 3887 291 3959; x_wconf 90' lang='lat' dir='ltr'>post</span> <span class='ocrx_word' id='word_1_379' title='bbox 313 3883 431 3942; x_wconf 87' lang='lat' dir='ltr'>brevem</span> <span class='ocrx_word' id='word_1_380' title='bbox 455 3883 762 3941; x_wconf 88' lang='lat' dir='ltr'>commemorationem</span> <span class='ocrx_word' id='word_1_381' title='bbox 787 3883 930 3941; x_wconf 89' lang='lat' dir='ltr'>victoriae</span> <span class='ocrx_word' id='word_1_382' title='bbox 954 3882 1099 3941; x_wconf 87' lang='lat' dir='ltr'>Arcesilai</span> <span class='ocrx_word' id='word_1_383' title='bbox 1123 3882 1160 3939; x_wconf 92' lang='lat' dir='ltr'>ad</span> <span class='ocrx_word' id='word_1_384' title='bbox 1180 3882 1373 3959; x_wconf 87' lang='lat' dir='ltr'>Argonautas</span> <span class='ocrx_word' id='word_1_385' title='bbox 1395 3883 1493 3959; x_wconf 88' lang='lat' dir='ltr'>rediit,</span> 
     </span>
     <span class='ocr_line' id='line_1_40' title="bbox 219 3970 1493 4047; baseline -0.002 -16"><span class='ocrx_word' id='word_1_386' title='bbox 219 3976 255 4031; x_wconf 88' lang='lat' dir='ltr'>ut</span> <span class='ocrx_word' id='word_1_387' title='bbox 278 3975 372 4031; x_wconf 86' lang='lat' dir='ltr'>totam</span> <span class='ocrx_word' id='word_1_388' title='bbox 397 3972 529 4028; x_wconf 88' lang='lat' dir='ltr'>fabulam</span> <span class='ocrx_word' id='word_1_389' title='bbox 554 3972 620 4029; x_wconf 89' lang='lat' dir='ltr'>inde</span> <span class='ocrx_word' id='word_1_390' title='bbox 645 3991 663 4028; x_wconf 89' lang='lat' dir='ltr'>a</span> <span class='ocrx_word' id='word_1_391' title='bbox 686 3972 832 4047; x_wconf 87' lang='lat' dir='ltr'>principio</span> <span class='ocrx_word' id='word_1_392' title='bbox 856 3974 1039 4031; x_wconf 89' lang='lat' dir='ltr'>contexeret:</span> <span class='ocrx_word' id='word_1_393' title='bbox 1072 3972 1204 4030; x_wconf 84' lang='lat' dir='ltr'>Iasonem</span> <span class='ocrx_word' id='word_1_394' title='bbox 1228 3990 1247 4028; x_wconf 91' lang='lat' dir='ltr'>a</span> <span class='ocrx_word' id='word_1_395' title='bbox 1270 3970 1397 4030; x_wconf 84' lang='lat' dir='ltr'>Chirone</span> <span class='ocrx_word' id='word_1_396' title='bbox 1420 3972 1493 4030; x_wconf 90' lang='lat' dir='ltr'>edu-</span> 
     </span>
     <span class='ocr_line' id='line_1_41' title="bbox 219 4061 1492 4138; baseline -0.001 -18"><span class='ocrx_word' id='word_1_397' title='bbox 219 4066 320 4120; x_wconf 87' lang='lat' dir='ltr'>catum</span> <span class='ocrx_word' id='word_1_398' title='bbox 350 4061 378 4118; x_wconf 91' lang='lat' dir='ltr'>in</span> <span class='ocrx_word' id='word_1_399' title='bbox 407 4062 535 4136; x_wconf 90' lang='lat' dir='ltr'>patriam</span> <span class='ocrx_word' id='word_1_400' title='bbox 564 4062 657 4119; x_wconf 90' lang='lat' dir='ltr'>redire</span> <span class='ocrx_word' id='word_1_401' title='bbox 686 4064 718 4119; x_wconf 88' lang='lat' dir='ltr'>et</span> <span class='ocrx_word' id='word_1_402' title='bbox 744 4064 895 4136; x_wconf 90' lang='lat' dir='ltr'>sceptrum</span> <span class='ocrx_word' id='word_1_403' title='bbox 923 4062 1038 4138; x_wconf 88' lang='lat' dir='ltr'>regium</span> <span class='ocrx_word' id='word_1_404' title='bbox 1066 4079 1084 4118; x_wconf 97' lang='lat' dir='ltr'>a</span> <span class='ocrx_word' id='word_1_405' title='bbox 1114 4061 1196 4118; x_wconf 89' lang='lat' dir='ltr'>Pelia</span> <span class='ocrx_word' id='word_1_406' title='bbox 1227 4063 1377 4138; x_wconf 81' lang='lat' dir='ltr'>repetere3</span> <span class='ocrx_word' id='word_1_407' title='bbox 1410 4062 1492 4138; x_wconf 87' lang='lat' dir='ltr'>Argo</span> 
     </span>
     <span class='ocr_line' id='line_1_42' title="bbox 220 4150 1493 4228; baseline 0 -19"><span class='ocrx_word' id='word_1_408' title='bbox 220 4171 326 4209; x_wconf 83' lang='lat' dir='ltr'>navem</span> <span class='ocrx_word' id='word_1_409' title='bbox 350 4150 387 4207; x_wconf 92' lang='lat' dir='ltr'>ab</span> <span class='ocrx_word' id='word_1_410' title='bbox 411 4151 529 4227; x_wconf 83' lang='lat' dir='ltr'>iasone,</span> <span class='ocrx_word' id='word_1_411' title='bbox 558 4154 593 4208; x_wconf 88' lang='lat' dir='ltr'>ut</span> <span class='ocrx_word' id='word_1_412' title='bbox 619 4150 718 4207; x_wconf 88' lang='lat' dir='ltr'>Phrixi</span> <span class='ocrx_word' id='word_1_413' title='bbox 742 4150 871 4208; x_wconf 90' lang='lat' dir='ltr'>animam</span> <span class='ocrx_word' id='word_1_414' title='bbox 896 4154 927 4209; x_wconf 92' lang='lat' dir='ltr'>et</span> <span class='ocrx_word' id='word_1_415' title='bbox 950 4170 1073 4210; x_wconf 91' lang='lat' dir='ltr'>aureum</span> <span class='ocrx_word' id='word_1_416' title='bbox 1097 4151 1193 4209; x_wconf 83' lang='lat' dir='ltr'>vellus</span> <span class='ocrx_word' id='word_1_417' title='bbox 1217 4150 1384 4228; x_wconf 86' lang='lat' dir='ltr'>reduceret,</span> <span class='ocrx_word' id='word_1_418' title='bbox 1408 4150 1493 4209; x_wconf 90' lang='lat' dir='ltr'>ador·</span> 
     </span>
     <span class='ocr_line' id='line_1_43' title="bbox 219 4240 1494 4318; baseline -0.002 -20"><span class='ocrx_word' id='word_1_419' title='bbox 219 4241 284 4298; x_wconf 90' lang='lat' dir='ltr'>nari</span> <span class='ocrx_word' id='word_1_420' title='bbox 304 4240 510 4316; x_wconf 87' lang='lat' dir='ltr'>militibusque</span> <span class='ocrx_word' id='word_1_421' title='bbox 530 4240 685 4316; x_wconf 72' lang='lat' dir='ltr'>compleri,</span> <span class='ocrx_word' id='word_1_422' title='bbox 704 4241 896 4317; x_wconf 87' lang='lat' dir='ltr'>Argonautas</span> <span class='ocrx_word' id='word_1_423' title='bbox 911 4240 968 4298; x_wconf 87' lang='lat' dir='ltr'>iter</span> <span class='ocrx_word' id='word_1_424' title='bbox 981 4261 1034 4315; x_wconf 88' lang='lat' dir='ltr'>per</span> <span class='ocrx_word' id='word_1_425' title='bbox 1048 4240 1263 4318; x_wconf 86' lang='lat' dir='ltr'>Symplegadas</span> <span class='ocrx_word' id='word_1_426' title='bbox 1278 4240 1307 4297; x_wconf 93' lang='lat' dir='ltr'>in</span> <span class='ocrx_word' id='word_1_427' title='bbox 1323 4244 1331 4294; x_wconf 86' lang='lat' dir='ltr'>l</span> <span class='ocrx_word' id='word_1_428' title='bbox 1340 4240 1494 4299; x_wconf 72' lang='lat' dir='ltr'>ulchieem</span> 
     </span>
     <span class='ocr_line' id='line_1_44' title="bbox 221 4329 1491 4405; baseline -0.002 -16"><span class='ocrx_word' id='word_1_429' title='bbox 221 4336 331 4389; x_wconf 86' lang='lat' dir='ltr'>terram</span> <span class='ocrx_word' id='word_1_430' title='bbox 361 4330 522 4404; x_wconf 85' lang='lat' dir='ltr'>suscipere;</span> <span class='ocrx_word' id='word_1_431' title='bbox 553 4331 688 4388; x_wconf 89' lang='lat' dir='ltr'>lasonem</span> <span class='ocrx_word' id='word_1_432' title='bbox 712 4348 730 4387; x_wconf 91' lang='lat' dir='ltr'>a</span> <span class='ocrx_word' id='word_1_433' title='bbox 754 4329 858 4388; x_wconf 89' lang='lat' dir='ltr'>Medea</span> <span class='ocrx_word' id='word_1_434' title='bbox 881 4329 1017 4386; x_wconf 88' lang='lat' dir='ltr'>adiutum</span> <span class='ocrx_word' id='word_1_435' title='bbox 1042 4329 1239 4388; x_wconf 86' lang='lat' dir='ltr'>certarrrinuru</span> <span class='ocrx_word' id='word_1_436' title='bbox 1262 4329 1299 4386; x_wconf 92' lang='lat' dir='ltr'>ab</span> <span class='ocrx_word' id='word_1_437' title='bbox 1323 4330 1401 4388; x_wconf 88' lang='lat' dir='ltr'>Aeta</span> <span class='ocrx_word' id='word_1_438' title='bbox 1425 4349 1491 4405; x_wconf 90' lang='lat' dir='ltr'>pro-</span> 
     </span>
     <span class='ocr_line' id='line_1_45' title="bbox 219 4419 1493 4497; baseline -0.002 -20"><span class='ocrx_word' id='word_1_439' title='bbox 219 4419 385 4495; x_wconf 90' lang='lat' dir='ltr'>positorum</span> <span class='ocrx_word' id='word_1_440' title='bbox 416 4419 550 4494; x_wconf 72' lang='lat' dir='ltr'>pmii-ula</span> <span class='ocrx_word' id='word_1_441' title='bbox 580 4419 707 4477; x_wconf 87' lang='lat' dir='ltr'>feliciter</span> <span class='ocrx_word' id='word_1_442' title='bbox 736 4437 890 4497; x_wconf 74' lang='lat' dir='ltr'>peragere,</span> <span class='ocrx_word' id='word_1_443' title='bbox 921 4419 1055 4477; x_wconf 87' lang='lat' dir='ltr'>Medeam</span> <span class='ocrx_word' id='word_1_444' title='bbox 1086 4419 1200 4476; x_wconf 88' lang='lat' dir='ltr'>Iasonis</span> <span class='ocrx_word' id='word_1_445' title='bbox 1230 4438 1351 4478; x_wconf 89' lang='lat' dir='ltr'>uxorem</span> <span class='ocrx_word' id='word_1_446' title='bbox 1384 4419 1493 4477; x_wconf 85' lang='lat' dir='ltr'>factam</span> 
     </span>
     <span class='ocr_line' id='line_1_46' title="bbox 219 4506 1493 4585; baseline -0.002 -19"><span class='ocrx_word' id='word_1_447' title='bbox 219 4513 336 4585; x_wconf 85' lang='lat' dir='ltr'>patrem</span> <span class='ocrx_word' id='word_1_448' title='bbox 364 4511 395 4566; x_wconf 87' lang='lat' dir='ltr'>et</span> <span class='ocrx_word' id='word_1_449' title='bbox 422 4509 549 4583; x_wconf 89' lang='lat' dir='ltr'>patriam</span> <span class='ocrx_word' id='word_1_450' title='bbox 581 4510 697 4585; x_wconf 72' lang='lat' dir='ltr'>fugere,</span> <span class='ocrx_word' id='word_1_451' title='bbox 728 4508 855 4584; x_wconf 88' lang='lat' dir='ltr'>denique</span> <span class='ocrx_word' id='word_1_452' title='bbox 879 4509 1070 4585; x_wconf 85' lang='lat' dir='ltr'>Argonautas</span> <span class='ocrx_word' id='word_1_453' title='bbox 1100 4528 1153 4584; x_wconf 90' lang='lat' dir='ltr'>per</span> <span class='ocrx_word' id='word_1_454' title='bbox 1176 4506 1339 4584; x_wconf 83' lang='lat' dir='ltr'>Oceanum,</span> <span class='ocrx_word' id='word_1_455' title='bbox 1369 4507 1493 4564; x_wconf 90' lang='lat' dir='ltr'>rubrum</span> 
     </span>
     <span class='ocr_line' id='line_1_47' title="bbox 219 4591 1494 4679; baseline -0.004 -23"><span class='ocrx_word' id='word_1_456' title='bbox 219 4618 309 4675; x_wconf 90' lang='lat' dir='ltr'>mare,</span> <span class='ocrx_word' id='word_1_457' title='bbox 333 4598 476 4657; x_wconf 88' lang='lat' dir='ltr'>Lemnum</span> <span class='ocrx_word' id='word_1_458' title='bbox 503 4598 629 4655; x_wconf 89' lang='lat' dir='ltr'>insulam</span> <span class='ocrx_word' id='word_1_459' title='bbox 654 4597 774 4654; x_wconf 91' lang='lat' dir='ltr'>domum</span> <span class='ocrx_word' id='word_1_460' title='bbox 798 4597 892 4655; x_wconf 89' lang='lat' dir='ltr'>redire</span> <span class='ocrx_word' id='word_1_461' title='bbox 912 4591 1073 4679; x_wconf 61' lang='lat' dir='ltr'>(jer-aor).</span> <span class='ocrx_word' id='word_1_462' title='bbox 1109 4598 1190 4656; x_wconf 88' lang='lat' dir='ltr'>Haec</span> <span class='ocrx_word' id='word_1_463' title='bbox 1214 4601 1313 4654; x_wconf 88' lang='lat' dir='ltr'>antem</span> <span class='ocrx_word' id='word_1_464' title='bbox 1339 4597 1381 4653; x_wconf 89' lang='lat' dir='ltr'>ita</span> <span class='ocrx_word' id='word_1_465' title='bbox 1406 4599 1494 4670; x_wconf 88' lang='lat' dir='ltr'>poeta</span> 
     </span>
     <span class='ocr_line' id='line_1_48' title="bbox 219 4685 1493 4764; baseline -0.003 -19"><span class='ocrx_word' id='word_1_466' title='bbox 219 4688 362 4764; x_wconf 83' lang='lat' dir='ltr'>narravit,</span> <span class='ocrx_word' id='word_1_467' title='bbox 386 4690 421 4744; x_wconf 88' lang='lat' dir='ltr'>ut</span> <span class='ocrx_word' id='word_1_468' title='bbox 445 4708 502 4746; x_wconf 93' lang='lat' dir='ltr'>non</span> <span class='ocrx_word' id='word_1_469' title='bbox 527 4704 627 4744; x_wconf 90' lang='lat' dir='ltr'>omnes</span> <span class='ocrx_word' id='word_1_470' title='bbox 651 4688 751 4761; x_wconf 85' lang='lat' dir='ltr'>parfes</span> <span class='ocrx_word' id='word_1_471' title='bbox 770 4687 833 4762; x_wconf 89' lang='lat' dir='ltr'>pari</span> <span class='ocrx_word' id='word_1_472' title='bbox 853 4687 1025 4762; x_wconf 84' lang='lat' dir='ltr'>prolixitate</span> <span class='ocrx_word' id='word_1_473' title='bbox 1044 4690 1211 4763; x_wconf 87' lang='lat' dir='ltr'>exponeret,</span> <span class='ocrx_word' id='word_1_474' title='bbox 1231 4686 1281 4744; x_wconf 87' lang='lat' dir='ltr'>sed</span> <span class='ocrx_word' id='word_1_475' title='bbox 1301 4704 1378 4760; x_wconf 69' lang='lat' dir='ltr'>(puae</span> <span class='ocrx_word' id='word_1_476' title='bbox 1397 4685 1493 4760; x_wconf 86' lang='lat' dir='ltr'>magis</span> 
     </span>
     <span class='ocr_line' id='line_1_49' title="bbox 220 4775 1493 4853; baseline -0.002 -18"><span class='ocrx_word' id='word_1_477' title='bbox 220 4778 257 4836; x_wconf 88' lang='lat' dir='ltr'>ad</span> <span class='ocrx_word' id='word_1_478' title='bbox 282 4777 451 4851; x_wconf 86' lang='lat' dir='ltr'>Minyarum</span> <span class='ocrx_word' id='word_1_479' title='bbox 475 4776 650 4850; x_wconf 85' lang='lat' dir='ltr'>lasonisque</span> <span class='ocrx_word' id='word_1_480' title='bbox 674 4776 778 4833; x_wconf 86' lang='lat' dir='ltr'>laudes</span> <span class='ocrx_word' id='word_1_481' title='bbox 801 4776 996 4852; x_wconf 86' lang='lat' dir='ltr'>pertinerent,</span> <span class='ocrx_word' id='word_1_482' title='bbox 1025 4776 1186 4853; x_wconf 85' lang='lat' dir='ltr'>copiosius,</span> <span class='ocrx_word' id='word_1_483' title='bbox 1217 4775 1334 4849; x_wconf 78' lang='lat' dir='ltr'>reliqua</span> <span class='ocrx_word' id='word_1_484' title='bbox 1357 4795 1493 4849; x_wconf 78' lang='lat' dir='ltr'>compen·</span> 
     </span>
     <span class='ocr_line' id='line_1_50' title="bbox 219 4860 1494 4941; baseline -0.002 -16"><span class='ocrx_word' id='word_1_485' title='bbox 219 4867 304 4927; x_wconf 88' lang='lat' dir='ltr'>diosa</span> <span class='ocrx_word' id='word_1_486' title='bbox 323 4867 457 4925; x_wconf 87' lang='lat' dir='ltr'>oratione</span> <span class='ocrx_word' id='word_1_487' title='bbox 477 4866 607 4921; x_wconf 77' lang='lat' dir='ltr'>referret.</span> <span class='ocrx_word' id='word_1_488' title='bbox 645 4865 749 4940; x_wconf 83' lang='lat' dir='ltr'>Neque</span> <span class='ocrx_word' id='word_1_489' title='bbox 769 4870 936 4940; x_wconf 84' lang='lat' dir='ltr'>tenrporum</span> <span class='ocrx_word' id='word_1_490' title='bbox 960 4860 1092 4925; x_wconf 89' lang='lat' dir='ltr'>ordinem</span> <span class='ocrx_word' id='word_1_491' title='bbox 1118 4865 1228 4940; x_wconf 86' lang='lat' dir='ltr'>ubique</span> <span class='ocrx_word' id='word_1_492' title='bbox 1247 4867 1336 4941; x_wconf 88' lang='lat' dir='ltr'>poeta</span> <span class='ocrx_word' id='word_1_493' title='bbox 1355 4865 1494 4941; x_wconf 83' lang='lat' dir='ltr'>servavit,</span> 
     </span>
    </p>

    <p class='ocr_par' dir='ltr' id='par_1_4' title="bbox 1231 4963 1282 5017">
     <span class='ocr_line' id='line_1_51' title="bbox 1231 4963 1282 5017; baseline 0.02 -1"><span class='ocrx_word' id='word_1_494' title='bbox 1231 4963 1282 5017; x_wconf 77' lang='lat'>10*</span> 
     </span>
    </p>
   </div>
   <div class='ocr_carea' id='block_1_3' title="bbox 0 0 1730 5550">
    <p class='ocr_par' dir='ltr' id='par_1_5' title="bbox 0 0 1730 5550">
     <span class='ocr_line' id='line_1_52' title="bbox 0 0 1730 5550; baseline 0 0"><span class='ocrx_word' id='word_1_495' title='bbox 0 0 1730 5550; x_wconf 95' lang='lat' dir='ltr'> </span> 
     </span>
    </p>
   </div>
  </div>
 </body>
</html>
