<?xml version="1.0" encoding="UTF-8"?>
<!DOCTYPE html PUBLIC "-//W3C//DTD XHTML 1.0 Transitional//EN"
    "http://www.w3.org/TR/xhtml1/DTD/xhtml1-transitional.dtd">
<html xmlns="http://www.w3.org/1999/xhtml" xml:lang="en" lang="en">
 <head>
  <title>
</title>
<meta http-equiv="Content-Type" content="text/html;charset=utf-8" />
  <meta name='ocr-system' content='tesseract 3.04.00' />
  <meta name='ocr-capabilities' content='ocr_page ocr_carea ocr_par ocr_line ocrx_word'/>
</head>
<body>
  <div class='ocr_page' id='page_1' title='image "./pindaricarminap00chrigoog_0144.png"; bbox 0 0 3442 5550; ppageno 0'>
   <div class='ocr_carea' id='block_1_1' title="bbox 723 400 1463 462">
    <p class='ocr_par' dir='ltr' id='par_1_1' title="bbox 723 400 1463 462">
     <span class='ocr_line' id='line_1_1' title="bbox 723 400 1463 462; baseline -0.004 -10"><span class='ocrx_word' id='word_1_1' title='bbox 723 400 882 452; x_wconf 76' lang='lat' dir='ltr'><strong>curnem</strong></span> <span class='ocrx_word' id='word_1_2' title='bbox 901 400 922 452; x_wconf 93' lang='lat'><strong>1.</strong></span> <span class='ocrx_word' id='word_1_3' title='bbox 1443 401 1463 462; x_wconf 91' lang='lat'><strong>3</strong></span> 
     </span>
    </p>
   </div>
   <div class='ocr_carea' id='block_1_2' title="bbox 179 559 1508 3140">
    <p class='ocr_par' dir='ltr' id='par_1_2' title="bbox 179 559 1508 3140">
     <span class='ocr_line' id='line_1_2' title="bbox 183 559 1463 652; baseline 0.003 -30"><span class='ocrx_word' id='word_1_4' title='bbox 183 565 266 622; x_wconf 88' lang='lat' dir='ltr'><strong>cuius</strong></span> <span class='ocrx_word' id='word_1_5' title='bbox 290 565 356 623; x_wconf 85' lang='lat' dir='ltr'><strong>roci</strong></span> <span class='ocrx_word' id='word_1_6' title='bbox 377 565 534 639; x_wconf 83' lang='lat' dir='ltr'><strong>phorminx</strong></span> <span class='ocrx_word' id='word_1_7' title='bbox 557 559 867 652; x_wconf 56' lang='lat' dir='ltr'><strong>succinebat(v.1t),</strong></span> <span class='ocrx_word' id='word_1_8' title='bbox 891 569 1013 624; x_wconf 86' lang='lat' dir='ltr'><strong>cantata</strong></span> <span class='ocrx_word' id='word_1_9' title='bbox 1037 569 1090 625; x_wconf 90' lang='lat' dir='ltr'><strong>est.</strong></span> <span class='ocrx_word' id='word_1_10' title='bbox 1127 567 1263 643; x_wconf 82' lang='lat' dir='ltr'>Namque</span> <span class='ocrx_word' id='word_1_11' title='bbox 1287 587 1345 626; x_wconf 91' lang='lat' dir='ltr'><strong>non</strong></span> <span class='ocrx_word' id='word_1_12' title='bbox 1369 588 1463 626; x_wconf 90' lang='lat' dir='ltr'><strong>unum</strong></span> 
     </span>
     <span class='ocr_line' id='line_1_3' title="bbox 183 653 1463 734; baseline 0.004 -23"><span class='ocrx_word' id='word_1_13' title='bbox 183 654 323 729; x_wconf 82' lang='lat' dir='ltr'><strong>aliquem,</strong></span> <span class='ocrx_word' id='word_1_14' title='bbox 347 653 397 710; x_wconf 89' lang='lat' dir='ltr'><strong>sed</strong></span> <span class='ocrx_word' id='word_1_15' title='bbox 416 654 516 729; x_wconf 87' lang='lat' dir='ltr'><strong>plures</strong></span> <span class='ocrx_word' id='word_1_16' title='bbox 535 657 720 714; x_wconf 86' lang='lat' dir='ltr'><strong>consociatos</strong></span> <span class='ocrx_word' id='word_1_17' title='bbox 739 657 881 731; x_wconf 90' lang='lat' dir='ltr'><strong>hymnum</strong></span> <span class='ocrx_word' id='word_1_18' title='bbox 901 656 1040 715; x_wconf 75' lang='lat' dir='ltr'>cecinisse</span> <span class='ocrx_word' id='word_1_19' title='bbox 1060 655 1158 713; x_wconf 79' lang='lat' dir='ltr'><strong>verbis</strong></span> <span class='ocrx_word' id='word_1_20' title='bbox 1176 656 1347 730; x_wconf 77' lang='grc' dir='ltr'><strong><em>πολύφατος</em></strong></span> <span class='ocrx_word' id='word_1_21' title='bbox 1366 656 1463 734; x_wconf 71' lang='grc' dir='ltr'><strong><em>ὕμνος</em></strong></span> 
     </span>
     <span class='ocr_line' id='line_1_4' title="bbox 183 736 1461 824; baseline 0.003 -24"><span class='ocrx_word' id='word_1_22' title='bbox 183 736 274 823; x_wconf 66' lang='lat' dir='ltr'><strong>(mag</strong></span> <span class='ocrx_word' id='word_1_23' title='bbox 298 743 513 818; x_wconf 79' lang='lat' dir='ltr'><strong>cf.N.r1181,</strong></span> <span class='ocrx_word' id='word_1_24' title='bbox 541 737 706 824; x_wconf 73' lang='lat' dir='ltr'><strong>I.v1nr›8)</strong></span> <span class='ocrx_word' id='word_1_25' title='bbox 738 745 939 822; x_wconf 80' lang='lat' dir='ltr'><strong>significatum</strong></span> <span class='ocrx_word' id='word_1_26' title='bbox 972 764 1033 803; x_wconf 87' lang='lat' dir='ltr'><strong>esse</strong></span> <span class='ocrx_word' id='word_1_27' title='bbox 1066 745 1192 803; x_wconf 84' lang='lat' dir='ltr'><strong>videtur.</strong></span> <span class='ocrx_word' id='word_1_28' title='bbox 1235 745 1365 821; x_wconf 87' lang='lat' dir='ltr'><strong>Pornpae</strong></span> <span class='ocrx_word' id='word_1_29' title='bbox 1394 766 1461 822; x_wconf 80' lang='lat' dir='ltr'><strong>gra-</strong></span> 
     </span>
     <span class='ocr_line' id='line_1_5' title="bbox 183 832 1461 911; baseline 0.004 -23"><span class='ocrx_word' id='word_1_30' title='bbox 183 832 329 890; x_wconf 81' lang='lat' dir='ltr'><strong>dientisre</strong></span> <span class='ocrx_word' id='word_1_31' title='bbox 349 832 432 890; x_wconf 88' lang='lat' dir='ltr'><strong>chori</strong></span> <span class='ocrx_word' id='word_1_32' title='bbox 450 832 524 888; x_wconf 90' lang='lat' dir='ltr'><strong>nihil</strong></span> <span class='ocrx_word' id='word_1_33' title='bbox 540 833 642 892; x_wconf 89' lang='lat' dir='ltr'><strong>indieii</strong></span> <span class='ocrx_word' id='word_1_34' title='bbox 657 838 762 911; x_wconf 86' lang='lat' dir='ltr'><strong>exstat,</strong></span> <span class='ocrx_word' id='word_1_35' title='bbox 778 835 867 892; x_wconf 92' lang='lat' dir='ltr'><strong>immo</strong></span> <span class='ocrx_word' id='word_1_36' title='bbox 883 834 1040 893; x_wconf 88' lang='lat' dir='ltr'><strong>concitatis</strong></span> <span class='ocrx_word' id='word_1_37' title='bbox 1054 833 1184 893; x_wconf 88' lang='lat' dir='ltr'><strong>motibus</strong></span> <span class='ocrx_word' id='word_1_38' title='bbox 1199 835 1324 893; x_wconf 73' lang='lat' dir='ltr'><strong>saltasse</strong></span> <span class='ocrx_word' id='word_1_39' title='bbox 1340 836 1461 894; x_wconf 91' lang='lat' dir='ltr'><strong>chorum</strong></span> 
     </span>
     <span class='ocr_line' id='line_1_6' title="bbox 183 921 1462 997; baseline 0.002 -18"><span class='ocrx_word' id='word_1_40' title='bbox 183 924 213 979; x_wconf 89' lang='lat' dir='ltr'><strong>et</strong></span> <span class='ocrx_word' id='word_1_41' title='bbox 236 921 530 997; x_wconf 86' lang='lat' dir='ltr'><strong>hyporehematicum</strong></span> <span class='ocrx_word' id='word_1_42' title='bbox 553 925 673 980; x_wconf 91' lang='lat' dir='ltr'><strong>modum</strong></span> <span class='ocrx_word' id='word_1_43' title='bbox 697 925 836 982; x_wconf 79' lang='lat' dir='ltr'><strong>carminis</strong></span> <span class='ocrx_word' id='word_1_44' title='bbox 859 923 949 981; x_wconf 91' lang='lat' dir='ltr'><strong>fuisse</strong></span> <span class='ocrx_word' id='word_1_45' title='bbox 979 943 1013 980; x_wconf 85' lang='lat' dir='ltr'><strong>ex</strong></span> <span class='ocrx_word' id='word_1_46' title='bbox 1041 927 1150 981; x_wconf 88' lang='lat' dir='ltr'><strong>natura</strong></span> <span class='ocrx_word' id='word_1_47' title='bbox 1178 944 1368 982; x_wconf 88' lang='lat' dir='ltr'><strong>numerorum</strong></span> <span class='ocrx_word' id='word_1_48' title='bbox 1395 945 1462 984; x_wconf 83' lang='lat' dir='ltr'><strong>con·</strong></span> 
     </span>
     <span class='ocr_line' id='line_1_7' title="bbox 184 1010 1461 1088; baseline 0.002 -19"><span class='ocrx_word' id='word_1_49' title='bbox 184 1011 330 1069; x_wconf 89' lang='lat' dir='ltr'><strong>eluserim.</strong></span> <span class='ocrx_word' id='word_1_50' title='bbox 377 1010 448 1068; x_wconf 85' lang='lat' dir='ltr'><strong>Inde</strong></span> <span class='ocrx_word' id='word_1_51' title='bbox 477 1031 512 1068; x_wconf 89' lang='lat' dir='ltr'><strong>ne</strong></span> <span class='ocrx_word' id='word_1_52' title='bbox 541 1016 665 1088; x_wconf 81' lang='lat' dir='ltr'><strong>gravate</strong></span> <span class='ocrx_word' id='word_1_53' title='bbox 693 1013 799 1071; x_wconf 89' lang='lat' dir='ltr'><strong>tuleris</strong></span> <span class='ocrx_word' id='word_1_54' title='bbox 827 1013 906 1088; x_wconf 88' lang='lat' dir='ltr'><strong>qnod</strong></span> <span class='ocrx_word' id='word_1_55' title='bbox 929 1013 1076 1088; x_wconf 88' lang='lat' dir='ltr'><strong>tripodias</strong></span> <span class='ocrx_word' id='word_1_56' title='bbox 1103 1013 1298 1087; x_wconf 86' lang='lat' dir='ltr'><strong>tetrapodicis</strong></span> <span class='ocrx_word' id='word_1_57' title='bbox 1321 1013 1461 1072; x_wconf 90' lang='lat' dir='ltr'><strong>membris</strong></span> 
     </span>
     <span class='ocr_line' id='line_1_8' title="bbox 183 1100 1462 1177; baseline 0.002 -19"><span class='ocrx_word' id='word_1_58' title='bbox 183 1100 358 1158; x_wconf 82' lang='lat' dir='ltr'><strong>commixtas</strong></span> <span class='ocrx_word' id='word_1_59' title='bbox 387 1119 483 1174; x_wconf 86' lang='lat' dir='ltr'><strong>aequo</strong></span> <span class='ocrx_word' id='word_1_60' title='bbox 511 1101 610 1159; x_wconf 90' lang='lat' dir='ltr'><strong>animo</strong></span> <span class='ocrx_word' id='word_1_61' title='bbox 638 1102 704 1160; x_wconf 86' lang='lat' dir='ltr'><strong>tuli.</strong></span> <span class='ocrx_word' id='word_1_62' title='bbox 754 1102 913 1177; x_wconf 86' lang='lat' dir='ltr'><strong>Tripodiae</strong></span> <span class='ocrx_word' id='word_1_63' title='bbox 942 1103 1020 1159; x_wconf 92' lang='lat' dir='ltr'><strong>enim</strong></span> <span class='ocrx_word' id='word_1_64' title='bbox 1051 1103 1243 1160; x_wconf 87' lang='lat' dir='ltr'><strong>catalectieae</strong></span> <span class='ocrx_word' id='word_1_65' title='bbox 1277 1122 1335 1161; x_wconf 92' lang='lat' dir='ltr'><strong>non</strong></span> <span class='ocrx_word' id='word_1_66' title='bbox 1366 1103 1462 1162; x_wconf 89' lang='lat' dir='ltr'><strong>solum</strong></span> 
     </span>
     <span class='ocr_line' id='line_1_9' title="bbox 182 1182 1461 1271; baseline 0.003 -26"><span class='ocrx_word' id='word_1_67' title='bbox 182 1190 212 1246; x_wconf 92' lang='lat' dir='ltr'><strong>in</strong></span> <span class='ocrx_word' id='word_1_68' title='bbox 243 1189 299 1246; x_wconf 87' lang='lat' dir='ltr'><strong>fine</strong></span> <span class='ocrx_word' id='word_1_69' title='bbox 330 1208 468 1247; x_wconf 85' lang='lat' dir='ltr'><strong>versuum</strong></span> <span class='ocrx_word' id='word_1_70' title='bbox 495 1182 560 1269; x_wconf 80' lang='lat' dir='ltr'><strong>(str.</strong></span> <span class='ocrx_word' id='word_1_71' title='bbox 586 1202 615 1267; x_wconf 83' lang='grc'><strong>6,</strong></span> <span class='ocrx_word' id='word_1_72' title='bbox 639 1212 683 1267; x_wconf 88' lang='lat' dir='ltr'><strong>ep.</strong></span> <span class='ocrx_word' id='word_1_73' title='bbox 711 1203 732 1248; x_wconf 92' lang='lat'><strong>1.</strong></span> <span class='ocrx_word' id='word_1_74' title='bbox 757 1202 781 1248; x_wconf 75' lang='grc' dir='ltr'><strong>ο.</strong></span> <span class='ocrx_word' id='word_1_75' title='bbox 807 1184 851 1271; x_wconf 80' lang='grc' dir='ltr'><strong>ο),</strong></span> <span class='ocrx_word' id='word_1_76' title='bbox 882 1192 935 1266; x_wconf 87' lang='lat' dir='ltr'><strong>qui</strong></span> <span class='ocrx_word' id='word_1_77' title='bbox 964 1191 1116 1268; x_wconf 84' lang='lat' dir='ltr'><strong>legitimus</strong></span> <span class='ocrx_word' id='word_1_78' title='bbox 1149 1191 1231 1250; x_wconf 89' lang='lat' dir='ltr'><strong>locus</strong></span> <span class='ocrx_word' id='word_1_79' title='bbox 1263 1192 1461 1267; x_wconf 89' lang='lat' dir='ltr'><strong>tripodiarmn</strong></span> 
     </span>
     <span class='ocr_line' id='line_1_10' title="bbox 183 1272 1464 1360; baseline 0.001 -25"><span class='ocrx_word' id='word_1_80' title='bbox 183 1281 241 1352; x_wconf 88' lang='lat' dir='ltr'><strong>est,</strong></span> <span class='ocrx_word' id='word_1_81' title='bbox 264 1277 316 1336; x_wconf 89' lang='lat' dir='ltr'><strong>sed</strong></span> <span class='ocrx_word' id='word_1_82' title='bbox 340 1279 431 1335; x_wconf 91' lang='lat' dir='ltr'><strong>etiam</strong></span> <span class='ocrx_word' id='word_1_83' title='bbox 454 1279 485 1335; x_wconf 90' lang='lat' dir='ltr'><strong>in</strong></span> <span class='ocrx_word' id='word_1_84' title='bbox 513 1280 619 1339; x_wconf 88' lang='lat' dir='ltr'><strong>mediis</strong></span> <span class='ocrx_word' id='word_1_85' title='bbox 643 1283 674 1337; x_wconf 89' lang='lat' dir='ltr'><strong>et</strong></span> <span class='ocrx_word' id='word_1_86' title='bbox 696 1280 862 1339; x_wconf 81' lang='lat' dir='ltr'><strong>initialibus</strong></span> <span class='ocrx_word' id='word_1_87' title='bbox 887 1280 1020 1339; x_wconf 87' lang='lat' dir='ltr'><strong>versibus</strong></span> <span class='ocrx_word' id='word_1_88' title='bbox 1048 1272 1114 1360; x_wconf 88' lang='lat' dir='ltr'><strong>(str.</strong></span> <span class='ocrx_word' id='word_1_89' title='bbox 1140 1292 1181 1357; x_wconf 88' lang='lat'><strong>10,</strong></span> <span class='ocrx_word' id='word_1_90' title='bbox 1205 1301 1251 1356; x_wconf 87' lang='lat' dir='ltr'><strong>ep.</strong></span> <span class='ocrx_word' id='word_1_91' title='bbox 1277 1294 1299 1339; x_wconf 88' lang='lat'><strong>1.</strong></span> <span class='ocrx_word' id='word_1_92' title='bbox 1325 1293 1349 1338; x_wconf 86' lang='lat'><strong>3.</strong></span> <span class='ocrx_word' id='word_1_93' title='bbox 1374 1293 1397 1339; x_wconf 77' lang='lat' dir='ltr'><strong>s.</strong></span> <span class='ocrx_word' id='word_1_94' title='bbox 1424 1275 1464 1357; x_wconf 74' lang='lat' dir='ltr'><strong>sl,</strong></span> 
     </span>
     <span class='ocr_line' id='line_1_11' title="bbox 184 1370 1463 1445; baseline 0.001 -20"><span class='ocrx_word' id='word_1_95' title='bbox 184 1370 350 1443; x_wconf 78' lang='lat' dir='ltr'><strong>occurrunt,</strong></span> <span class='ocrx_word' id='word_1_96' title='bbox 375 1386 557 1442; x_wconf 85' lang='lat' dir='ltr'><strong>quamquam</strong></span> <span class='ocrx_word' id='word_1_97' title='bbox 585 1370 673 1445; x_wconf 88' lang='lat' dir='ltr'><strong>epodi</strong></span> <span class='ocrx_word' id='word_1_98' title='bbox 701 1389 803 1428; x_wconf 82' lang='lat' dir='ltr'><strong>versus</strong></span> <span class='ocrx_word' id='word_1_99' title='bbox 829 1382 841 1428; x_wconf 94' lang='lat'>1</span> <span class='ocrx_word' id='word_1_100' title='bbox 868 1372 898 1426; x_wconf 89' lang='lat' dir='ltr'><strong>et</strong></span> <span class='ocrx_word' id='word_1_101' title='bbox 922 1380 937 1427; x_wconf 83' lang='lat'>5</span> <span class='ocrx_word' id='word_1_102' title='bbox 961 1389 1026 1428; x_wconf 85' lang='lat' dir='ltr'><strong>curn</strong></span> <span class='ocrx_word' id='word_1_103' title='bbox 1056 1388 1090 1427; x_wconf 85' lang='lat' dir='ltr'><strong>ex</strong></span> <span class='ocrx_word' id='word_1_104' title='bbox 1121 1370 1193 1428; x_wconf 92' lang='lat' dir='ltr'><strong>solis</strong></span> <span class='ocrx_word' id='word_1_105' title='bbox 1225 1370 1365 1445; x_wconf 88' lang='lat' dir='ltr'><strong>tripodiis</strong></span> <span class='ocrx_word' id='word_1_106' title='bbox 1396 1389 1463 1429; x_wconf 87' lang='lat' dir='ltr'><strong>eon-</strong></span> 
     </span>
     <span class='ocr_line' id='line_1_12' title="bbox 183 1456 1464 1534; baseline 0.001 -20"><span class='ocrx_word' id='word_1_107' title='bbox 183 1459 274 1533; x_wconf 87' lang='lat' dir='ltr'><strong>stent,</strong></span> <span class='ocrx_word' id='word_1_108' title='bbox 307 1456 404 1515; x_wconf 88' lang='lat' dir='ltr'><strong>minus</strong></span> <span class='ocrx_word' id='word_1_109' title='bbox 437 1456 606 1517; x_wconf 83' lang='lat' dir='ltr'><strong>offensionis</strong></span> <span class='ocrx_word' id='word_1_110' title='bbox 640 1458 750 1517; x_wconf 87' lang='lat' dir='ltr'><strong>habent</strong></span> <span class='ocrx_word' id='word_1_111' title='bbox 782 1462 814 1516; x_wconf 89' lang='lat' dir='ltr'><strong>et</strong></span> <span class='ocrx_word' id='word_1_112' title='bbox 845 1477 947 1518; x_wconf 87' lang='lat' dir='ltr'><strong>versus</strong></span> <span class='ocrx_word' id='word_1_113' title='bbox 980 1462 1031 1517; x_wconf 91' lang='lat' dir='ltr'><strong>str.</strong></span> <span class='ocrx_word' id='word_1_114' title='bbox 1053 1470 1093 1516; x_wconf 83' lang='grc' dir='ltr'><strong><em>ιο.</em></strong></span> <span class='ocrx_word' id='word_1_115' title='bbox 1113 1461 1144 1515; x_wconf 89' lang='lat' dir='ltr'><strong>et</strong></span> <span class='ocrx_word' id='word_1_116' title='bbox 1172 1479 1216 1534; x_wconf 91' lang='lat' dir='ltr'><strong>ep.</strong></span> <span class='ocrx_word' id='word_1_117' title='bbox 1237 1472 1274 1533; x_wconf 84' lang='lat'><strong>3.,</strong></span> <span class='ocrx_word' id='word_1_118' title='bbox 1308 1460 1333 1517; x_wconf 91' lang='lat' dir='ltr'><strong>si</strong></span> <span class='ocrx_word' id='word_1_119' title='bbox 1366 1460 1464 1534; x_wconf 89' lang='lat' dir='ltr'><strong>inqui-</strong></span> 
     </span>
     <span class='ocr_line' id='line_1_13' title="bbox 183 1548 1465 1625; baseline 0.002 -22"><span class='ocrx_word' id='word_1_120' title='bbox 183 1548 262 1604; x_wconf 86' lang='lat' dir='ltr'><strong>etem</strong></span> <span class='ocrx_word' id='word_1_121' title='bbox 294 1565 329 1602; x_wconf 83' lang='lat' dir='ltr'><strong>ex</strong></span> <span class='ocrx_word' id='word_1_122' title='bbox 362 1565 506 1605; x_wconf 82' lang='lat' dir='ltr'><strong>concursu</strong></span> <span class='ocrx_word' id='word_1_123' title='bbox 534 1548 732 1623; x_wconf 88' lang='lat' dir='ltr'><strong>tripodiarum</strong></span> <span class='ocrx_word' id='word_1_124' title='bbox 760 1550 790 1606; x_wconf 91' lang='lat' dir='ltr'><strong>et</strong></span> <span class='ocrx_word' id='word_1_125' title='bbox 817 1548 1054 1623; x_wconf 88' lang='lat' dir='ltr'><strong>tetrapodiarum</strong></span> <span class='ocrx_word' id='word_1_126' title='bbox 1083 1550 1185 1605; x_wconf 89' lang='lat' dir='ltr'><strong>natam</strong></span> <span class='ocrx_word' id='word_1_127' title='bbox 1215 1548 1347 1606; x_wconf 87' lang='lat' dir='ltr'><strong>minuere</strong></span> <span class='ocrx_word' id='word_1_128' title='bbox 1380 1548 1465 1625; x_wconf 85' lang='lat' dir='ltr'><strong>velis,</strong></span> 
     </span>
     <span class='ocr_line' id='line_1_14' title="bbox 184 1635 1464 1713; baseline 0.002 -21"><span class='ocrx_word' id='word_1_129' title='bbox 184 1635 243 1694; x_wconf 90' lang='lat' dir='ltr'><strong>alio</strong></span> <span class='ocrx_word' id='word_1_130' title='bbox 267 1635 355 1693; x_wconf 89' lang='lat' dir='ltr'><strong>modo</strong></span> <span class='ocrx_word' id='word_1_131' title='bbox 378 1636 495 1710; x_wconf 87' lang='lat' dir='ltr'><strong>percuti</strong></span> <span class='ocrx_word' id='word_1_132' title='bbox 518 1639 651 1711; x_wconf 78' lang='lat' dir='ltr'><strong>possunt.</strong></span> <span class='ocrx_word' id='word_1_133' title='bbox 696 1637 838 1695; x_wconf 89' lang='lat' dir='ltr'><strong>Plurimis</strong></span> <span class='ocrx_word' id='word_1_134' title='bbox 862 1636 995 1695; x_wconf 87' lang='lat' dir='ltr'><strong>versibus</strong></span> <span class='ocrx_word' id='word_1_135' title='bbox 1023 1656 1181 1695; x_wconf 83' lang='lat' dir='ltr'><strong>anacrnses</strong></span> <span class='ocrx_word' id='word_1_136' title='bbox 1208 1636 1357 1712; x_wconf 81' lang='lat' dir='ltr'><strong>praefixae</strong></span> <span class='ocrx_word' id='word_1_137' title='bbox 1386 1639 1464 1713; x_wconf 89' lang='lat' dir='ltr'><strong>sunt,</strong></span> 
     </span>
     <span class='ocr_line' id='line_1_15' title="bbox 182 1719 1464 1805; baseline 0.002 -24"><span class='ocrx_word' id='word_1_138' title='bbox 182 1744 242 1782; x_wconf 92' lang='lat' dir='ltr'><strong>non</strong></span> <span class='ocrx_word' id='word_1_139' title='bbox 262 1725 359 1783; x_wconf 88' lang='lat' dir='ltr'><strong>solum</strong></span> <span class='ocrx_word' id='word_1_140' title='bbox 383 1724 470 1782; x_wconf 92' lang='lat' dir='ltr'><strong>unius</strong></span> <span class='ocrx_word' id='word_1_141' title='bbox 494 1725 627 1799; x_wconf 81' lang='lat' dir='ltr'><strong>syllabae</strong></span> <span class='ocrx_word' id='word_1_142' title='bbox 651 1725 749 1784; x_wconf 82' lang='lat' dir='ltr'><strong>brevis</strong></span> <span class='ocrx_word' id='word_1_143' title='bbox 774 1728 820 1784; x_wconf 90' lang='lat' dir='ltr'><strong>vel</strong></span> <span class='ocrx_word' id='word_1_144' title='bbox 845 1727 970 1785; x_wconf 82' lang='lat' dir='ltr'><strong>duamm</strong></span> <span class='ocrx_word' id='word_1_145' title='bbox 993 1725 1128 1783; x_wconf 81' lang='lat' dir='ltr'><strong>brevium</strong></span> <span class='ocrx_word' id='word_1_146' title='bbox 1153 1719 1212 1803; x_wconf 87' lang='lat' dir='ltr'><strong>(ep.</strong></span> <span class='ocrx_word' id='word_1_147' title='bbox 1233 1720 1274 1805; x_wconf 77' lang='lat' dir='ltr'><strong>a),</strong></span> <span class='ocrx_word' id='word_1_148' title='bbox 1297 1727 1348 1783; x_wconf 90' lang='lat' dir='ltr'><strong>sed</strong></span> <span class='ocrx_word' id='word_1_149' title='bbox 1373 1727 1464 1784; x_wconf 88' lang='lat' dir='ltr'><strong>etiam</strong></span> 
     </span>
     <span class='ocr_line' id='line_1_16' title="bbox 181 1807 1463 1895; baseline 0.002 -24"><span class='ocrx_word' id='word_1_150' title='bbox 181 1813 340 1872; x_wconf 79' lang='lat' dir='ltr'><strong>tribrachis</strong></span> <span class='ocrx_word' id='word_1_151' title='bbox 372 1814 419 1871; x_wconf 85' lang='lat' dir='ltr'><strong>vel</strong></span> <span class='ocrx_word' id='word_1_152' title='bbox 452 1813 543 1871; x_wconf 86' lang='lat' dir='ltr'><strong>iambi</strong></span> <span class='ocrx_word' id='word_1_153' title='bbox 575 1807 641 1895; x_wconf 85' lang='lat' dir='ltr'><strong>(str.</strong></span> <span class='ocrx_word' id='word_1_154' title='bbox 666 1828 690 1873; x_wconf 78' lang='lat'><strong>2.</strong></span> <span class='ocrx_word' id='word_1_155' title='bbox 715 1830 739 1873; x_wconf 81' lang='lat' dir='ltr'><strong>s.</strong></span> <span class='ocrx_word' id='word_1_156' title='bbox 765 1828 806 1873; x_wconf 84' lang='lat'><strong>10.</strong></span> <span class='ocrx_word' id='word_1_157' title='bbox 833 1828 879 1893; x_wconf 89' lang='lat'><strong>11,</strong></span> <span class='ocrx_word' id='word_1_158' title='bbox 915 1836 960 1890; x_wconf 90' lang='lat' dir='ltr'><strong>ep.</strong></span> <span class='ocrx_word' id='word_1_159' title='bbox 986 1828 1009 1873; x_wconf 91' lang='lat'><strong>1.</strong></span> <span class='ocrx_word' id='word_1_160' title='bbox 1033 1827 1058 1873; x_wconf 65' lang='grc' dir='ltr'><strong>ν.</strong></span> <span class='ocrx_word' id='word_1_161' title='bbox 1081 1826 1107 1873; x_wconf 79' lang='grc'><strong>4.</strong></span> <span class='ocrx_word' id='word_1_162' title='bbox 1132 1826 1156 1873; x_wconf 77' lang='grc'><strong>7.</strong></span> <span class='ocrx_word' id='word_1_163' title='bbox 1181 1808 1226 1895; x_wconf 76' lang='lat' dir='ltr'><strong>s),</strong></span> <span class='ocrx_word' id='word_1_164' title='bbox 1259 1815 1338 1890; x_wconf 89' lang='lat' dir='ltr'><strong>quod</strong></span> <span class='ocrx_word' id='word_1_165' title='bbox 1370 1835 1463 1891; x_wconf 79' lang='lat' dir='ltr'><strong>genus</strong></span> 
     </span>
     <span class='ocr_line' id='line_1_17' title="bbox 183 1902 1508 1980; baseline 0.002 -21"><span class='ocrx_word' id='word_1_166' title='bbox 183 1902 335 1961; x_wconf 86' lang='lat' dir='ltr'><strong>anacrusis</strong></span> <span class='ocrx_word' id='word_1_167' title='bbox 359 1922 426 1961; x_wconf 92' lang='lat' dir='ltr'><strong>cum</strong></span> <span class='ocrx_word' id='word_1_168' title='bbox 449 1905 659 1977; x_wconf 90' lang='lat' dir='ltr'><strong>paeonicorum</strong></span> <span class='ocrx_word' id='word_1_169' title='bbox 687 1905 852 1963; x_wconf 89' lang='lat' dir='ltr'><strong>carminum</strong></span> <span class='ocrx_word' id='word_1_170' title='bbox 879 1905 1032 1980; x_wconf 89' lang='lat' dir='ltr'><strong>proprium</strong></span> <span class='ocrx_word' id='word_1_171' title='bbox 1057 1905 1109 1979; x_wconf 90' lang='lat' dir='ltr'><strong>sit,</strong></span> <span class='ocrx_word' id='word_1_172' title='bbox 1132 1924 1168 1960; x_wconf 89' lang='lat' dir='ltr'><strong>ne</strong></span> <span class='ocrx_word' id='word_1_173' title='bbox 1196 1903 1234 1961; x_wconf 88' lang='lat' dir='ltr'><strong>ab</strong></span> <span class='ocrx_word' id='word_1_174' title='bbox 1263 1904 1318 1962; x_wconf 90' lang='lat' dir='ltr'><strong>hoc</strong></span> <span class='ocrx_word' id='word_1_175' title='bbox 1342 1904 1461 1978; x_wconf 86' lang='lat' dir='ltr'><strong>quidem</strong></span> <span class='ocrx_word' id='word_1_176' title='bbox 1505 1958 1508 1971; x_wconf 84' lang='lat'><strong><em>‚</em></strong></span> 
     </span>
     <span class='ocr_line' id='line_1_18' title="bbox 183 1986 1508 2069; baseline 0.002 -21"><span class='ocrx_word' id='word_1_177' title='bbox 183 1992 321 2067; x_wconf 88' lang='lat' dir='ltr'><strong>carmine,</strong></span> <span class='ocrx_word' id='word_1_178' title='bbox 341 1992 420 2067; x_wconf 87' lang='lat' dir='ltr'><strong>quod</strong></span> <span class='ocrx_word' id='word_1_179' title='bbox 440 1992 645 2069; x_wconf 82' lang='lat' dir='ltr'><strong>alogaoedico</strong></span> <span class='ocrx_word' id='word_1_180' title='bbox 664 1995 767 2051; x_wconf 90' lang='lat' dir='ltr'><strong>tenore</strong></span> <span class='ocrx_word' id='word_1_181' title='bbox 786 1994 824 2051; x_wconf 88' lang='lat' dir='ltr'><strong>ad</strong></span> <span class='ocrx_word' id='word_1_182' title='bbox 843 1994 1019 2068; x_wconf 87' lang='lat' dir='ltr'><strong>paeonicum</strong></span> <span class='ocrx_word' id='word_1_183' title='bbox 1039 1993 1173 2069; x_wconf 87' lang='lat' dir='ltr'><strong>inclinat,</strong></span> <span class='ocrx_word' id='word_1_184' title='bbox 1192 1992 1340 2050; x_wconf 86' lang='lat' dir='ltr'><strong>abhorret.</strong></span> <span class='ocrx_word' id='word_1_185' title='bbox 1368 1993 1462 2051; x_wconf 89' lang='lat' dir='ltr'><strong>Pedes</strong></span> <span class='ocrx_word' id='word_1_186' title='bbox 1504 1986 1508 1997; x_wconf 79' lang='grc'><strong>’</strong></span> 
     </span>
     <span class='ocr_line' id='line_1_19' title="bbox 182 2081 1462 2160; baseline 0.001 -23"><span class='ocrx_word' id='word_1_187' title='bbox 182 2081 318 2138; x_wconf 85' lang='lat' dir='ltr'><strong>ordinum</strong></span> <span class='ocrx_word' id='word_1_188' title='bbox 342 2081 402 2137; x_wconf 84' lang='lat' dir='ltr'><strong>fere</strong></span> <span class='ocrx_word' id='word_1_189' title='bbox 426 2082 559 2139; x_wconf 87' lang='lat' dir='ltr'><strong>trochaei</strong></span> <span class='ocrx_word' id='word_1_190' title='bbox 579 2086 609 2139; x_wconf 88' lang='lat' dir='ltr'><strong>et</strong></span> <span class='ocrx_word' id='word_1_191' title='bbox 630 2084 734 2158; x_wconf 84' lang='lat' dir='ltr'><strong>cyclici</strong></span> <span class='ocrx_word' id='word_1_192' title='bbox 757 2084 871 2157; x_wconf 81' lang='lat' dir='ltr'><strong>dactyli</strong></span> <span class='ocrx_word' id='word_1_193' title='bbox 894 2086 976 2160; x_wconf 75' lang='lat' dir='ltr'><strong>sunt,</strong></span> <span class='ocrx_word' id='word_1_194' title='bbox 1000 2083 1030 2139; x_wconf 90' lang='lat' dir='ltr'><strong>in</strong></span> <span class='ocrx_word' id='word_1_195' title='bbox 1055 2083 1152 2141; x_wconf 89' lang='lat' dir='ltr'><strong>locum</strong></span> <span class='ocrx_word' id='word_1_196' title='bbox 1175 2082 1382 2140; x_wconf 86' lang='lat' dir='ltr'><strong>trochaeorum</strong></span> <span class='ocrx_word' id='word_1_197' title='bbox 1407 2081 1462 2141; x_wconf 90' lang='lat' dir='ltr'><strong>sub</strong></span> 
     </span>
     <span class='ocr_line' id='line_1_20' title="bbox 181 2165 1462 2252; baseline 0.002 -26"><span class='ocrx_word' id='word_1_198' title='bbox 181 2169 269 2227; x_wconf 86' lang='lat' dir='ltr'><strong>finem</strong></span> <span class='ocrx_word' id='word_1_199' title='bbox 296 2171 436 2245; x_wconf 81' lang='lat' dir='ltr'><strong>strophae</strong></span> <span class='ocrx_word' id='word_1_200' title='bbox 468 2174 498 2227; x_wconf 87' lang='lat' dir='ltr'><strong>et</strong></span> <span class='ocrx_word' id='word_1_201' title='bbox 531 2172 618 2246; x_wconf 88' lang='lat' dir='ltr'><strong>epodi</strong></span> <span class='ocrx_word' id='word_1_202' title='bbox 648 2165 713 2252; x_wconf 83' lang='lat' dir='ltr'><strong>(str.</strong></span> <span class='ocrx_word' id='word_1_203' title='bbox 737 2183 762 2230; x_wconf 83' lang='grc'><strong>9.</strong></span> <span class='ocrx_word' id='word_1_204' title='bbox 788 2184 834 2247; x_wconf 85' lang='grc' dir='ltr'><strong>1ο,</strong></span> <span class='ocrx_word' id='word_1_205' title='bbox 858 2192 903 2246; x_wconf 90' lang='lat' dir='ltr'><strong>ep.</strong></span> <span class='ocrx_word' id='word_1_206' title='bbox 927 2165 958 2252; x_wconf 82' lang='lat'><strong>8)</strong></span> <span class='ocrx_word' id='word_1_207' title='bbox 992 2175 1081 2230; x_wconf 87' lang='lat' dir='ltr'><strong>aucta</strong></span> <span class='ocrx_word' id='word_1_208' title='bbox 1116 2172 1272 2230; x_wconf 89' lang='lat' dir='ltr'><strong>modorum</strong></span> <span class='ocrx_word' id='word_1_209' title='bbox 1305 2171 1462 2229; x_wconf 84' lang='lat' dir='ltr'><strong>alacritate</strong></span> 
     </span>
     <span class='ocr_line' id='line_1_21' title="bbox 182 2259 1463 2337; baseline 0.002 -22"><span class='ocrx_word' id='word_1_210' title='bbox 182 2259 292 2333; x_wconf 38' lang='lat' dir='ltr'><strong>oreti—ci,</strong></span> <span class='ocrx_word' id='word_1_211' title='bbox 308 2263 338 2316; x_wconf 90' lang='lat' dir='ltr'><strong>et</strong></span> <span class='ocrx_word' id='word_1_212' title='bbox 361 2278 489 2337; x_wconf 85' lang='lat' dir='ltr'><strong>paeones</strong></span> <span class='ocrx_word' id='word_1_213' title='bbox 513 2266 543 2318; x_wconf 91' lang='lat' dir='ltr'><strong>et</strong></span> <span class='ocrx_word' id='word_1_214' title='bbox 573 2261 703 2320; x_wconf 89' lang='lat' dir='ltr'><strong>dochmii</strong></span> <span class='ocrx_word' id='word_1_215' title='bbox 726 2262 894 2320; x_wconf 90' lang='lat' dir='ltr'><strong>succedunt.</strong></span> <span class='ocrx_word' id='word_1_216' title='bbox 941 2261 1029 2319; x_wconf 83' lang='lat' dir='ltr'><strong>Fines</strong></span> <span class='ocrx_word' id='word_1_217' title='bbox 1053 2280 1192 2320; x_wconf 84' lang='lat' dir='ltr'><strong>versuum</strong></span> <span class='ocrx_word' id='word_1_218' title='bbox 1216 2261 1333 2318; x_wconf 86' lang='lat' dir='ltr'><strong>indiciis</strong></span> <span class='ocrx_word' id='word_1_219' title='bbox 1362 2261 1463 2319; x_wconf 85' lang='lat' dir='ltr'><strong>hiatus</strong></span> 
     </span>
     <span class='ocr_line' id='line_1_22' title="bbox 181 2348 1464 2426; baseline 0.003 -22"><span class='ocrx_word' id='word_1_220' title='bbox 181 2351 211 2404; x_wconf 94' lang='lat' dir='ltr'><strong>et</strong></span> <span class='ocrx_word' id='word_1_221' title='bbox 239 2348 372 2423; x_wconf 85' lang='lat' dir='ltr'><strong>syllabae</strong></span> <span class='ocrx_word' id='word_1_222' title='bbox 400 2349 540 2424; x_wconf 90' lang='lat' dir='ltr'><strong>aneipitis</strong></span> <span class='ocrx_word' id='word_1_223' title='bbox 568 2350 628 2407; x_wconf 84' lang='lat' dir='ltr'><strong>fere</strong></span> <span class='ocrx_word' id='word_1_224' title='bbox 657 2351 789 2409; x_wconf 88' lang='lat' dir='ltr'><strong>omnium</strong></span> <span class='ocrx_word' id='word_1_225' title='bbox 817 2371 835 2409; x_wconf 89' lang='lat' dir='ltr'><strong>a</strong></span> <span class='ocrx_word' id='word_1_226' title='bbox 863 2355 953 2426; x_wconf 91' lang='lat' dir='ltr'><strong>poeta</strong></span> <span class='ocrx_word' id='word_1_227' title='bbox 981 2350 1106 2409; x_wconf 89' lang='lat' dir='ltr'><strong>indicati</strong></span> <span class='ocrx_word' id='word_1_228' title='bbox 1134 2354 1217 2425; x_wconf 70' lang='lat' dir='ltr'><strong>sunt,</strong></span> <span class='ocrx_word' id='word_1_229' title='bbox 1249 2351 1284 2408; x_wconf 89' lang='lat' dir='ltr'><strong>de</strong></span> <span class='ocrx_word' id='word_1_230' title='bbox 1308 2350 1464 2409; x_wconf 82' lang='lat' dir='ltr'><strong>versiculis</strong></span> 
     </span>
     <span class='ocr_line' id='line_1_23' title="bbox 181 2437 1462 2516; baseline 0.002 -22"><span class='ocrx_word' id='word_1_231' title='bbox 181 2437 320 2512; x_wconf 84' lang='lat' dir='ltr'><strong>strophae</strong></span> <span class='ocrx_word' id='word_1_232' title='bbox 344 2449 360 2495; x_wconf 83' lang='lat'><strong>3</strong></span> <span class='ocrx_word' id='word_1_233' title='bbox 385 2440 415 2495; x_wconf 89' lang='lat' dir='ltr'><strong>et</strong></span> <span class='ocrx_word' id='word_1_234' title='bbox 438 2449 455 2495; x_wconf 82' lang='grc'>4</span> <span class='ocrx_word' id='word_1_235' title='bbox 482 2439 513 2496; x_wconf 90' lang='lat' dir='ltr'><strong>in</strong></span> <span class='ocrx_word' id='word_1_236' title='bbox 543 2459 635 2497; x_wconf 89' lang='lat' dir='ltr'><strong>unum</strong></span> <span class='ocrx_word' id='word_1_237' title='bbox 664 2459 781 2499; x_wconf 88' lang='lat' dir='ltr'><strong>versum</strong></span> <span class='ocrx_word' id='word_1_238' title='bbox 809 2443 1016 2516; x_wconf 85' lang='lat' dir='ltr'><strong>asynartetum</strong></span> <span class='ocrx_word' id='word_1_239' title='bbox 1045 2439 1258 2516; x_wconf 82' lang='lat' dir='ltr'><strong>coniungendis</strong></span> <span class='ocrx_word' id='word_1_240' title='bbox 1288 2440 1354 2497; x_wconf 91' lang='lat' dir='ltr'><strong>vide</strong></span> <span class='ocrx_word' id='word_1_241' title='bbox 1383 2439 1462 2497; x_wconf 89' lang='lat' dir='ltr'><strong>Prol.</strong></span> 
     </span>
     <span class='ocr_line' id='line_1_24' title="bbox 180 2526 1462 2605; baseline 0.003 -22"><span class='ocrx_word' id='word_1_242' title='bbox 180 2546 208 2601; x_wconf 92' lang='lat' dir='ltr'><strong>p.</strong></span> <span class='ocrx_word' id='word_1_243' title='bbox 227 2544 301 2583; x_wconf 89' lang='lat' dir='ltr'><strong>xx11.</strong></span> <span class='ocrx_word' id='word_1_244' title='bbox 342 2526 440 2601; x_wconf 81' lang='lat' dir='ltr'><strong>Epodi</strong></span> <span class='ocrx_word' id='word_1_245' title='bbox 468 2548 570 2587; x_wconf 81' lang='lat' dir='ltr'><strong>versus</strong></span> <span class='ocrx_word' id='word_1_246' title='bbox 598 2533 714 2587; x_wconf 83' lang='lat' dir='ltr'><strong>sextum</strong></span> <span class='ocrx_word' id='word_1_247' title='bbox 743 2533 773 2587; x_wconf 88' lang='lat' dir='ltr'><strong>et</strong></span> <span class='ocrx_word' id='word_1_248' title='bbox 801 2529 959 2605; x_wconf 88' lang='lat' dir='ltr'><strong>septimmn</strong></span> <span class='ocrx_word' id='word_1_249' title='bbox 983 2550 1075 2587; x_wconf 90' lang='lat' dir='ltr'><strong>unum</strong></span> <span class='ocrx_word' id='word_1_250' title='bbox 1099 2530 1129 2586; x_wconf 94' lang='lat' dir='ltr'><strong>in</strong></span> <span class='ocrx_word' id='word_1_251' title='bbox 1154 2548 1271 2587; x_wconf 76' lang='lat' dir='ltr'><strong>versum</strong></span> <span class='ocrx_word' id='word_1_252' title='bbox 1295 2528 1462 2587; x_wconf 83' lang='lat' dir='ltr'><strong>Boeckhius</strong></span> 
     </span>
     <span class='ocr_line' id='line_1_25' title="bbox 182 2616 1462 2695; baseline 0.002 -22"><span class='ocrx_word' id='word_1_253' title='bbox 182 2616 350 2692; x_wconf 75' lang='lat' dir='ltr'><strong>coniunxit-3</strong></span> <span class='ocrx_word' id='word_1_254' title='bbox 387 2635 440 2674; x_wconf 88' lang='lat' dir='ltr'><strong>nos</strong></span> <span class='ocrx_word' id='word_1_255' title='bbox 473 2636 525 2676; x_wconf 88' lang='lat' dir='ltr'><strong>cur</strong></span> <span class='ocrx_word' id='word_1_256' title='bbox 548 2618 670 2695; x_wconf 82' lang='lat' dir='ltr'><strong>Bergkii</strong></span> <span class='ocrx_word' id='word_1_257' title='bbox 694 2620 841 2677; x_wconf 89' lang='lat' dir='ltr'><strong>rationem</strong></span> <span class='ocrx_word' id='word_1_258' title='bbox 870 2619 1097 2695; x_wconf 81' lang='lat' dir='ltr'><strong>praeferendam</strong></span> <span class='ocrx_word' id='word_1_259' title='bbox 1120 2617 1401 2694; x_wconf 77' lang='lat' dir='ltr'><strong>existimaverimus,</strong></span> <span class='ocrx_word' id='word_1_260' title='bbox 1432 2618 1462 2674; x_wconf 90' lang='lat' dir='ltr'><strong>in</strong></span> 
     </span>
     <span class='ocr_line' id='line_1_26' title="bbox 180 2705 1462 2783; baseline 0.002 -22"><span class='ocrx_word' id='word_1_261' title='bbox 180 2709 241 2764; x_wconf 85' lang='lat' dir='ltr'><strong>not.</strong></span> <span class='ocrx_word' id='word_1_262' title='bbox 264 2705 329 2763; x_wconf 89' lang='lat' dir='ltr'><strong>crit.</strong></span> <span class='ocrx_word' id='word_1_263' title='bbox 353 2705 392 2763; x_wconf 89' lang='lat' dir='ltr'><strong>ad</strong></span> <span class='ocrx_word' id='word_1_264' title='bbox 414 2725 441 2764; x_wconf 89' lang='lat' dir='ltr'><strong>v.</strong></span> <span class='ocrx_word' id='word_1_265' title='bbox 457 2717 491 2764; x_wconf 77' lang='lat' dir='ltr'><strong>ss</strong></span> <span class='ocrx_word' id='word_1_266' title='bbox 515 2708 712 2783; x_wconf 89' lang='lat' dir='ltr'><strong>exposuimus.</strong></span> <span class='ocrx_word' id='word_1_267' title='bbox 759 2709 835 2766; x_wconf 85' lang='lat' dir='ltr'><strong>Item</strong></span> <span class='ocrx_word' id='word_1_268' title='bbox 863 2727 915 2766; x_wconf 88' lang='lat' dir='ltr'><strong>cur</strong></span> <span class='ocrx_word' id='word_1_269' title='bbox 942 2709 972 2765; x_wconf 92' lang='lat' dir='ltr'><strong>in</strong></span> <span class='ocrx_word' id='word_1_270' title='bbox 1002 2708 1150 2783; x_wconf 88' lang='lat' dir='ltr'><strong>principio</strong></span> <span class='ocrx_word' id='word_1_271' title='bbox 1179 2725 1317 2765; x_wconf 86' lang='lat' dir='ltr'><strong>versuum</strong></span> <span class='ocrx_word' id='word_1_272' title='bbox 1342 2706 1462 2764; x_wconf 89' lang='lat' dir='ltr'><strong>secundi</strong></span> 
     </span>
     <span class='ocr_line' id='line_1_27' title="bbox 181 2794 1460 2873; baseline 0 -22"><span class='ocrx_word' id='word_1_273' title='bbox 181 2797 211 2851; x_wconf 90' lang='lat' dir='ltr'><strong>et</strong></span> <span class='ocrx_word' id='word_1_274' title='bbox 237 2794 339 2851; x_wconf 87' lang='lat' dir='ltr'><strong>ultimi</strong></span> <span class='ocrx_word' id='word_1_275' title='bbox 362 2796 501 2870; x_wconf 86' lang='lat' dir='ltr'><strong>strophae</strong></span> <span class='ocrx_word' id='word_1_276' title='bbox 526 2797 687 2872; x_wconf 87' lang='lat' dir='ltr'><strong>ancipitem</strong></span> <span class='ocrx_word' id='word_1_277' title='bbox 711 2796 857 2872; x_wconf 87' lang='lat' dir='ltr'><strong>syllabam</strong></span> <span class='ocrx_word' id='word_1_278' title='bbox 882 2796 1095 2873; x_wconf 80' lang='lat' dir='ltr'><strong>improbemus,</strong></span> <span class='ocrx_word' id='word_1_279' title='bbox 1124 2796 1225 2855; x_wconf 85' lang='lat' dir='ltr'><strong>confer</strong></span> <span class='ocrx_word' id='word_1_280' title='bbox 1248 2798 1308 2854; x_wconf 90' lang='lat' dir='ltr'><strong>not.</strong></span> <span class='ocrx_word' id='word_1_281' title='bbox 1333 2797 1397 2855; x_wconf 88' lang='lat' dir='ltr'><strong>erit.</strong></span> <span class='ocrx_word' id='word_1_282' title='bbox 1422 2796 1460 2852; x_wconf 90' lang='lat' dir='ltr'><strong>ad</strong></span> 
     </span>
     <span class='ocr_line' id='line_1_28' title="bbox 179 2883 1460 2960; baseline 0.001 -19"><span class='ocrx_word' id='word_1_283' title='bbox 179 2903 227 2941; x_wconf 84' lang='lat' dir='ltr'><strong>vv.</strong></span> <span class='ocrx_word' id='word_1_284' title='bbox 251 2893 293 2941; x_wconf 73' lang='lat'><strong>82.</strong></span> <span class='ocrx_word' id='word_1_285' title='bbox 318 2893 360 2941; x_wconf 75' lang='lat'><strong>9⁵2.</strong></span> <span class='ocrx_word' id='word_1_286' title='bbox 410 2883 545 2960; x_wconf 91' lang='lat' dir='ltr'><strong>Denique</strong></span> <span class='ocrx_word' id='word_1_287' title='bbox 574 2887 676 2944; x_wconf 87' lang='lat' dir='ltr'><strong>modos</strong></span> <span class='ocrx_word' id='word_1_288' title='bbox 704 2887 831 2945; x_wconf 90' lang='lat' dir='ltr'><strong>musicos</strong></span> <span class='ocrx_word' id='word_1_289' title='bbox 859 2886 998 2945; x_wconf 86' lang='lat' dir='ltr'><strong>Aeolicos</strong></span> <span class='ocrx_word' id='word_1_290' title='bbox 1026 2886 1116 2943; x_wconf 85' lang='lat' dir='ltr'><strong>fuisse</strong></span> <span class='ocrx_word' id='word_1_291' title='bbox 1144 2889 1235 2960; x_wconf 86' lang='lat' dir='ltr'><strong>poeta</strong></span> <span class='ocrx_word' id='word_1_292' title='bbox 1265 2885 1327 2960; x_wconf 88' lang='lat' dir='ltr'><strong>ipse</strong></span> <span class='ocrx_word' id='word_1_293' title='bbox 1356 2905 1402 2943; x_wconf 84' lang='lat' dir='ltr'><strong>vv.</strong></span> <span class='ocrx_word' id='word_1_294' title='bbox 1428 2896 1460 2942; x_wconf 75' lang='lat'><strong>17</strong></span> 
     </span>
     <span class='ocr_line' id='line_1_29' title="bbox 179 2972 1462 3033; baseline 0.002 -5"><span class='ocrx_word' id='word_1_295' title='bbox 179 2976 210 3028; x_wconf 85' lang='lat' dir='ltr'><strong>et</strong></span> <span class='ocrx_word' id='word_1_296' title='bbox 240 2983 291 3029; x_wconf 79' lang='lat'><strong>105</strong></span> <span class='ocrx_word' id='word_1_297' title='bbox 320 2972 472 3031; x_wconf 87' lang='lat' dir='ltr'><strong>indicavit.</strong></span> <span class='ocrx_word' id='word_1_298' title='bbox 511 3006 555 3014; x_wconf 95' lang='lat'><strong>—-</strong></span> <span class='ocrx_word' id='word_1_299' title='bbox 594 2975 638 3031; x_wconf 90' lang='lat' dir='ltr'><strong>De</strong></span> <span class='ocrx_word' id='word_1_300' title='bbox 670 2976 749 3033; x_wconf 91' lang='lat' dir='ltr'><strong>notis</strong></span> <span class='ocrx_word' id='word_1_301' title='bbox 781 2976 897 3033; x_wconf 86' lang='lat' dir='ltr'><strong>metrici</strong></span> <span class='ocrx_word' id='word_1_302' title='bbox 930 2975 1088 3033; x_wconf 86' lang='lat' dir='ltr'><strong>schematis</strong></span> <span class='ocrx_word' id='word_1_303' title='bbox 1122 2979 1152 3031; x_wconf 89' lang='lat' dir='ltr'><strong>et</strong></span> <span class='ocrx_word' id='word_1_304' title='bbox 1184 2975 1219 3031; x_wconf 90' lang='lat' dir='ltr'><strong>de</strong></span> <span class='ocrx_word' id='word_1_305' title='bbox 1253 2973 1339 3030; x_wconf 86' lang='lat' dir='ltr'><strong>lineis</strong></span> <span class='ocrx_word' id='word_1_306' title='bbox 1372 2973 1462 3031; x_wconf 83' lang='lat' dir='ltr'><strong>rectis</strong></span> 
     </span>
     <span class='ocr_line' id='line_1_30' title="bbox 179 3061 1158 3140; baseline 0.002 -21"><span class='ocrx_word' id='word_1_307' title='bbox 179 3061 384 3119; x_wconf 87' lang='lat' dir='ltr'><strong>colometriam</strong></span> <span class='ocrx_word' id='word_1_308' title='bbox 407 3063 541 3122; x_wconf 86' lang='lat' dir='ltr'><strong>codicum</strong></span> <span class='ocrx_word' id='word_1_309' title='bbox 565 3064 765 3122; x_wconf 78' lang='lat' dir='ltr'><strong>indicantibus</strong></span> <span class='ocrx_word' id='word_1_310' title='bbox 788 3065 856 3125; x_wconf 85' lang='lat' dir='ltr'><strong>vide</strong></span> <span class='ocrx_word' id='word_1_311' title='bbox 880 3064 996 3140; x_wconf 82' lang='lat' dir='ltr'><strong>Proleg.</strong></span> <span class='ocrx_word' id='word_1_312' title='bbox 1020 3085 1048 3138; x_wconf 91' lang='lat' dir='ltr'><strong>p.</strong></span> <span class='ocrx_word' id='word_1_313' title='bbox 1073 3082 1113 3120; x_wconf 81' lang='lat' dir='ltr'><strong>nx</strong></span> <span class='ocrx_word' id='word_1_314' title='bbox 1136 3082 1158 3121; x_wconf 90' lang='lat' dir='ltr'><strong>s.</strong></span> 
     </span>
    </p>
   </div>
   <div class='ocr_carea' id='block_1_3' title="bbox 476 3215 1203 3608">
    <p class='ocr_par' dir='ltr' id='par_1_3' title="bbox 476 3215 1203 3608">
     <span class='ocr_line' id='line_1_31' title="bbox 1055 3215 1203 3303; baseline 0 -21"><span class='ocrx_word' id='word_1_315' title='bbox 1055 3223 1136 3303; x_wconf 89' lang='grc' dir='ltr'><strong><em>Στρ.</em></strong></span> <span class='ocrx_word' id='word_1_316' title='bbox 1159 3215 1203 3282; x_wconf 83' lang='grc' dir='ltr'><strong>α’.</strong></span> 
     </span>
     <span class='ocr_line' id='line_1_32' title="bbox 476 3304 951 3392; baseline 0 -21"><span class='ocrx_word' id='word_1_317' title='bbox 476 3305 634 3392; x_wconf 65' lang='grc' dir='ltr'><strong><em>Ἄριστον</em></strong></span> <span class='ocrx_word' id='word_1_318' title='bbox 657 3304 718 3392; x_wconf 73' lang='grc' dir='ltr'><strong><em>μὲν</em></strong></span> <span class='ocrx_word' id='word_1_319' title='bbox 741 3308 849 3392; x_wconf 77' lang='grc' dir='ltr'><strong><em>ὕδωρ,</em></strong></span> <span class='ocrx_word' id='word_1_320' title='bbox 872 3307 889 3373; x_wconf 87' lang='grc' dir='ltr'>ὁ</span> <span class='ocrx_word' id='word_1_321' title='bbox 914 3305 951 3372; x_wconf 73' lang='grc' dir='ltr'><strong>δὲ</strong></span> 
     </span>
     <span class='ocr_line' id='line_1_33' title="bbox 527 3417 943 3500; baseline 0.002 -22"><span class='ocrx_word' id='word_1_322' title='bbox 527 3417 649 3500; x_wconf 83' lang='grc' dir='ltr'><strong><em>χρυσὸς</em></strong></span> <span class='ocrx_word' id='word_1_323' title='bbox 672 3418 854 3499; x_wconf 79' lang='grc' dir='ltr'><strong><em>αἰθόμενον</em></strong></span> <span class='ocrx_word' id='word_1_324' title='bbox 877 3423 943 3500; x_wconf 88' lang='grc' dir='ltr'><strong>πῦρ</strong></span> 
     </span>
     <span class='ocr_line' id='line_1_34' title="bbox 485 3520 738 3608; baseline 0.008 -23"><span class='ocrx_word' id='word_1_325' title='bbox 485 3522 542 3586; x_wconf 83' lang='grc' dir='ltr'><strong>ἅτε</strong></span> <span class='ocrx_word' id='word_1_326' title='bbox 565 3520 738 3608; x_wconf 77' lang='grc' dir='ltr'><strong><em>διαπρέπει</em></strong></span> 
     </span>
    </p>
   </div>
   <div class='ocr_carea' id='block_1_4' title="bbox 527 3626 1136 3716">
    <p class='ocr_par' dir='ltr' id='par_1_4' title="bbox 527 3626 1136 3716">
     <span class='ocr_line' id='line_1_35' title="bbox 527 3626 1136 3716; baseline -0.002 -23"><span class='ocrx_word' id='word_1_327' title='bbox 527 3626 624 3693; x_wconf 81' lang='grc' dir='ltr'><strong><em>νυκτὶ</em></strong></span> <span class='ocrx_word' id='word_1_328' title='bbox 646 3627 830 3716; x_wconf 77' lang='grc' dir='ltr'><strong><em>μεγάνορος</em></strong></span> <span class='ocrx_word' id='word_1_329' title='bbox 853 3627 947 3713; x_wconf 81' lang='grc' dir='ltr'><strong><em>ἔξοχα</em></strong></span> <span class='ocrx_word' id='word_1_330' title='bbox 970 3629 1136 3694; x_wconf 79' lang='grc' dir='ltr'><strong><em>πλούτου·</em></strong></span> 
     </span>
    </p>
   </div>
   <div class='ocr_carea' id='block_1_5' title="bbox 176 3783 1459 4144">
    <p class='ocr_par' dir='ltr' id='par_1_5' title="bbox 176 3783 1459 4144">
     <span class='ocr_line' id='line_1_36' title="bbox 251 3783 1458 3854; baseline -0.003 -16"><span class='ocrx_word' id='word_1_331' title='bbox 251 3804 346 3838; x_wconf 72' lang='lat' dir='ltr'><strong>vinias</strong></span> <span class='ocrx_word' id='word_1_332' title='bbox 366 3804 511 3839; x_wconf 78' lang='lat' dir='ltr'><strong>nacrroans</strong></span> <span class='ocrx_word' id='word_1_333' title='bbox 526 3785 689 3840; x_wconf 83' lang='lat' dir='ltr'><strong>exhibemus</strong></span> <span class='ocrx_word' id='word_1_334' title='bbox 705 3787 786 3842; x_wconf 89' lang='lat' dir='ltr'><strong>codd.</strong></span> <span class='ocrx_word' id='word_1_335' title='bbox 801 3787 933 3853; x_wconf 77' lang='lat' dir='ltr'><strong>ABCI),</strong></span> <span class='ocrx_word' id='word_1_336' title='bbox 953 3784 1104 3854; x_wconf 88' lang='lat' dir='ltr'><strong>dequibus</strong></span> <span class='ocrx_word' id='word_1_337' title='bbox 1123 3783 1188 3838; x_wconf 82' lang='lat' dir='ltr'><strong>vide</strong></span> <span class='ocrx_word' id='word_1_338' title='bbox 1206 3783 1314 3852; x_wconf 84' lang='lat' dir='ltr'><strong>Proleg.</strong></span> <span class='ocrx_word' id='word_1_339' title='bbox 1330 3802 1357 3852; x_wconf 88' lang='lat' dir='ltr'><strong>p.</strong></span> <span class='ocrx_word' id='word_1_340' title='bbox 1372 3802 1409 3836; x_wconf 87' lang='lat' dir='ltr'><strong>vn</strong></span> <span class='ocrx_word' id='word_1_341' title='bbox 1426 3814 1458 3822; x_wconf 91' lang='lat'><em>-</em></span> 
     </span>
     <span class='ocr_line' id='line_1_37' title="bbox 180 3849 1459 3926; baseline 0 -19"><span class='ocrx_word' id='word_1_342' title='bbox 180 3855 264 3911; x_wconf 81' lang='lat' dir='ltr'><strong>inser.</strong></span> <span class='ocrx_word' id='word_1_343' title='bbox 279 3856 359 3911; x_wconf 85' lang='lat' dir='ltr'><strong>deest</strong></span> <span class='ocrx_word' id='word_1_344' title='bbox 373 3857 402 3910; x_wconf 88' lang='lat' dir='ltr'><strong>in</strong></span> <span class='ocrx_word' id='word_1_345' title='bbox 417 3858 487 3926; x_wconf 83' lang='lat' dir='ltr'><strong>AD,</strong></span> <span class='ocrx_word' id='word_1_346' title='bbox 507 3875 646 3912; x_wconf 86' lang='lat' dir='ltr'><strong>unacum</strong></span> <span class='ocrx_word' id='word_1_347' title='bbox 659 3862 937 3914; x_wconf 73' lang='lat' dir='ltr'><strong>vv.1-2‘3.47-68</strong></span> <span class='ocrx_word' id='word_1_348' title='bbox 956 3856 1102 3911; x_wconf 90' lang='lat' dir='ltr'><strong>intercidit</strong></span> <span class='ocrx_word' id='word_1_349' title='bbox 1120 3856 1150 3908; x_wconf 92' lang='lat' dir='ltr'><strong>in</strong></span> <span class='ocrx_word' id='word_1_350' title='bbox 1164 3857 1192 3908; x_wconf 92' lang='lat' dir='ltr'><em>B</em></span> <span class='ocrx_word' id='word_1_351' title='bbox 1216 3888 1246 3894; x_wconf 87' lang='lat'>-</span> <span class='ocrx_word' id='word_1_352' title='bbox 1272 3853 1378 3909; x_wconf 87' lang='lat' dir='ltr'><strong>Schol:</strong></span> <span class='ocrx_word' id='word_1_353' title='bbox 1399 3849 1459 3907; x_wconf 76' lang='grc' dir='ltr'><strong><em>ἐπι-</em></strong></span> 
     </span>
     <span class='ocr_line' id='line_1_38' title="bbox 179 3923 1459 4002; baseline -0.002 -21"><span class='ocrx_word' id='word_1_354' title='bbox 179 3925 334 3997; x_wconf 74' lang='grc' dir='ltr'><strong><em>γέγραπται</em></strong></span> <span class='ocrx_word' id='word_1_355' title='bbox 348 3929 363 3982; x_wconf 83' lang='lat' dir='ltr'><strong>d</strong></span> <span class='ocrx_word' id='word_1_356' title='bbox 380 3924 517 3992; x_wconf 73' lang='grc' dir='ltr'><strong><em>ἕπινίκιος</em></strong></span> <span class='ocrx_word' id='word_1_357' title='bbox 527 3927 634 3999; x_wconf 73' lang='grc' dir='ltr'><strong><em>Ἱέρωνι</em></strong></span> <span class='ocrx_word' id='word_1_358' title='bbox 647 3936 684 4002; x_wconf 82' lang='grc' dir='ltr'><strong>τῷ</strong></span> <span class='ocrx_word' id='word_1_359' title='bbox 700 3929 824 3992; x_wconf 78' lang='grc' dir='ltr'><strong><em>Γέλωνος</em></strong></span> <span class='ocrx_word' id='word_1_360' title='bbox 843 3931 957 4001; x_wconf 72' lang='grc' dir='ltr'><em>ἀδελφῷ</em></span> <span class='ocrx_word' id='word_1_361' title='bbox 974 3928 1121 3995; x_wconf 80' lang='grc' dir='ltr'><strong><em>νικήσαντι</em></strong></span> <span class='ocrx_word' id='word_1_362' title='bbox 1140 3929 1216 3999; x_wconf 76' lang='grc' dir='ltr'><strong><em>ἵππῳ</em></strong></span> <span class='ocrx_word' id='word_1_363' title='bbox 1235 3923 1329 3995; x_wconf 71' lang='grc' dir='ltr'><strong><em>κέλητι</em></strong></span> <span class='ocrx_word' id='word_1_364' title='bbox 1347 3925 1398 3992; x_wconf 81' lang='grc' dir='ltr'><strong><em>τὴν</em></strong></span> <span class='ocrx_word' id='word_1_365' title='bbox 1413 3924 1459 3994; x_wconf 82' lang='lat' dir='ltr'><strong>oy&#39;</strong></span> 
     </span>
     <span class='ocr_line' id='line_1_39' title="bbox 176 3996 1458 4073; baseline -0.001 -21"><span class='ocrx_word' id='word_1_366' title='bbox 176 3997 358 4069; x_wconf 70' lang='grc' dir='ltr'><strong><em>Ὀλυμπιάδα,</em></strong></span> <span class='ocrx_word' id='word_1_367' title='bbox 377 3997 394 4068; x_wconf 79' lang='grc' dir='ltr'>ἢ</span> <span class='ocrx_word' id='word_1_368' title='bbox 415 4001 451 4063; x_wconf 81' lang='grc' dir='ltr'><strong>ὡς</strong></span> <span class='ocrx_word' id='word_1_369' title='bbox 470 3999 540 4055; x_wconf 78' lang='grc' dir='ltr'><strong><em>ἔνιοι</em></strong></span> <span class='ocrx_word' id='word_1_370' title='bbox 560 4000 674 4072; x_wconf 78' lang='grc' dir='ltr'><strong><em>ἅρματι·</em></strong></span> <span class='ocrx_word' id='word_1_371' title='bbox 695 4001 710 4055; x_wconf 86' lang='grc' dir='ltr'>ὁ</span> <span class='ocrx_word' id='word_1_372' title='bbox 730 4000 757 4056; x_wconf 83' lang='grc' dir='ltr'><strong>δ’</strong></span> <span class='ocrx_word' id='word_1_373' title='bbox 775 4002 858 4064; x_wconf 75' lang='grc' dir='ltr'><strong><em>αὐτὸς</em></strong></span> <span class='ocrx_word' id='word_1_374' title='bbox 876 4001 925 4054; x_wconf 77' lang='grc' dir='ltr'><strong>καὶ</strong></span> <span class='ocrx_word' id='word_1_375' title='bbox 944 4000 995 4069; x_wconf 81' lang='grc' dir='ltr'><strong><em>τὴν</em></strong></span> <span class='ocrx_word' id='word_1_376' title='bbox 1014 3999 1055 4065; x_wconf 76' lang='grc' dir='ltr'><strong>οζ’</strong></span> <span class='ocrx_word' id='word_1_377' title='bbox 1077 4005 1143 4073; x_wconf 81' lang='grc' dir='ltr'><strong><em>νικᾷ</em></strong></span> <span class='ocrx_word' id='word_1_378' title='bbox 1162 3997 1269 4068; x_wconf 76' lang='grc' dir='ltr'><strong><em>κέλητι,</em></strong></span> <span class='ocrx_word' id='word_1_379' title='bbox 1290 3997 1341 4066; x_wconf 78' lang='grc' dir='ltr'><strong><em>τὴν</em></strong></span> <span class='ocrx_word' id='word_1_380' title='bbox 1360 3997 1392 4052; x_wconf 73' lang='grc' dir='ltr'><strong>δὲ</strong></span> <span class='ocrx_word' id='word_1_381' title='bbox 1411 3996 1458 4066; x_wconf 75' lang='grc' dir='ltr'><strong><em>σοι’</em></strong></span> 
     </span>
     <span class='ocr_line' id='line_1_40' title="bbox 177 4072 333 4144; baseline 0 -20"><span class='ocrx_word' id='word_1_382' title='bbox 177 4072 333 4144; x_wconf 77' lang='grc' dir='ltr'><strong><em>τεθρίππῳ.</em></strong></span> 
     </span>
    </p>
   </div>
   <div class='ocr_carea' id='block_1_6' title="bbox 175 4209 1459 4929">
    <p class='ocr_par' dir='ltr' id='par_1_6' title="bbox 175 4209 1459 4929">
     <span class='ocr_line' id='line_1_41' title="bbox 250 4209 1457 4282; baseline -0.002 -16"><span class='ocrx_word' id='word_1_383' title='bbox 250 4232 437 4269; x_wconf 73' lang='grc' dir='ltr'><strong><em>σοιιιτιιιιπιιιιι.</em></strong></span> <span class='ocrx_word' id='word_1_384' title='bbox 471 4220 586 4270; x_wconf 81' lang='lat' dir='ltr'><strong>v.1—‘l</strong></span> <span class='ocrx_word' id='word_1_385' title='bbox 613 4213 698 4267; x_wconf 85' lang='lat' dir='ltr'><strong>simili</strong></span> <span class='ocrx_word' id='word_1_386' title='bbox 726 4216 812 4282; x_wconf 86' lang='lat' dir='ltr'><strong>atque</strong></span> <span class='ocrx_word' id='word_1_387' title='bbox 836 4214 866 4269; x_wconf 86' lang='lat'><strong>0.</strong></span> <span class='ocrx_word' id='word_1_388' title='bbox 881 4228 920 4268; x_wconf 90' lang='lat'><strong>111</strong></span> <span class='ocrx_word' id='word_1_389' title='bbox 934 4230 960 4268; x_wconf 82' lang='grc' dir='ltr'><strong>ιι</strong></span> <span class='ocrx_word' id='word_1_390' title='bbox 1018 4211 1151 4267; x_wconf 84' lang='lat' dir='ltr'><strong>adatione</strong></span> <span class='ocrx_word' id='word_1_391' title='bbox 1180 4229 1246 4265; x_wconf 86' lang='lat' dir='ltr'><strong>usus</strong></span> <span class='ocrx_word' id='word_1_392' title='bbox 1274 4214 1359 4281; x_wconf 87' lang='lat' dir='ltr'><strong>poeta</strong></span> <span class='ocrx_word' id='word_1_393' title='bbox 1386 4209 1457 4264; x_wconf 89' lang='lat' dir='ltr'><strong>dicit</strong></span> 
     </span>
     <span class='ocr_line' id='line_1_42' title="bbox 177 4282 1459 4355; baseline -0.003 -17"><span class='ocrx_word' id='word_1_394' title='bbox 177 4285 317 4355; x_wconf 89' lang='lat' dir='ltr'><strong>optimum</strong></span> <span class='ocrx_word' id='word_1_395' title='bbox 330 4285 445 4355; x_wconf 88' lang='lat' dir='ltr'><strong>quidem</strong></span> <span class='ocrx_word' id='word_1_396' title='bbox 459 4303 519 4342; x_wconf 84' lang='lat' dir='ltr'><strong>esse</strong></span> <span class='ocrx_word' id='word_1_397' title='bbox 535 4303 646 4355; x_wconf 87' lang='lat' dir='ltr'><strong>aquam,</strong></span> <span class='ocrx_word' id='word_1_398' title='bbox 666 4302 765 4338; x_wconf 91' lang='lat' dir='ltr'><strong>aurum</strong></span> <span class='ocrx_word' id='word_1_399' title='bbox 780 4287 875 4339; x_wconf 86' lang='lat' dir='ltr'><strong>autem</strong></span> <span class='ocrx_word' id='word_1_400' title='bbox 889 4301 924 4339; x_wconf 84' lang='lat' dir='ltr'><strong>ex</strong></span> <span class='ocrx_word' id='word_1_401' title='bbox 942 4285 989 4354; x_wconf 90' lang='lat' dir='ltr'><strong>opi</strong></span> <span class='ocrx_word' id='word_1_402' title='bbox 1010 4303 1043 4337; x_wconf 83' lang='lat' dir='ltr'><strong>us</strong></span> <span class='ocrx_word' id='word_1_403' title='bbox 1063 4282 1161 4337; x_wconf 82' lang='lat' dir='ltr'><strong>divitis</strong></span> <span class='ocrx_word' id='word_1_404' title='bbox 1177 4284 1274 4337; x_wconf 84' lang='lat' dir='ltr'><strong>domus</strong></span> <span class='ocrx_word' id='word_1_405' title='bbox 1290 4283 1459 4336; x_wconf 88' lang='lat' dir='ltr'><strong>eminerent</strong></span> 
     </span>
     <span class='ocr_line' id='line_1_43' title="bbox 179 4352 1457 4438; baseline -0.003 -29"><span class='ocrx_word' id='word_1_406' title='bbox 179 4356 278 4438; x_wconf 74' lang='lat' dir='ltr'><strong>igneas</strong></span> <span class='ocrx_word' id='word_1_407' title='bbox 292 4358 368 4411; x_wconf 84' lang='lat' dir='ltr'><strong>faces</strong></span> <span class='ocrx_word' id='word_1_408' title='bbox 383 4374 416 4412; x_wconf 85' lang='lat' dir='ltr'><strong>ex</strong></span> <span class='ocrx_word' id='word_1_409' title='bbox 431 4358 554 4413; x_wconf 81' lang='lat' dir='ltr'><strong>tenebris</strong></span> <span class='ocrx_word' id='word_1_410' title='bbox 568 4357 668 4425; x_wconf 87' lang='lat' dir='ltr'><strong>noetis,</strong></span> <span class='ocrx_word' id='word_1_411' title='bbox 681 4356 762 4411; x_wconf 83' lang='lat' dir='ltr'><strong>ludos</strong></span> <span class='ocrx_word' id='word_1_412' title='bbox 776 4373 842 4410; x_wconf 83' lang='lat' dir='ltr'><strong>vero</strong></span> <span class='ocrx_word' id='word_1_413' title='bbox 853 4356 1014 4427; x_wconf 84' lang='lat' dir='ltr'><strong>Olympicus</strong></span> <span class='ocrx_word' id='word_1_414' title='bbox 1029 4354 1082 4409; x_wconf 86' lang='lat' dir='ltr'><strong>soli</strong></span> <span class='ocrx_word' id='word_1_415' title='bbox 1096 4353 1219 4417; x_wconf 79' lang='lat' dir='ltr'><strong>interdiu</strong></span> <span class='ocrx_word' id='word_1_416' title='bbox 1234 4353 1340 4434; x_wconf 82' lang='lat' dir='ltr'><strong>fugatis</strong></span> <span class='ocrx_word' id='word_1_417' title='bbox 1356 4352 1457 4407; x_wconf 86' lang='lat' dir='ltr'><strong>ceteris</strong></span> 
     </span>
     <span class='ocr_line' id='line_1_44' title="bbox 178 4425 1457 4501; baseline -0.003 -20"><span class='ocrx_word' id='word_1_418' title='bbox 178 4427 316 4482; x_wconf 78' lang='lat' dir='ltr'><strong>sideribus</strong></span> <span class='ocrx_word' id='word_1_419' title='bbox 335 4428 441 4483; x_wconf 87' lang='lat' dir='ltr'><strong>lucenti</strong></span> <span class='ocrx_word' id='word_1_420' title='bbox 455 4429 659 4501; x_wconf 80' lang='lat' dir='ltr'><strong>comparandos</strong></span> <span class='ocrx_word' id='word_1_421' title='bbox 676 4444 745 4483; x_wconf 83' lang='lat' dir='ltr'><strong>eoae.</strong></span> <span class='ocrx_word' id='word_1_422' title='bbox 764 4460 800 4467; x_wconf 92' lang='lat'>-</span> <span class='ocrx_word' id='word_1_423' title='bbox 820 4435 842 4483; x_wconf 92' lang='lat'><strong>1.</strong></span> <span class='ocrx_word' id='word_1_424' title='bbox 862 4427 976 4497; x_wconf 72' lang='lat' dir='ltr'><strong>dorotea</strong></span> <span class='ocrx_word' id='word_1_425' title='bbox 994 4427 1070 4496; x_wconf 74' lang='grc' dir='ltr'><strong><em>ὕδωρ</em></strong></span> <span class='ocrx_word' id='word_1_426' title='bbox 1090 4443 1108 4479; x_wconf 91' lang='lat' dir='ltr'><strong>a</strong></span> <span class='ocrx_word' id='word_1_427' title='bbox 1126 4425 1249 4479; x_wconf 91' lang='lat' dir='ltr'><strong>Pindaro</strong></span> <span class='ocrx_word' id='word_1_428' title='bbox 1269 4426 1377 4478; x_wconf 87' lang='lat' dir='ltr'><strong>d1ctum</strong></span> <span class='ocrx_word' id='word_1_429' title='bbox 1396 4440 1457 4477; x_wconf 84' lang='lat' dir='ltr'><strong>esse</strong></span> 
     </span>
     <span class='ocr_line' id='line_1_45' title="bbox 177 4494 1457 4572; baseline -0.005 -20"><span class='ocrx_word' id='word_1_430' title='bbox 177 4498 326 4554; x_wconf 84' lang='lat' dir='ltr'><strong>Thaletem</strong></span> <span class='ocrx_word' id='word_1_431' title='bbox 343 4499 542 4572; x_wconf 86' lang='lat' dir='ltr'><strong>philosophum</strong></span> <span class='ocrx_word' id='word_1_432' title='bbox 561 4502 666 4568; x_wconf 80' lang='lat' dir='ltr'><strong>secute,</strong></span> <span class='ocrx_word' id='word_1_433' title='bbox 685 4499 733 4568; x_wconf 91' lang='lat' dir='ltr'><strong>qui</strong></span> <span class='ocrx_word' id='word_1_434' title='bbox 748 4516 852 4567; x_wconf 86' lang='lat' dir='ltr'><strong>aquam</strong></span> <span class='ocrx_word' id='word_1_435' title='bbox 866 4499 1068 4553; x_wconf 89' lang='lat' dir='ltr'><strong>elementorum</strong></span> <span class='ocrx_word' id='word_1_436' title='bbox 1081 4515 1229 4566; x_wconf 85' lang='lat' dir='ltr'><strong>rerumque</strong></span> <span class='ocrx_word' id='word_1_437' title='bbox 1243 4495 1368 4550; x_wconf 91' lang='lat' dir='ltr'><strong>omnium</strong></span> <span class='ocrx_word' id='word_1_438' title='bbox 1381 4494 1457 4565; x_wconf 89' lang='lat' dir='ltr'><strong>prin-</strong></span> 
     </span>
     <span class='ocr_line' id='line_1_46' title="bbox 176 4566 1457 4646; baseline -0.005 -22"><span class='ocrx_word' id='word_1_439' title='bbox 176 4570 203 4624; x_wconf 87' lang='lat' dir='ltr'><strong>ci</strong></span> <span class='ocrx_word' id='word_1_440' title='bbox 224 4571 282 4624; x_wconf 90' lang='lat' dir='ltr'><strong>ium</strong></span> <span class='ocrx_word' id='word_1_441' title='bbox 301 4588 361 4625; x_wconf 85' lang='lat' dir='ltr'><strong>esse</strong></span> <span class='ocrx_word' id='word_1_442' title='bbox 381 4572 515 4640; x_wconf 85' lang='lat' dir='ltr'><strong>docuerit,</strong></span> <span class='ocrx_word' id='word_1_443' title='bbox 535 4575 564 4626; x_wconf 87' lang='lat' dir='ltr'><strong>et</strong></span> <span class='ocrx_word' id='word_1_444' title='bbox 581 4572 745 4639; x_wconf 85' lang='lat' dir='ltr'><strong>Homerum,</strong></span> <span class='ocrx_word' id='word_1_445' title='bbox 765 4571 814 4638; x_wconf 91' lang='lat' dir='ltr'><strong>qui</strong></span> <span class='ocrx_word' id='word_1_446' title='bbox 831 4587 913 4624; x_wconf 84' lang='lat' dir='ltr'><strong>versu</strong></span> <span class='ocrx_word' id='word_1_447' title='bbox 929 4569 1074 4636; x_wconf 80' lang='grc' dir='ltr'><strong><em>Ὠκεανοῦ,</em></strong></span> <span class='ocrx_word' id='word_1_448' title='bbox 1095 4567 1180 4638; x_wconf 79' lang='grc' dir='ltr'><strong><em>ὅσπερ</em></strong></span> <span class='ocrx_word' id='word_1_449' title='bbox 1199 4566 1306 4636; x_wconf 77' lang='grc' dir='ltr'><strong><em>γένεσις</em></strong></span> <span class='ocrx_word' id='word_1_450' title='bbox 1323 4566 1457 4646; x_wconf 74' lang='grc' dir='ltr'><strong><em>πάντεσσι</em></strong></span> 
     </span>
     <span class='ocr_line' id='line_1_47' title="bbox 175 4590 1457 4713; baseline -0.006 -17"><span class='ocrx_word' id='word_1_451' title='bbox 175 4590 304 4696; x_wconf 49' lang='lat' dir='ltr'><strong>elabatur</strong></span> <span class='ocrx_word' id='word_1_452' title='bbox 332 4643 374 4713; x_wconf 90' lang='lat' dir='ltr'><strong>(ll.</strong></span> <span class='ocrx_word' id='word_1_453' title='bbox 394 4659 448 4697; x_wconf 87' lang='lat' dir='ltr'><strong>xrv</strong></span> <span class='ocrx_word' id='word_1_454' title='bbox 465 4648 514 4705; x_wconf 77' lang='grc' dir='ltr'><strong><em>ιιι)</em></strong></span> <span class='ocrx_word' id='word_1_455' title='bbox 536 4641 704 4713; x_wconf 84' lang='lat' dir='ltr'><strong>philosopho</strong></span> <span class='ocrx_word' id='word_1_456' title='bbox 727 4641 892 4712; x_wconf 82' lang='lat' dir='ltr'><strong>praeiverit,</strong></span> <span class='ocrx_word' id='word_1_457' title='bbox 922 4641 1031 4696; x_wconf 86' lang='lat' dir='ltr'><strong>doctius</strong></span> <span class='ocrx_word' id='word_1_458' title='bbox 1055 4657 1141 4709; x_wconf 87' lang='lat' dir='ltr'><strong>quam</strong></span> <span class='ocrx_word' id='word_1_459' title='bbox 1164 4638 1257 4694; x_wconf 86' lang='lat' dir='ltr'><strong>verius</strong></span> <span class='ocrx_word' id='word_1_460' title='bbox 1286 4636 1457 4691; x_wconf 84' lang='lat' dir='ltr'><strong>schohastne</strong></span> 
     </span>
     <span class='ocr_line' id='line_1_48' title="bbox 177 4707 1457 4785; baseline -0.005 -18"><span class='ocrx_word' id='word_1_461' title='bbox 177 4717 422 4784; x_wconf 77' lang='lat' dir='ltr'><strong>argumentantur3</strong></span> <span class='ocrx_word' id='word_1_462' title='bbox 443 4714 598 4768; x_wconf 87' lang='lat' dir='ltr'><strong>utilitatem</strong></span> <span class='ocrx_word' id='word_1_463' title='bbox 616 4713 795 4785; x_wconf 82' lang='lat' dir='ltr'><strong>potissimum</strong></span> <span class='ocrx_word' id='word_1_464' title='bbox 812 4713 915 4783; x_wconf 82' lang='lat' dir='ltr'><strong>respici</strong></span> <span class='ocrx_word' id='word_1_465' title='bbox 932 4714 1004 4767; x_wconf 87' lang='lat' dir='ltr'><strong>bene</strong></span> <span class='ocrx_word' id='word_1_466' title='bbox 1023 4712 1132 4766; x_wconf 88' lang='lat' dir='ltr'><strong>indicat</strong></span> <span class='ocrx_word' id='word_1_467' title='bbox 1150 4709 1234 4765; x_wconf 80' lang='lat' dir='ltr'><strong>Arist.</strong></span> <span class='ocrx_word' id='word_1_468' title='bbox 1254 4709 1325 4763; x_wconf 88' lang='lat' dir='ltr'><strong>rhet.</strong></span> <span class='ocrx_word' id='word_1_469' title='bbox 1343 4722 1356 4761; x_wconf 95' lang='lat'>1</span> <span class='ocrx_word' id='word_1_470' title='bbox 1375 4723 1401 4763; x_wconf 74' lang='grc' dir='ltr'><strong><em>ιε</em></strong></span> <span class='ocrx_word' id='word_1_471' title='bbox 1426 4707 1457 4760; x_wconf 78' lang='grc' dir='ltr'><strong>τὸ</strong></span> 
     </span>
     <span class='ocr_line' id='line_1_49' title="bbox 175 4779 1455 4856; baseline -0.005 -18"><span class='ocrx_word' id='word_1_472' title='bbox 175 4784 310 4854; x_wconf 71' lang='grc' dir='ltr'><strong><em>ἄφθονον</em></strong></span> <span class='ocrx_word' id='word_1_473' title='bbox 334 4795 382 4841; x_wconf 86' lang='grc' dir='ltr'><strong>τοῦ</strong></span> <span class='ocrx_word' id='word_1_474' title='bbox 405 4788 525 4840; x_wconf 84' lang='grc' dir='ltr'><strong><em>σπανίου</em></strong></span> <span class='ocrx_word' id='word_1_475' title='bbox 544 4789 647 4856; x_wconf 75' lang='grc' dir='ltr'><strong><em>μεῖζον,</em></strong></span> <span class='ocrx_word' id='word_1_476' title='bbox 665 4783 708 4839; x_wconf 82' lang='grc' dir='ltr'><strong><em>’ὄτι</em></strong></span> <span class='ocrx_word' id='word_1_477' title='bbox 729 4786 744 4853; x_wconf 77' lang='grc' dir='ltr'>ἡ</span> <span class='ocrx_word' id='word_1_478' title='bbox 763 4793 859 4854; x_wconf 79' lang='grc' dir='ltr'><strong><em>χρῆσις</em></strong></span> <span class='ocrx_word' id='word_1_479' title='bbox 876 4783 1018 4855; x_wconf 79' lang='grc' dir='ltr'><strong><em>ὑπερέχει,</em></strong></span> <span class='ocrx_word' id='word_1_480' title='bbox 1038 4782 1108 4838; x_wconf 75' lang='grc' dir='ltr'><strong><em>ὅθεν</em></strong></span> <span class='ocrx_word' id='word_1_481' title='bbox 1132 4781 1240 4852; x_wconf 76' lang='grc' dir='ltr'><strong><em>λέγεται</em></strong></span> <span class='ocrx_word' id='word_1_482' title='bbox 1260 4779 1382 4849; x_wconf 70' lang='grc' dir='ltr'><strong><em>Ἄριστον</em></strong></span> <span class='ocrx_word' id='word_1_483' title='bbox 1404 4779 1455 4849; x_wconf 71' lang='grc' dir='ltr'><strong><em>μὲν</em></strong></span> 
     </span>
     <span class='ocr_line' id='line_1_50' title="bbox 175 4855 274 4929; baseline -0.01 -17"><span class='ocrx_word' id='word_1_484' title='bbox 175 4855 274 4929; x_wconf 53' lang='grc' dir='ltr'><strong><em>ὕδωρ(</em></strong></span> 
     </span>
    </p>
   </div>
   <div class='ocr_carea' id='block_1_7' title="bbox 0 0 1726 5550">
    <p class='ocr_par' dir='ltr' id='par_1_7' title="bbox 0 0 1726 5550">
     <span class='ocr_line' id='line_1_51' title="bbox 0 0 1726 5550; baseline 0 2"><span class='ocrx_word' id='word_1_485' title='bbox 0 0 1726 5550; x_wconf 95' lang='lat' dir='ltr'><strong> </strong></span> 
     </span>
    </p>
   </div>
  </div>
 </body>
</html>
