3442 5550
574 425 601 475 11
636 425 685 475 DE
704 425 797 476 ARTE
816 427 975 477 Marmor
994 427 1150 480 PINDARl.
1443 425 1504 480 XLI

214 583 286 649 iam
314 584 443 672 integer
474 589 508 651 et
535 586 697 669 perfectus
729 589 852 653 evadat.
896 587 949 652 En
981 588 1141 674 exempla,
1174 612 1256 674 quae
1288 589 1362 674 plus
1395 589 1505 655 valent

216 714 320 776 quarn
343 692 608 759 ratiocinationes
1525 698 1528 704 '

906 818 1274 907 tsswusfflffllffi,

428 967 624 995 ,ιυιιω
659 943 695 996 r'r
730 967 836 994 reor
863 925 1265 1015 cr2-(0.xr11ep.1),

553 1093 570 1101 -
598 1033 1303 1124 rowro-r.ir;o-;o-(0.113).

219 1176 259 1240 ln
288 1198 484 1260 unoquoque
512 1176 598 1241 enim
626 1175 785 1241 horumt
770 1176 870 1241 trium
899 1199 1050 1241 versuum
1072 1200 1138 1242 una
1164 1178 1295 1265 longa
1286 1203 1320 1244 m
1344 1180 1448 1245 ambit
1433 1184 1504 1245 tum

219 1283 325 1348 totius
348 1282 439 1368 pedis
463 1287 520 1347 aut
543 1282 756 1365 trochaeit„
757 1282 850 1367 )aut
873 1283 1024 1369 dactyli(
1026 1282 1157 1368 arlant
1180 1285 1390 1371 paeoniam
1398 1286 1504 1373 lpro-

219 1390 320 1455 ducta
339 1412 452 1455 cursus
470 1411 678 1456 numerorum
694 1391 743 1455 int
746 1412 821 1476 eger
834 1391 1027 1456 restituitur
1061 1390 1265 1477 Quamquam
1279 1395 1318 1458 de
1333 1395 1410 1478 quin
1412 1394 1505 1480 tupla

219 1497 336 1583 longa,
360 1519 458 1581 quam
482 1497 642 1562 Aristides
670 1498 973 1563 demus.133tet
999 1498 1138 1564 fortasse
1167 1499 1266 1564 etiam
1291 1501 1505 1567 Aristoxenus

221 1604 260 1669 de
280 1604 424 1689 rhythm.
443 1605 533 1669 elem.
553 1627 583 1688 p.
602 1604 669 1671 280
687 1605 734 1669 ed.
753 1604 848 1670 Meib.
872 1605 1036 1691 ignorant,
1059 1607 1131 1670 vide
1155 1629 1236 1690 quae
1260 1608 1300 1671 ad
1320 1607 1398 1672 0.ss
1421 1630 1505 1673 com·

221 1712 360 1777 mentati
385 1734 505 1777 sumus.

312 1818 423 1883 Etiam
450 1819 550 1884 latius
578 1819 681 1884 altera
708 1820 792 1886 ratio
819 1824 923 1905 patet,
955 1821 1108 1904 quoniam
1131 1820 1290 1886 Pindarus
1317 1844 1406 1887 mera
1434 1822 1506 1887 cola

221 1925 389 1991 trochaica
408 1931 441 1991 et
458 1926 607 2009 iambica,
627 1949 708 2010 quae
728 1927 831 1991 multa
849 1928 884 1991 in
903 1927 1073 1992 cantilenis
1088 1927 1303 1994 Anacreontis
1323 1933 1355 1993 et
1370 1928 1504 1993 canticis

222 2032 426 2099 scenicorum
447 2038 618 2117 poetarum
641 2040 825 2119 occurrunt,
850 2034 929 2098 adeo
954 2039 1146 2118 aspamatus
1170 2040 1229 2120 est,
1253 2042 1289 2099 ut
1312 2057 1413 2119 paene
1436 2058 1505 2100 om·

221 2139 319 2204 nibus
342 2139 377 2202 in
401 2139 547 2203 versibus
571 2140 733 2205 trochaeis
757 2141 903 2226 dactylos
927 2141 1131 2207 immisceret.
1174 2143 1245 2207 Hac
1268 2144 1354 2208 enim
1377 2143 1507 2228 reipsa

219 2246 323 2330 lyrica
346 2251 451 2310 metra
473 2246 514 2310 ab
538 2245 638 2330 epicis
658 2251 690 2311 et
709 2246 898 2334 vulgaribus
918 2249 1044 2313 differre
1064 2254 1097 2313 et
1116 2251 1286 2314 modorum
1305 2249 1505 2315 dulcedinem

222 2352 307 2418 effici
335 2358 426 2418 vates
454 2352 579 2418 Aeolici
609 2359 641 2417 et
669 2353 790 2421 chorici
819 2356 1044 2440 opinabantur.
1091 2356 1205 2440 Neque
1237 2357 1299 2423 hoc
1332 2357 1505 2422 artificium

222 2460 379 2526 miscendi
401 2461 498 2546 pedes
522 2460 704 2526 trochaicos
728 2467 760 2526 et
783 2462 960 2546 dactylicos
985 2462 1161 2546 quidquam
1188 2464 1264 2527 novi
1292 2468 1349 2528 aut
1372 2464 1412 2527 ab
1437 2467 1506 2527 arte

221 2574 390 2653 poetarum
414 2567 550 2632 aliarum
574 2564 745 2632 nationum
764 2568 859 2633 alieni
883 2569 992 2634 habet.
1034 2569 1183 2653 Namque
1201 2569 1359 2634 Horatius
1379 2591 1506 2653 quoque

223 2678 255 2739 et
281 2677 446 2739 nostrates
474 2679 602 2759 poetae,
635 2675 691 2759 qui
719 2698 739 2739 a
765 2674 898 2739 licentia
927 2676 988 2740 coli
1016 2676 1051 2739 in
1079 2676 1184 2741 medio
1212 2676 1311 2740 verbo
1338 2675 1424 2740 finiti
1453 2676 1507 2740 ab·

222 2781 370 2865 horrent,
400 2781 464 2846 hoc
491 2781 560 2846 sine
588 2782 655 2846 ulla
682 2782 884 2847 dubitatione
919 2783 982 2847 sibi
1013 2783 1241 2868 permiserunt,
1272 2786 1310 2847 ut
1340 2781 1505 2867 dactylum

223 2887 395 2972 trochaeis,
417 2888 534 2954 iambis
558 2894 769 2974 anapaestum
787 2889 1034 2973 praemitterent
1053 2894 1110 2954 aut
1128 2889 1270 2953 medium
1287 2888 1506 2953 intericerent.

224 2992 285 3059 Sed
304 3017 379 3060 cum
397 3016 464 3059 non
482 2997 593 3060 eadem
613 2996 757 3061 omnium
776 3018 926 3060 versuum
946 2997 1029 3061 ratio
1049 2997 1102 3079 sit,
1120 3001 1153 3060 et
1172 2996 1236 3060 alia
1255 2996 1318 3060 alio
1337 2995 1372 3059 in
1386 3015 1504 3079 genere

224 3102 402 3167 carminum
429 3102 482 3166 via
508 3102 584 3167 iniri
615 3103 744 3187 debeat,
776 3101 905 3188 singula
933 3124 1051 3188 genera
1076 3103 1112 3166 in
1138 3103 1200 3167 hac
1228 3101 1418 3186 quaestione
1445 3123 1506 3166 nos

224 3208 424 3297 ‹lisfinguere
446 3232 506 3293 par
529 3214 588 3275 est.

312 3333 366 3399 De
367 3333 550 3433 cyclicis
579 3335 666 3400 dact
652 3335 755 3433 tylis.
797 3334 1046 3421 Logaoedicis
1037 3359 1072 3400 ιιι
1099 3334 1246 3399 versibus
1274 3335 1348 3400 dact
1333 3334 1457 3419 t'ylns
1449 3357 1507 3398 rm-

227 3440 345 3504 mixtus
375 3445 468 3505 estt
454 3422 631 3527 trochaeis,
663 3444 746 3507 unde
775 3446 891 3507 cumt
877 3443 1058 3507 trochaei
1049 3465 1084 3506 ιιι
1110 3440 1173 3507 hoc
1206 3463 1322 3527 genere
1354 3464 1506 3507 versuum

226 3546 431 3630 praevaleant
454 3552 487 3612 et
511 3549 584 3614 dact
585 3494 658 3633 ylirs
677 3548 866 3634 plerumque
886 3571 978 3634 unus,
1002 3573 1030 3614 sr
1021 3550 1234 3634 plurimum,
1257 3550 1320 3613 duo
1343 3548 1506 3613 trochaeis

224 3652 336 3718 inserti
360 3654 443 3739 sint,
469 3677 536 3719 non
559 3656 729 3722 trochaeos
754 3656 896 3741 dactylo,
927 3658 981 3720 sed
1006 3656 1170 3741 dactylum
1194 3655 1355 3720 trochaeis
1379 3654 1507 3720 adsimi-

225 3758 336 3825 landos
359 3782 430 3825 esse
452 3767 552 3846 patet.
593 3762 708 3847 Itaque
732 3763 935 3847 dactylum
925 3768 1026 3828 istum
1054 3763 1121 3827 fere
1148 3762 1276 3826 idemt
1262 3766 1391 3880 tempus
1420 3762 1507 3845 quod

225 3867 411 3945 trochaeum
434 3868 634 3956 explere¹)s
636 3870 803 3952 tatuimus,
827 3869 913 3953 quod
936 3873 972 3932 ut
996 3869 1095 3934 etism
1119 3868 1285 3933 oculorum
1309 3867 1393 3932 visui
1417 3873 1506 3952 pate-

226 3974 323 4058 fieret,
347 3976 412 4040 duo
435 3996 554 4061 genera
577 3978 651 4042 dact
637 3977 780 4062 tylorum
803 3976 855 4040 his
878 3975 964 4039 notis
989 3998 1008 4039 a
1030 3976 1125 4040 nobis
1149 3976 1223 4040 dist
1200 3980 1303 4040 ιιιιιι
1269 3979 1418 4040 tazsunt

436 4147 453 4169 ι
480 4144 516 4169 oo
557 4102 706 4186 dactylus
730 4103 833 4165 iustus
858 4105 998 4184 quatuor
1021 4105 1220 4186 temporum,

427 4224 508 4278 mo
557 4208 707 4294 dactylus
731 4207 871 4293 cyclicus
895 4208 995 4272 trium
1019 4208 1085 4273 iere
1109 4211 1301 4292 temporum.

226 4332 368 4399 Volubili
399 4333 494 4398 alteri
527 4333 656 4419 dactylo
684 4354 803 4397 nomen
836 4332 949 4418 cyclici
982 4333 1103 4418 dactyli
1135 4332 1300 4398 Boeckhio
1334 4333 1414 4399 duce
1446 4335 1508 4399 im-

225 4442 404 4526 posuimus,
430 4441 509 4507 licet
537 4464 576 4505 ne
600 4462 658 4505 nos
687 4440 817 4525 quidem
845 4439 966 4526 fugerit
995 4446 1119 4505 veteres
1149 4437 1357 4525 scriptores2)
1389 4463 1507 4505 nomen

311 4674 338 4739 1)
361 4668 732 4740 v.Aristox.lIarrn.1111.p
748 4670 910 4737 34,1sM..
939 4678 996 4723 τῶν
1023 4672 1153 4740 μεγεθῶν
1181 4664 1305 4737 perdetur
1284 4688 1324 4721 arr
1353 4663 1507 4736 ἀνομοίους

226 4738 283 4809 yiyc
268 4746 372 4796 ventac
362 4742 456 4804 croire
473 4738 571 4803 rddere

310 4816 340 4883 2)
357 4813 472 4881 Dionys.
496 4811 586 4867 Halia.
611 4812 646 4865 de
670 4828 757 4881 comp.
782 4811 858 4866 verb.
878 4828 900 4866 c
917 4817 949 4865 17
974 4831 1000 4882 p
1017 4818 1069 4864 ιιι
1088 4811 1163 4867 Sela:
1194 4809 1220 4863 cl
1248 4807 1344 4878 μέντοι
1372 4805 1482 4898 ᾆυθμικ
1480 4811 1507 4863 ct

229 4876 374 4955 copas
362 4904 392 4948 oc
406 4884 464 4938 ἀπὸ
478 4891 533 4938 τῶν
548 4885 685 4957 βραχειῶν
699 4880 855 4953 ἀρξάμενος
872 4880 958 4939 aa
930 4902 982 4952 την
997 4882 1100 4952 ἄλογον
1120 4881 1148 4953 (i
1165 4898 1188 4936 e.
1203 4882 1258 4954 βρα
1239 4879 1379 4951 αχυτέραν
1393 4879 1507 4951 μακρὰν
