<?xml version="1.0" encoding="UTF-8"?>
<!DOCTYPE html PUBLIC "-//W3C//DTD XHTML 1.0 Transitional//EN"
    "http://www.w3.org/TR/xhtml1/DTD/xhtml1-transitional.dtd">
<html xmlns="http://www.w3.org/1999/xhtml" xml:lang="en" lang="en">
 <head>
  <title>
</title>
<meta http-equiv="Content-Type" content="text/html;charset=utf-8" />
  <meta name='ocr-system' content='tesseract 3.04.00' />
  <meta name='ocr-capabilities' content='ocr_page ocr_carea ocr_par ocr_line ocrx_word'/>
</head>
<body>
  <div class='ocr_page' id='page_1' title='image "./pindaricarminap00chrigoog_0086.png"; bbox 0 0 3442 5550; ppageno 0'>
   <div class='ocr_carea' id='block_1_1' title="bbox 599 360 1502 415">
    <p class='ocr_par' dir='ltr' id='par_1_1' title="bbox 599 360 1502 415">
     <span class='ocr_line' id='line_1_1' title="bbox 599 360 1502 415; baseline 0.004 -5"><span class='ocrx_word' id='word_1_1' title='bbox 599 361 648 411; x_wconf 86' lang='grc' dir='ltr'><strong>ΠΙ.</strong></span> <span class='ocrx_word' id='word_1_2' title='bbox 676 363 726 411; x_wconf 85' lang='lat' dir='ltr'><strong>DE</strong></span> <span class='ocrx_word' id='word_1_3' title='bbox 744 361 854 411; x_wconf 82' lang='lat' dir='ltr'>LUDIS</span> <span class='ocrx_word' id='word_1_4' title='bbox 874 364 919 412; x_wconf 87' lang='lat' dir='ltr'><strong>ET</strong></span> <span class='ocrx_word' id='word_1_5' title='bbox 937 363 1113 413; x_wconf 82' lang='lat' dir='ltr'>EPINICIIS.</span> <span class='ocrx_word' id='word_1_6' title='bbox 1376 360 1502 415; x_wconf 82' lang='lat' dir='ltr'><strong>LXXVIl</strong></span> 
     </span>
    </p>
   </div>
   <div class='ocr_carea' id='block_1_2' title="bbox 215 520 1503 3177">
    <p class='ocr_par' dir='ltr' id='par_1_2' title="bbox 215 520 1503 3177">
     <span class='ocr_line' id='line_1_2' title="bbox 216 520 1503 609; baseline 0.003 -24"><span class='ocrx_word' id='word_1_7' title='bbox 216 520 327 606; x_wconf 85' lang='lat' dir='ltr'><strong>Atque</strong></span> <span class='ocrx_word' id='word_1_8' title='bbox 351 522 403 586; x_wconf 90' lang='lat' dir='ltr'><strong>his</strong></span> <span class='ocrx_word' id='word_1_9' title='bbox 427 522 556 606; x_wconf 93' lang='lat' dir='ltr'><strong>quidem</strong></span> <span class='ocrx_word' id='word_1_10' title='bbox 583 522 725 587; x_wconf 91' lang='lat' dir='ltr'><strong>inludis</strong></span> <span class='ocrx_word' id='word_1_11' title='bbox 749 545 851 607; x_wconf 88' lang='lat' dir='ltr'><strong>usque</strong></span> <span class='ocrx_word' id='word_1_12' title='bbox 875 523 914 588; x_wconf 93' lang='lat' dir='ltr'><strong>ad</strong></span> <span class='ocrx_word' id='word_1_13' title='bbox 938 521 987 587; x_wconf 91' lang='lat' dir='ltr'><strong>Ol.</strong></span> <span class='ocrx_word' id='word_1_14' title='bbox 1008 541 1129 587; x_wconf 82' lang='lat' dir='ltr'><strong>Lxxvu</strong></span> <span class='ocrx_word' id='word_1_15' title='bbox 1159 524 1328 609; x_wconf 89' lang='lat' dir='ltr'><strong>pancratio</strong></span> <span class='ocrx_word' id='word_1_16' title='bbox 1351 524 1503 589; x_wconf 89' lang='lat' dir='ltr'><strong>ultimum</strong></span> 
     </span>
     <span class='ocr_line' id='line_1_3' title="bbox 216 628 1499 715; baseline 0.003 -23"><span class='ocrx_word' id='word_1_17' title='bbox 216 628 327 694; x_wconf 90' lang='lat' dir='ltr'><strong>locum</strong></span> <span class='ocrx_word' id='word_1_18' title='bbox 358 634 434 714; x_wconf 89' lang='lat' dir='ltr'><strong>post</strong></span> <span class='ocrx_word' id='word_1_19' title='bbox 466 629 708 713; x_wconf 69' lang='lat' dir='ltr'><strong>quinquertium</strong></span> <span class='ocrx_word' id='word_1_20' title='bbox 740 635 772 694; x_wconf 91' lang='lat' dir='ltr'><strong>et</strong></span> <span class='ocrx_word' id='word_1_21' title='bbox 803 652 960 714; x_wconf 89' lang='lat' dir='ltr'><strong>equorum</strong></span> <span class='ocrx_word' id='word_1_22' title='bbox 989 630 1167 696; x_wconf 89' lang='lat' dir='ltr'><strong>certamina</strong></span> <span class='ocrx_word' id='word_1_23' title='bbox 1194 631 1307 715; x_wconf 85' lang='lat' dir='ltr'><strong>fuisse,</strong></span> <span class='ocrx_word' id='word_1_24' title='bbox 1340 632 1396 696; x_wconf 91' lang='lat' dir='ltr'><strong>sed</strong></span> <span class='ocrx_word' id='word_1_25' title='bbox 1427 654 1499 696; x_wconf 88' lang='lat' dir='ltr'><strong>eum</strong></span> 
     </span>
     <span class='ocr_line' id='line_1_4' title="bbox 216 735 1500 822; baseline 0.003 -23"><span class='ocrx_word' id='word_1_26' title='bbox 216 735 274 800; x_wconf 89' lang='lat' dir='ltr'><strong>illa</strong></span> <span class='ocrx_word' id='word_1_27' title='bbox 296 735 487 820; x_wconf 84' lang='lat' dir='ltr'>Olympiade</span> <span class='ocrx_word' id='word_1_28' title='bbox 515 741 586 800; x_wconf 87' lang='lat' dir='ltr'><strong>toto</strong></span> <span class='ocrx_word' id='word_1_29' title='bbox 614 736 681 801; x_wconf 90' lang='lat' dir='ltr'><strong>fere</strong></span> <span class='ocrx_word' id='word_1_30' title='bbox 710 736 760 800; x_wconf 91' lang='lat' dir='ltr'><strong>die</strong></span> <span class='ocrx_word' id='word_1_31' title='bbox 790 735 957 800; x_wconf 90' lang='lat' dir='ltr'><strong>curulibus</strong></span> <span class='ocrx_word' id='word_1_32' title='bbox 987 736 1219 801; x_wconf 67' lang='lat' dir='ltr'><strong>certaminibus</strong></span> <span class='ocrx_word' id='word_1_33' title='bbox 1243 742 1276 801; x_wconf 98' lang='lat' dir='ltr'><strong>et</strong></span> <span class='ocrx_word' id='word_1_34' title='bbox 1300 738 1500 822; x_wconf 88' lang='lat' dir='ltr'><strong>quinquertii</strong></span> 
     </span>
     <span class='ocr_line' id='line_1_5' title="bbox 217 843 1501 929; baseline 0.001 -21"><span class='ocrx_word' id='word_1_35' title='bbox 217 849 410 928; x_wconf 91' lang='lat' dir='ltr'><strong>consumpto</strong></span> <span class='ocrx_word' id='word_1_36' title='bbox 444 844 683 928; x_wconf 82' lang='lat' dir='ltr'><strong>pancratiastas</strong></span> <span class='ocrx_word' id='word_1_37' title='bbox 718 843 753 906; x_wconf 93' lang='lat' dir='ltr'><strong>in</strong></span> <span class='ocrx_word' id='word_1_38' title='bbox 785 849 914 908; x_wconf 90' lang='lat' dir='ltr'><strong>noctem</strong></span> <span class='ocrx_word' id='word_1_39' title='bbox 946 865 1090 929; x_wconf 89' lang='lat' dir='ltr'><strong>pugnam</strong></span> <span class='ocrx_word' id='word_1_40' title='bbox 1121 845 1353 929; x_wconf 75' lang='lat' dir='ltr'><strong>extraxissent,</strong></span> <span class='ocrx_word' id='word_1_41' title='bbox 1391 846 1501 910; x_wconf 85' lang='lat' dir='ltr'><strong>ordine</strong></span> 
     </span>
     <span class='ocr_line' id='line_1_6' title="bbox 219 950 1501 1035; baseline 0.002 -20"><span class='ocrx_word' id='word_1_42' title='bbox 219 955 344 1015; x_wconf 89' lang='lat' dir='ltr'><strong>mutato</strong></span> <span class='ocrx_word' id='word_1_43' title='bbox 374 950 443 1015; x_wconf 89' lang='lat' dir='ltr'><strong>sola</strong></span> <span class='ocrx_word' id='word_1_44' title='bbox 472 951 650 1015; x_wconf 89' lang='lat' dir='ltr'><strong>certamina</strong></span> <span class='ocrx_word' id='word_1_45' title='bbox 678 971 834 1034; x_wconf 91' lang='lat' dir='ltr'><strong>equorum</strong></span> <span class='ocrx_word' id='word_1_46' title='bbox 860 955 893 1013; x_wconf 91' lang='lat' dir='ltr'><strong>et</strong></span> <span class='ocrx_word' id='word_1_47' title='bbox 919 950 1118 1034; x_wconf 90' lang='lat' dir='ltr'><strong>quinquertii</strong></span> <span class='ocrx_word' id='word_1_48' title='bbox 1146 950 1262 1015; x_wconf 88' lang='lat' dir='ltr'><strong>ultimo</strong></span> <span class='ocrx_word' id='word_1_49' title='bbox 1286 950 1350 1016; x_wconf 88' lang='lat' dir='ltr'><strong>diei</strong></span> <span class='ocrx_word' id='word_1_50' title='bbox 1379 951 1501 1035; x_wconf 84' lang='lat' dir='ltr'><strong>relicta,</strong></span> 
     </span>
     <span class='ocr_line' id='line_1_7' title="bbox 217 1056 1499 1141; baseline 0.003 -21"><span class='ocrx_word' id='word_1_51' title='bbox 217 1056 420 1141; x_wconf 85' lang='lat' dir='ltr'><strong>pancratium</strong></span> <span class='ocrx_word' id='word_1_52' title='bbox 445 1062 553 1122; x_wconf 91' lang='lat' dir='ltr'><strong>autem</strong></span> <span class='ocrx_word' id='word_1_53' title='bbox 576 1057 611 1121; x_wconf 91' lang='lat' dir='ltr'><strong>in</strong></span> <span class='ocrx_word' id='word_1_54' title='bbox 635 1057 877 1122; x_wconf 75' lang='lat' dir='ltr'><strong>antecedentem</strong></span> <span class='ocrx_word' id='word_1_55' title='bbox 901 1056 985 1121; x_wconf 91' lang='lat' dir='ltr'><strong>diem</strong></span> <span class='ocrx_word' id='word_1_56' title='bbox 1009 1057 1165 1122; x_wconf 85' lang='lat' dir='ltr'><strong>reiectum</strong></span> <span class='ocrx_word' id='word_1_57' title='bbox 1189 1080 1258 1123; x_wconf 89' lang='lat' dir='ltr'><strong>esse</strong></span> <span class='ocrx_word' id='word_1_58' title='bbox 1282 1058 1499 1124; x_wconf 88' lang='lat' dir='ltr'><strong>Pausaniasv</strong></span> 
     </span>
     <span class='ocr_line' id='line_1_8' title="bbox 219 1162 1501 1250; baseline 0.003 -23"><span class='ocrx_word' id='word_1_59' title='bbox 219 1167 283 1247; x_wconf 76' lang='lat' dir='ltr'><strong>o,3</strong></span> <span class='ocrx_word' id='word_1_60' title='bbox 306 1165 481 1229; x_wconf 89' lang='lat' dir='ltr'><strong>memoriae</strong></span> <span class='ocrx_word' id='word_1_61' title='bbox 504 1164 655 1249; x_wconf 86' lang='lat' dir='ltr'><strong>prodidit.</strong></span> <span class='ocrx_word' id='word_1_62' title='bbox 666 1162 690 1250; x_wconf 81' lang='lat'><strong>¹)</strong></span> <span class='ocrx_word' id='word_1_63' title='bbox 730 1164 837 1248; x_wconf 84' lang='lat' dir='ltr'><strong>Atque</strong></span> <span class='ocrx_word' id='word_1_64' title='bbox 863 1163 1069 1247; x_wconf 84' lang='lat' dir='ltr'><strong>quinquertio</strong></span> <span class='ocrx_word' id='word_1_65' title='bbox 1092 1170 1168 1248; x_wconf 92' lang='lat' dir='ltr'><strong>post</strong></span> <span class='ocrx_word' id='word_1_66' title='bbox 1191 1187 1348 1250; x_wconf 86' lang='lat' dir='ltr'><strong>equorum</strong></span> <span class='ocrx_word' id='word_1_67' title='bbox 1372 1188 1501 1231; x_wconf 89' lang='lat' dir='ltr'><strong>cursum</strong></span> 
     </span>
     <span class='ocr_line' id='line_1_9' title="bbox 217 1268 1501 1357; baseline 0.002 -22"><span class='ocrx_word' id='word_1_68' title='bbox 217 1268 470 1355; x_wconf 75' lang='grc' dir='ltr'>(ἱπποδρομίαν)</span> <span class='ocrx_word' id='word_1_69' title='bbox 498 1272 611 1336; x_wconf 89' lang='lat' dir='ltr'><strong>eodem</strong></span> <span class='ocrx_word' id='word_1_70' title='bbox 640 1271 691 1335; x_wconf 93' lang='lat' dir='ltr'><strong>die</strong></span> <span class='ocrx_word' id='word_1_71' title='bbox 719 1276 880 1336; x_wconf 88' lang='lat' dir='ltr'><strong>certatum</strong></span> <span class='ocrx_word' id='word_1_72' title='bbox 911 1293 980 1335; x_wconf 88' lang='lat' dir='ltr'><strong>esse</strong></span> <span class='ocrx_word' id='word_1_73' title='bbox 1005 1270 1232 1355; x_wconf 79' lang='lat' dir='ltr'><strong>Xenophontis</strong></span> <span class='ocrx_word' id='word_1_74' title='bbox 1256 1294 1383 1357; x_wconf 90' lang='lat' dir='ltr'><strong>quoque</strong></span> <span class='ocrx_word' id='word_1_75' title='bbox 1411 1274 1501 1338; x_wconf 89' lang='lat' dir='ltr'><strong>testi-</strong></span> 
     </span>
     <span class='ocr_line' id='line_1_10' title="bbox 218 1377 1500 1464; baseline 0.002 -21"><span class='ocrx_word' id='word_1_76' title='bbox 218 1380 341 1463; x_wconf 85' lang='lat' dir='ltr'><strong>monio,</strong></span> <span class='ocrx_word' id='word_1_77' title='bbox 368 1379 452 1443; x_wconf 90' lang='lat' dir='ltr'><strong>Hell.</strong></span> <span class='ocrx_word' id='word_1_78' title='bbox 472 1396 521 1442; x_wconf 82' lang='lat' dir='ltr'><strong>vn</strong></span> <span class='ocrx_word' id='word_1_79' title='bbox 545 1382 580 1464; x_wconf 80' lang='lat'><strong>4,</strong></span> <span class='ocrx_word' id='word_1_80' title='bbox 603 1380 645 1443; x_wconf 76' lang='lat'><strong>29</strong></span> <span class='ocrx_word' id='word_1_81' title='bbox 675 1384 768 1443; x_wconf 89' lang='lat' dir='ltr'><strong>const</strong></span> <span class='ocrx_word' id='word_1_82' title='bbox 789 1384 811 1443; x_wconf 91' lang='lat' dir='ltr'><strong>t.</strong></span> <span class='ocrx_word' id='word_1_83' title='bbox 862 1377 1033 1442; x_wconf 89' lang='lat' dir='ltr'><strong>Praeterea</strong></span> <span class='ocrx_word' id='word_1_84' title='bbox 1065 1400 1167 1463; x_wconf 90' lang='lat' dir='ltr'><strong>nuper</strong></span> <span class='ocrx_word' id='word_1_85' title='bbox 1196 1378 1293 1443; x_wconf 90' lang='lat' dir='ltr'><strong>titulo</strong></span> <span class='ocrx_word' id='word_1_86' title='bbox 1325 1379 1500 1445; x_wconf 90' lang='lat' dir='ltr'><strong>honorario</strong></span> 
     </span>
     <span class='ocr_line' id='line_1_11' title="bbox 215 1484 1501 1570; baseline 0.002 -21"><span class='ocrx_word' id='word_1_87' title='bbox 215 1484 337 1550; x_wconf 86' lang='lat' dir='ltr'><strong>Tiberii</strong></span> <span class='ocrx_word' id='word_1_88' title='bbox 362 1484 489 1550; x_wconf 79' lang='lat' dir='ltr'><strong>Claudii</strong></span> <span class='ocrx_word' id='word_1_89' title='bbox 512 1485 587 1549; x_wconf 83' lang='lat' dir='ltr'><strong>Rufi</strong></span> <span class='ocrx_word' id='word_1_90' title='bbox 614 1484 782 1570; x_wconf 83' lang='lat' dir='ltr'><strong>Olympiae</strong></span> <span class='ocrx_word' id='word_1_91' title='bbox 806 1485 932 1550; x_wconf 89' lang='lat' dir='ltr'><strong>ecfosso</strong></span> <span class='ocrx_word' id='word_1_92' title='bbox 964 1486 1211 1569; x_wconf 89' lang='lat' dir='ltr'><strong>comprobatum</strong></span> <span class='ocrx_word' id='word_1_93' title='bbox 1235 1489 1300 1570; x_wconf 85' lang='lat' dir='ltr'><strong>est,</strong></span> <span class='ocrx_word' id='word_1_94' title='bbox 1328 1486 1426 1551; x_wconf 89' lang='lat' dir='ltr'><strong>etiam</strong></span> <span class='ocrx_word' id='word_1_95' title='bbox 1454 1510 1501 1552; x_wconf 89' lang='lat' dir='ltr'><strong>se·</strong></span> 
     </span>
     <span class='ocr_line' id='line_1_12' title="bbox 217 1591 1426 1679; baseline 0.001 -22"><span class='ocrx_word' id='word_1_96' title='bbox 217 1593 323 1657; x_wconf 89' lang='lat' dir='ltr'><strong>cundo</strong></span> <span class='ocrx_word' id='word_1_97' title='bbox 348 1617 377 1677; x_wconf 88' lang='lat' dir='ltr'><strong>p.</strong></span> <span class='ocrx_word' id='word_1_98' title='bbox 398 1591 470 1658; x_wconf 87' lang='lat' dir='ltr'><strong>Ohr.</strong></span> <span class='ocrx_word' id='word_1_99' title='bbox 497 1593 624 1658; x_wconf 89' lang='lat' dir='ltr'><strong>saeculo</strong></span> <span class='ocrx_word' id='word_1_100' title='bbox 648 1593 808 1677; x_wconf 87' lang='lat' dir='ltr'><strong>pancratii</strong></span> <span class='ocrx_word' id='word_1_101' title='bbox 832 1597 996 1658; x_wconf 86' lang='lat' dir='ltr'><strong>certamen</strong></span> <span class='ocrx_word' id='word_1_102' title='bbox 1020 1592 1084 1656; x_wconf 88' lang='lat' dir='ltr'><strong>diei</strong></span> <span class='ocrx_word' id='word_1_103' title='bbox 1108 1591 1260 1656; x_wconf 91' lang='lat' dir='ltr'><strong>ultimum</strong></span> <span class='ocrx_word' id='word_1_104' title='bbox 1284 1591 1426 1679; x_wconf 81' lang='lat' dir='ltr'><strong>fuisse.²)</strong></span> 
     </span>
     <span class='ocr_line' id='line_1_13' title="bbox 303 1699 1501 1787; baseline 0.003 -24"><span class='ocrx_word' id='word_1_105' title='bbox 303 1699 414 1764; x_wconf 89' lang='lat' dir='ltr'><strong>Primo</strong></span> <span class='ocrx_word' id='word_1_106' title='bbox 427 1700 529 1787; x_wconf 89' lang='lat' dir='ltr'><strong>igitur</strong></span> <span class='ocrx_word' id='word_1_107' title='bbox 543 1700 593 1764; x_wconf 86' lang='lat' dir='ltr'><strong>die</strong></span> <span class='ocrx_word' id='word_1_108' title='bbox 608 1700 682 1763; x_wconf 89' lang='lat' dir='ltr'><strong>inde</strong></span> <span class='ocrx_word' id='word_1_109' title='bbox 695 1701 735 1764; x_wconf 88' lang='lat' dir='ltr'><strong>ab</strong></span> <span class='ocrx_word' id='word_1_110' title='bbox 750 1700 845 1763; x_wconf 89' lang='lat' dir='ltr'><strong>initio</strong></span> <span class='ocrx_word' id='word_1_111' title='bbox 859 1699 1038 1764; x_wconf 89' lang='lat' dir='ltr'><strong>certamina</strong></span> <span class='ocrx_word' id='word_1_112' title='bbox 1050 1723 1068 1763; x_wconf 89' lang='lat' dir='ltr'><strong>a</strong></span> <span class='ocrx_word' id='word_1_113' title='bbox 1081 1700 1186 1764; x_wconf 89' lang='lat' dir='ltr'><strong>stadio</strong></span> <span class='ocrx_word' id='word_1_114' title='bbox 1200 1701 1342 1765; x_wconf 84' lang='lat' dir='ltr'><strong>virorum</strong></span> <span class='ocrx_word' id='word_1_115' title='bbox 1357 1702 1501 1785; x_wconf 88' lang='lat' dir='ltr'><strong>auspica-</strong></span> 
     </span>
     <span class='ocr_line' id='line_1_14' title="bbox 218 1805 1499 1892; baseline 0.002 -23"><span class='ocrx_word' id='word_1_116' title='bbox 218 1806 345 1892; x_wconf 85' lang='lat' dir='ltr'><strong>bantur,</strong></span> <span class='ocrx_word' id='word_1_117' title='bbox 360 1806 476 1871; x_wconf 90' lang='lat' dir='ltr'><strong>ultimo</strong></span> <span class='ocrx_word' id='word_1_118' title='bbox 490 1807 540 1871; x_wconf 88' lang='lat' dir='ltr'><strong>die</strong></span> <span class='ocrx_word' id='word_1_119' title='bbox 552 1829 654 1890; x_wconf 92' lang='lat' dir='ltr'><strong>usque</strong></span> <span class='ocrx_word' id='word_1_120' title='bbox 667 1807 707 1870; x_wconf 89' lang='lat' dir='ltr'><strong>ad</strong></span> <span class='ocrx_word' id='word_1_121' title='bbox 717 1805 895 1870; x_wconf 79' lang='lat' dir='ltr'><strong>Oluxxvss</strong></span> <span class='ocrx_word' id='word_1_122' title='bbox 908 1806 999 1889; x_wconf 90' lang='lat' dir='ltr'><strong>equis</strong></span> <span class='ocrx_word' id='word_1_123' title='bbox 1011 1806 1219 1891; x_wconf 86' lang='lat' dir='ltr'><strong>quinquertio</strong></span> <span class='ocrx_word' id='word_1_124' title='bbox 1234 1807 1412 1892; x_wconf 89' lang='lat' dir='ltr'><strong>pancratio,</strong></span> <span class='ocrx_word' id='word_1_125' title='bbox 1426 1808 1499 1872; x_wconf 86' lang='lat' dir='ltr'><strong>inde</strong></span> 
     </span>
     <span class='ocr_line' id='line_1_15' title="bbox 219 1912 1499 1999; baseline 0.002 -23"><span class='ocrx_word' id='word_1_126' title='bbox 219 1913 257 1977; x_wconf 91' lang='lat' dir='ltr'><strong>ab</strong></span> <span class='ocrx_word' id='word_1_127' title='bbox 281 1913 338 1977; x_wconf 90' lang='lat' dir='ltr'><strong>illa</strong></span> <span class='ocrx_word' id='word_1_128' title='bbox 362 1912 553 1998; x_wconf 81' lang='lat' dir='ltr'><strong>Olympiade</strong></span> <span class='ocrx_word' id='word_1_129' title='bbox 578 1913 694 1976; x_wconf 93' lang='lat' dir='ltr'><strong>ultimo</strong></span> <span class='ocrx_word' id='word_1_130' title='bbox 721 1912 772 1977; x_wconf 88' lang='lat' dir='ltr'><strong>die</strong></span> <span class='ocrx_word' id='word_1_131' title='bbox 794 1913 885 1997; x_wconf 89' lang='lat' dir='ltr'><strong>equis</strong></span> <span class='ocrx_word' id='word_1_132' title='bbox 910 1917 942 1976; x_wconf 87' lang='lat' dir='ltr'><strong>et</strong></span> <span class='ocrx_word' id='word_1_133' title='bbox 967 1912 1184 1998; x_wconf 76' lang='lat' dir='ltr'><strong>quinquertio,</strong></span> <span class='ocrx_word' id='word_1_134' title='bbox 1207 1914 1241 1977; x_wconf 92' lang='lat' dir='ltr'><strong>in</strong></span> <span class='ocrx_word' id='word_1_135' title='bbox 1263 1915 1499 1999; x_wconf 85' lang='lat' dir='ltr'><strong>paenultimam</strong></span> 
     </span>
     <span class='ocr_line' id='line_1_16' title="bbox 219 2017 1499 2106; baseline 0.001 -22"><span class='ocrx_word' id='word_1_136' title='bbox 219 2020 385 2103; x_wconf 85' lang='lat' dir='ltr'><strong>pancratio</strong></span> <span class='ocrx_word' id='word_1_137' title='bbox 410 2020 543 2104; x_wconf 86' lang='lat' dir='ltr'><strong>reiecto,</strong></span> <span class='ocrx_word' id='word_1_138' title='bbox 572 2020 749 2084; x_wconf 85' lang='lat' dir='ltr'><strong>certabant.</strong></span> <span class='ocrx_word' id='word_1_139' title='bbox 799 2017 861 2083; x_wconf 84' lang='lat' dir='ltr'><strong>Sed</strong></span> <span class='ocrx_word' id='word_1_140' title='bbox 885 2042 966 2102; x_wconf 89' lang='lat' dir='ltr'><strong>quae</strong></span> <span class='ocrx_word' id='word_1_141' title='bbox 990 2021 1170 2085; x_wconf 90' lang='lat' dir='ltr'><strong>certamina</strong></span> <span class='ocrx_word' id='word_1_142' title='bbox 1196 2024 1272 2087; x_wconf 87' lang='lat' dir='ltr'><strong>aute</strong></span> <span class='ocrx_word' id='word_1_143' title='bbox 1296 2022 1499 2106; x_wconf 90' lang='lat' dir='ltr'><strong>pancratium</strong></span> 
     </span>
     <span class='ocr_line' id='line_1_17' title="bbox 218 2125 1499 2214; baseline 0.001 -22"><span class='ocrx_word' id='word_1_144' title='bbox 218 2126 417 2211; x_wconf 89' lang='lat' dir='ltr'><strong>paenultimo</strong></span> <span class='ocrx_word' id='word_1_145' title='bbox 445 2127 510 2211; x_wconf 85' lang='lat' dir='ltr'><strong>die,</strong></span> <span class='ocrx_word' id='word_1_146' title='bbox 538 2149 619 2211; x_wconf 90' lang='lat' dir='ltr'><strong>quae</strong></span> <span class='ocrx_word' id='word_1_147' title='bbox 646 2131 723 2211; x_wconf 91' lang='lat' dir='ltr'><strong>post</strong></span> <span class='ocrx_word' id='word_1_148' title='bbox 751 2125 849 2190; x_wconf 91' lang='lat' dir='ltr'><strong>stadii</strong></span> <span class='ocrx_word' id='word_1_149' title='bbox 875 2150 1005 2191; x_wconf 92' lang='lat' dir='ltr'><strong>cursum</strong></span> <span class='ocrx_word' id='word_1_150' title='bbox 1033 2128 1139 2212; x_wconf 90' lang='lat' dir='ltr'><strong>primo</strong></span> <span class='ocrx_word' id='word_1_151' title='bbox 1163 2128 1228 2205; x_wconf 88' lang='lat' dir='ltr'><strong>die,</strong></span> <span class='ocrx_word' id='word_1_152' title='bbox 1256 2128 1393 2213; x_wconf 89' lang='lat' dir='ltr'><strong>denique</strong></span> <span class='ocrx_word' id='word_1_153' title='bbox 1417 2151 1499 2214; x_wconf 90' lang='lat' dir='ltr'><strong>quae</strong></span> 
     </span>
     <span class='ocr_line' id='line_1_18' title="bbox 218 2233 1499 2319; baseline 0.001 -21"><span class='ocrx_word' id='word_1_154' title='bbox 218 2235 320 2299; x_wconf 88' lang='lat' dir='ltr'><strong>medio</strong></span> <span class='ocrx_word' id='word_1_155' title='bbox 349 2235 401 2298; x_wconf 85' lang='lat' dir='ltr'><strong>vel</strong></span> <span class='ocrx_word' id='word_1_156' title='bbox 429 2233 543 2298; x_wconf 88' lang='lat' dir='ltr'><strong>mediis</strong></span> <span class='ocrx_word' id='word_1_157' title='bbox 572 2233 686 2298; x_wconf 92' lang='lat' dir='ltr'><strong>diebus</strong></span> <span class='ocrx_word' id='word_1_158' title='bbox 716 2233 894 2297; x_wconf 86' lang='lat' dir='ltr'><strong>certamina</strong></span> <span class='ocrx_word' id='word_1_159' title='bbox 916 2233 1048 2298; x_wconf 90' lang='lat' dir='ltr'><strong>Pindari</strong></span> <span class='ocrx_word' id='word_1_160' title='bbox 1078 2235 1207 2317; x_wconf 88' lang='lat' dir='ltr'><strong>quidem</strong></span> <span class='ocrx_word' id='word_1_161' title='bbox 1236 2240 1342 2300; x_wconf 88' lang='lat' dir='ltr'><strong>aetate</strong></span> <span class='ocrx_word' id='word_1_162' title='bbox 1369 2235 1499 2319; x_wconf 88' lang='lat' dir='ltr'><strong>fuerint,</strong></span> 
     </span>
     <span class='ocr_line' id='line_1_19' title="bbox 217 2340 1499 2427; baseline 0 -21"><span class='ocrx_word' id='word_1_163' title='bbox 217 2341 427 2406; x_wconf 88' lang='lat' dir='ltr'><strong>coniectando</strong></span> <span class='ocrx_word' id='word_1_164' title='bbox 450 2341 609 2426; x_wconf 81' lang='lat' dir='ltr'><strong>divinare,</strong></span> <span class='ocrx_word' id='word_1_165' title='bbox 635 2363 700 2406; x_wconf 92' lang='lat' dir='ltr'><strong>non</strong></span> <span class='ocrx_word' id='word_1_166' title='bbox 730 2340 931 2427; x_wconf 82' lang='lat' dir='ltr'><strong>argumentis</strong></span> <span class='ocrx_word' id='word_1_167' title='bbox 961 2340 1151 2406; x_wconf 85' lang='lat' dir='ltr'><strong>confirmare</strong></span> <span class='ocrx_word' id='word_1_168' title='bbox 1175 2342 1260 2406; x_wconf 89' lang='lat' dir='ltr'><strong>licet.</strong></span> <span class='ocrx_word' id='word_1_169' title='bbox 1305 2340 1419 2426; x_wconf 89' lang='lat' dir='ltr'><strong>Neque</strong></span> <span class='ocrx_word' id='word_1_170' title='bbox 1444 2342 1499 2425; x_wconf 90' lang='lat' dir='ltr'><strong>qui</strong></span> 
     </span>
     <span class='ocr_line' id='line_1_20' title="bbox 218 2447 1499 2534; baseline 0.002 -23"><span class='ocrx_word' id='word_1_171' title='bbox 218 2454 321 2514; x_wconf 83' lang='lat' dir='ltr'><strong>exstat</strong></span> <span class='ocrx_word' id='word_1_172' title='bbox 339 2448 509 2534; x_wconf 88' lang='lat' dir='ltr'><strong>catalogus</strong></span> <span class='ocrx_word' id='word_1_173' title='bbox 528 2448 687 2513; x_wconf 88' lang='lat' dir='ltr'><strong>victorum</strong></span> <span class='ocrx_word' id='word_1_174' title='bbox 702 2447 904 2532; x_wconf 79' lang='lat' dir='ltr'><strong>Olympiadis</strong></span> <span class='ocrx_word' id='word_1_175' title='bbox 919 2465 1061 2513; x_wconf 75' lang='lat' dir='ltr'><strong>cuxxvn</strong></span> <span class='ocrx_word' id='word_1_176' title='bbox 1077 2480 1118 2501; x_wconf 96' lang='lat'>=</span> <span class='ocrx_word' id='word_1_177' title='bbox 1134 2472 1160 2513; x_wconf 90' lang='lat' dir='ltr'><strong>a.</strong></span> <span class='ocrx_word' id='word_1_178' title='bbox 1174 2450 1215 2514; x_wconf 74' lang='lat'><strong>72</strong></span> <span class='ocrx_word' id='word_1_179' title='bbox 1230 2472 1257 2513; x_wconf 89' lang='lat' dir='ltr'><strong>a.</strong></span> <span class='ocrx_word' id='word_1_180' title='bbox 1273 2448 1347 2514; x_wconf 72' lang='lat' dir='ltr'><strong>thr.</strong></span> <span class='ocrx_word' id='word_1_181' title='bbox 1367 2472 1386 2513; x_wconf 87' lang='lat' dir='ltr'><strong>a</strong></span> <span class='ocrx_word' id='word_1_182' title='bbox 1404 2448 1499 2513; x_wconf 92' lang='lat' dir='ltr'><strong>Phle-</strong></span> 
     </span>
     <span class='ocr_line' id='line_1_21' title="bbox 218 2554 1497 2641; baseline 0 -22"><span class='ocrx_word' id='word_1_183' title='bbox 218 2562 313 2640; x_wconf 89' lang='lat' dir='ltr'><strong>gonte</strong></span> <span class='ocrx_word' id='word_1_184' title='bbox 326 2555 576 2640; x_wconf 83' lang='lat' dir='ltr'><strong>chronographo</strong></span> <span class='ocrx_word' id='word_1_185' title='bbox 589 2555 730 2640; x_wconf 85' lang='lat' dir='ltr'><strong>scriptus</strong></span> <span class='ocrx_word' id='word_1_186' title='bbox 741 2559 774 2620; x_wconf 87' lang='lat' dir='ltr'><strong>et</strong></span> <span class='ocrx_word' id='word_1_187' title='bbox 783 2554 870 2619; x_wconf 89' lang='lat' dir='ltr'><strong>infra</strong></span> <span class='ocrx_word' id='word_1_188' title='bbox 879 2577 899 2618; x_wconf 91' lang='lat' dir='ltr'><strong>a</strong></span> <span class='ocrx_word' id='word_1_189' title='bbox 908 2578 959 2620; x_wconf 90' lang='lat' dir='ltr'><strong>me</strong></span> <span class='ocrx_word' id='word_1_190' title='bbox 969 2556 1063 2641; x_wconf 89' lang='lat' dir='ltr'><strong>plene</strong></span> <span class='ocrx_word' id='word_1_191' title='bbox 1073 2556 1254 2639; x_wconf 84' lang='lat' dir='ltr'><strong>exscriptus</strong></span> <span class='ocrx_word' id='word_1_192' title='bbox 1265 2560 1389 2621; x_wconf 89' lang='lat' dir='ltr'><strong>certum</strong></span> <span class='ocrx_word' id='word_1_193' title='bbox 1400 2555 1497 2621; x_wconf 89' lang='lat' dir='ltr'><strong>docu-</strong></span> 
     </span>
     <span class='ocr_line' id='line_1_22' title="bbox 218 2662 1498 2747; baseline 0 -21"><span class='ocrx_word' id='word_1_194' title='bbox 218 2669 361 2728; x_wconf 85' lang='lat' dir='ltr'><strong>mentum</strong></span> <span class='ocrx_word' id='word_1_195' title='bbox 384 2663 520 2747; x_wconf 88' lang='lat' dir='ltr'><strong>praebet</strong></span> <span class='ocrx_word' id='word_1_196' title='bbox 539 2662 660 2726; x_wconf 86' lang='lat' dir='ltr'><strong>ordinis</strong></span> <span class='ocrx_word' id='word_1_197' title='bbox 680 2662 894 2726; x_wconf 86' lang='lat' dir='ltr'><strong>certaminum</strong></span> <span class='ocrx_word' id='word_1_198' title='bbox 913 2662 1083 2747; x_wconf 89' lang='lat' dir='ltr'><strong>Olympici.</strong></span> <span class='ocrx_word' id='word_1_199' title='bbox 1120 2663 1153 2726; x_wconf 91' lang='lat' dir='ltr'><strong>Is</strong></span> <span class='ocrx_word' id='word_1_200' title='bbox 1176 2663 1355 2728; x_wconf 90' lang='lat' dir='ltr'><strong>enimcum</strong></span> <span class='ocrx_word' id='word_1_201' title='bbox 1378 2663 1414 2726; x_wconf 91' lang='lat' dir='ltr'><strong>in</strong></span> <span class='ocrx_word' id='word_1_202' title='bbox 1436 2663 1498 2727; x_wconf 85' lang='lat' dir='ltr'><strong>vic-</strong></span> 
     </span>
     <span class='ocr_line' id='line_1_23' title="bbox 218 2768 1497 2853; baseline 0 -19"><span class='ocrx_word' id='word_1_203' title='bbox 218 2770 341 2834; x_wconf 81' lang='lat' dir='ltr'><strong>toribus</strong></span> <span class='ocrx_word' id='word_1_204' title='bbox 354 2769 442 2833; x_wconf 89' lang='lat' dir='ltr'><strong>illius</strong></span> <span class='ocrx_word' id='word_1_205' title='bbox 454 2768 656 2853; x_wconf 89' lang='lat' dir='ltr'><strong>Olympiadis</strong></span> <span class='ocrx_word' id='word_1_206' title='bbox 671 2769 896 2833; x_wconf 87' lang='lat' dir='ltr'><strong>enumerandis</strong></span> <span class='ocrx_word' id='word_1_207' title='bbox 909 2768 995 2834; x_wconf 90' lang='lat' dir='ltr'><strong>hunc</strong></span> <span class='ocrx_word' id='word_1_208' title='bbox 1008 2770 1154 2835; x_wconf 90' lang='lat' dir='ltr'><strong>ordinem</strong></span> <span class='ocrx_word' id='word_1_209' title='bbox 1166 2770 1317 2835; x_wconf 91' lang='lat' dir='ltr'><strong>ludorum</strong></span> <span class='ocrx_word' id='word_1_210' title='bbox 1331 2775 1497 2853; x_wconf 87' lang='lat' dir='ltr'><strong>sequatur:</strong></span> 
     </span>
     <span class='ocr_line' id='line_1_24' title="bbox 219 2875 1497 2962; baseline 0.002 -23"><span class='ocrx_word' id='word_1_211' title='bbox 219 2877 365 2959; x_wconf 85' lang='grc' dir='ltr'><strong><em>στάδιον,</em></strong></span> <span class='ocrx_word' id='word_1_212' title='bbox 389 2877 539 2957; x_wconf 76' lang='grc' dir='ltr'><strong><em>δίαυλον,</em></strong></span> <span class='ocrx_word' id='word_1_213' title='bbox 563 2875 718 2960; x_wconf 78' lang='grc' dir='ltr'><strong>[ὁπλίτην</strong></span> <span class='ocrx_word' id='word_1_214' title='bbox 736 2876 893 2959; x_wconf 81' lang='grc' dir='ltr'><strong><em>δρόμονΙ,</em></strong></span> <span class='ocrx_word' id='word_1_215' title='bbox 917 2876 1052 2961; x_wconf 81' lang='grc' dir='ltr'><strong><em>δόλιχον</em></strong></span> <span class='ocrx_word' id='word_1_216' title='bbox 1069 2875 1246 2959; x_wconf 79' lang='grc' dir='ltr'><strong><em>Ἑλλήνων,</em></strong></span> <span class='ocrx_word' id='word_1_217' title='bbox 1269 2878 1404 2962; x_wconf 83' lang='grc' dir='ltr'><strong><em>δόλιχον</em></strong></span> <span class='ocrx_word' id='word_1_218' title='bbox 1423 2875 1497 2941; x_wconf 79' lang='grc' dir='ltr'><strong><em>Ῥω·</em></strong></span> 
     </span>
     <span class='ocr_line' id='line_1_25' title="bbox 218 2982 1497 3067; baseline 0.001 -20"><span class='ocrx_word' id='word_1_219' title='bbox 218 2988 334 3065; x_wconf 81' lang='grc' dir='ltr'><strong><em>μαίων,</em></strong></span> <span class='ocrx_word' id='word_1_220' title='bbox 353 2982 554 3067; x_wconf 83' lang='grc' dir='ltr'><strong><em>πένταθλον,</em></strong></span> <span class='ocrx_word' id='word_1_221' title='bbox 573 2984 692 3066; x_wconf 84' lang='grc' dir='ltr'><strong><em>πάλην,</em></strong></span> <span class='ocrx_word' id='word_1_222' title='bbox 710 2983 785 3059; x_wconf 80' lang='grc' dir='ltr'><strong><em>πύξ,</em></strong></span> <span class='ocrx_word' id='word_1_223' title='bbox 808 2983 1023 3067; x_wconf 85' lang='grc' dir='ltr'><strong><em>παγκράτιον,</em></strong></span> <span class='ocrx_word' id='word_1_224' title='bbox 1045 2986 1176 3048; x_wconf 78' lang='grc' dir='ltr'><strong><em>παίδων</em></strong></span> <span class='ocrx_word' id='word_1_225' title='bbox 1197 2984 1344 3061; x_wconf 88' lang='grc' dir='ltr'><strong><em>στάδιον,</em></strong></span> <span class='ocrx_word' id='word_1_226' title='bbox 1367 2984 1497 3049; x_wconf 78' lang='grc' dir='ltr'><strong><em>παίδων</em></strong></span> 
     </span>
     <span class='ocr_line' id='line_1_26' title="bbox 217 3088 1498 3177; baseline 0.002 -24"><span class='ocrx_word' id='word_1_227' title='bbox 217 3091 336 3174; x_wconf 92' lang='grc' dir='ltr'><strong><em>πάλην,</em></strong></span> <span class='ocrx_word' id='word_1_228' title='bbox 352 3091 485 3155; x_wconf 85' lang='grc' dir='ltr'><strong><em>παίδων</em></strong></span> <span class='ocrx_word' id='word_1_229' title='bbox 497 3088 575 3174; x_wconf 81' lang='grc' dir='ltr'><strong><em>πύξ,</em></strong></span> <span class='ocrx_word' id='word_1_230' title='bbox 594 3090 725 3155; x_wconf 90' lang='grc' dir='ltr'><strong><em>παίδων</em></strong></span> <span class='ocrx_word' id='word_1_231' title='bbox 738 3089 953 3174; x_wconf 88' lang='grc' dir='ltr'><strong><em>παγκράτιον,</em></strong></span> <span class='ocrx_word' id='word_1_232' title='bbox 968 3090 1106 3174; x_wconf 82' lang='grc' dir='ltr'><strong><em>ὁπλίτην</em></strong></span> <span class='ocrx_word' id='word_1_233' title='bbox 1120 3089 1284 3177; x_wconf 53' lang='grc' dir='ltr'><strong><em>δρόμονέ)</em></strong></span> <span class='ocrx_word' id='word_1_234' title='bbox 1303 3091 1498 3176; x_wconf 80' lang='grc' dir='ltr'><strong><em>τέθριππον,</em></strong></span> 
     </span>
    </p>
   </div>
   <div class='ocr_carea' id='block_1_3' title="bbox 140 3353 1497 4285">
    <p class='ocr_par' dir='ltr' id='par_1_3' title="bbox 140 3353 1497 4285">
     <span class='ocr_line' id='line_1_27' title="bbox 303 3353 1496 3425; baseline 0 -16"><span class='ocrx_word' id='word_1_235' title='bbox 303 3361 330 3425; x_wconf 82' lang='lat'><strong>1)</strong></span> <span class='ocrx_word' id='word_1_236' title='bbox 353 3353 512 3409; x_wconf 87' lang='lat' dir='ltr'><strong>Pausaniae</strong></span> <span class='ocrx_word' id='word_1_237' title='bbox 535 3354 628 3408; x_wconf 86' lang='lat' dir='ltr'><strong>locum</strong></span> <span class='ocrx_word' id='word_1_238' title='bbox 652 3354 863 3425; x_wconf 84' lang='lat' dir='ltr'><strong>gravissimum,</strong></span> <span class='ocrx_word' id='word_1_239' title='bbox 888 3356 937 3409; x_wconf 88' lang='lat' dir='ltr'><strong>sed</strong></span> <span class='ocrx_word' id='word_1_240' title='bbox 960 3355 1084 3410; x_wconf 88' lang='lat' dir='ltr'><strong>lacerum</strong></span> <span class='ocrx_word' id='word_1_241' title='bbox 1107 3359 1137 3411; x_wconf 86' lang='lat' dir='ltr'><strong>ct</strong></span> <span class='ocrx_word' id='word_1_242' title='bbox 1157 3356 1277 3409; x_wconf 87' lang='lat' dir='ltr'><strong>multum</strong></span> <span class='ocrx_word' id='word_1_243' title='bbox 1295 3360 1428 3411; x_wconf 75' lang='lat' dir='ltr'><strong>vexatum</strong></span> <span class='ocrx_word' id='word_1_244' title='bbox 1451 3374 1496 3410; x_wconf 87' lang='lat' dir='ltr'><strong>ex-</strong></span> 
     </span>
     <span class='ocr_line' id='line_1_28' title="bbox 218 3426 1496 3498; baseline 0 -17"><span class='ocrx_word' id='word_1_245' title='bbox 218 3427 335 3481; x_wconf 81' lang='lat' dir='ltr'><strong>scribere</strong></span> <span class='ocrx_word' id='word_1_246' title='bbox 354 3426 434 3480; x_wconf 79' lang='lat' dir='ltr'><strong>iuvat</strong></span> <span class='ocrx_word' id='word_1_247' title='bbox 453 3430 553 3495; x_wconf 87' lang='lat' dir='ltr'><strong>totum,</strong></span> <span class='ocrx_word' id='word_1_248' title='bbox 571 3426 684 3494; x_wconf 89' lang='lat' dir='ltr'><strong>qualem</strong></span> <span class='ocrx_word' id='word_1_249' title='bbox 704 3443 768 3479; x_wconf 87' lang='lat' dir='ltr'><strong>enm</strong></span> <span class='ocrx_word' id='word_1_250' title='bbox 787 3426 907 3480; x_wconf 84' lang='lat' dir='ltr'><strong>correxit</strong></span> <span class='ocrx_word' id='word_1_251' title='bbox 926 3427 995 3482; x_wconf 87' lang='lat' dir='ltr'><strong>God.</strong></span> <span class='ocrx_word' id='word_1_252' title='bbox 1011 3429 1188 3482; x_wconf 89' lang='lat' dir='ltr'><strong>Hermannus</strong></span> <span class='ocrx_word' id='word_1_253' title='bbox 1206 3428 1307 3498; x_wconf 91' lang='lat' dir='ltr'><strong>Opusc.</strong></span> <span class='ocrx_word' id='word_1_254' title='bbox 1322 3448 1349 3482; x_wconf 82' lang='lat' dir='ltr'><strong>vr</strong></span> <span class='ocrx_word' id='word_1_255' title='bbox 1364 3435 1410 3484; x_wconf 85' lang='lat'><strong>14:</strong></span> <span class='ocrx_word' id='word_1_256' title='bbox 1431 3428 1446 3483; x_wconf 85' lang='grc' dir='ltr'><strong><em>δ</em></strong></span> <span class='ocrx_word' id='word_1_257' title='bbox 1465 3427 1496 3482; x_wconf 76' lang='grc' dir='ltr'><strong>δὲ</strong></span> 
     </span>
     <span class='ocr_line' id='line_1_29' title="bbox 217 3496 1496 3572; baseline 0.002 -22"><span class='ocrx_word' id='word_1_258' title='bbox 217 3496 315 3569; x_wconf 83' lang='grc' dir='ltr'><strong><em>κόσμος</em></strong></span> <span class='ocrx_word' id='word_1_259' title='bbox 339 3498 437 3567; x_wconf 73' lang='lat' dir='ltr'><strong>baral</strong></span> <span class='ocrx_word' id='word_1_260' title='bbox 460 3500 510 3551; x_wconf 87' lang='grc' dir='ltr'><strong>τὸν</strong></span> <span class='ocrx_word' id='word_1_261' title='bbox 534 3499 630 3567; x_wconf 78' lang='grc' dir='ltr'><strong><em>ἀγῶνα</em></strong></span> <span class='ocrx_word' id='word_1_262' title='bbox 655 3496 701 3566; x_wconf 79' lang='grc' dir='ltr'><strong>ἐφ’</strong></span> <span class='ocrx_word' id='word_1_263' title='bbox 720 3496 811 3567; x_wconf 76' lang='grc' dir='ltr'><strong><em>ἡμῶν,</em></strong></span> <span class='ocrx_word' id='word_1_264' title='bbox 836 3500 872 3561; x_wconf 86' lang='grc' dir='ltr'><strong>ὡς</strong></span> <span class='ocrx_word' id='word_1_265' title='bbox 892 3499 1020 3553; x_wconf 74' lang='grc' dir='ltr'><strong><em>θύεσθαι</em></strong></span> <span class='ocrx_word' id='word_1_266' title='bbox 1038 3505 1075 3552; x_wconf 86' lang='grc' dir='ltr'><strong>τῶ</strong></span> <span class='ocrx_word' id='word_1_267' title='bbox 1095 3504 1154 3572; x_wconf 78' lang='grc' dir='ltr'><strong><em>θεῷ</em></strong></span> <span class='ocrx_word' id='word_1_268' title='bbox 1173 3499 1208 3553; x_wconf 81' lang='grc' dir='ltr'><strong>τὰ</strong></span> <span class='ocrx_word' id='word_1_269' title='bbox 1227 3502 1315 3568; x_wconf 67' lang='lat' dir='ltr'><strong>lensia</strong></span> <span class='ocrx_word' id='word_1_270' title='bbox 1334 3501 1496 3554; x_wconf 76' lang='grc' dir='ltr'><strong><em>πεντάθλου</em></strong></span> 
     </span>
     <span class='ocr_line' id='line_1_30' title="bbox 217 3556 1495 3652; baseline 0 -28"><span class='ocrx_word' id='word_1_271' title='bbox 217 3568 265 3638; x_wconf 61' lang='grc' dir='ltr'><strong><em>μὲν</em></strong></span> <span class='ocrx_word' id='word_1_272' title='bbox 287 3572 336 3624; x_wconf 80' lang='grc' dir='ltr'><strong>καλ</strong></span> <span class='ocrx_word' id='word_1_273' title='bbox 360 3567 465 3640; x_wconf 89' lang='grc' dir='ltr'><strong><em>δρόμον</em></strong></span> <span class='ocrx_word' id='word_1_274' title='bbox 488 3578 543 3623; x_wconf 87' lang='grc' dir='ltr'><strong>τῶν</strong></span> <span class='ocrx_word' id='word_1_275' title='bbox 562 3567 656 3623; x_wconf 73' lang='grc' dir='ltr'><strong><em>ἵππων</em></strong></span> <span class='ocrx_word' id='word_1_276' title='bbox 679 3567 781 3635; x_wconf 68' lang='grc' dir='ltr'><strong><em>ὕστερα</em></strong></span> <span class='ocrx_word' id='word_1_277' title='bbox 805 3570 881 3641; x_wconf 85' lang='grc' dir='ltr'><strong><em>&lt;πρδ</em></strong></span> <span class='ocrx_word' id='word_1_278' title='bbox 903 3570 1010 3625; x_wconf 83' lang='grc' dir='ltr'><strong><em>τούτων</em></strong></span> <span class='ocrx_word' id='word_1_279' title='bbox 1034 3556 1065 3624; x_wconf 71' lang='lat' dir='ltr'><strong>dl</strong></span> <span class='ocrx_word' id='word_1_280' title='bbox 1089 3568 1282 3641; x_wconf 76' lang='grc' dir='ltr'><strong><em>γεγενημένων</em></strong></span> <span class='ocrx_word' id='word_1_281' title='bbox 1305 3580 1360 3625; x_wconf 87' lang='grc' dir='ltr'><strong>τῶν</strong></span> <span class='ocrx_word' id='word_1_282' title='bbox 1384 3571 1495 3652; x_wconf 64' lang='grc' dir='ltr'><strong><em>ἄλλων)</em></strong></span> 
     </span>
     <span class='ocr_line' id='line_1_31' title="bbox 216 3640 1496 3713; baseline 0.001 -20"><span class='ocrx_word' id='word_1_283' title='bbox 216 3640 416 3711; x_wconf 77' lang='grc' dir='ltr'><strong><em>ἀγωνισμάτων</em></strong></span> <span class='ocrx_word' id='word_1_284' title='bbox 440 3640 616 3710; x_wconf 82' lang='lat' dir='ltr'><strong>(Holwerdu,</strong></span> <span class='ocrx_word' id='word_1_285' title='bbox 640 3641 722 3695; x_wconf 83' lang='lat' dir='ltr'><strong>Arch.</strong></span> <span class='ocrx_word' id='word_1_286' title='bbox 743 3640 811 3696; x_wconf 89' lang='lat' dir='ltr'><strong>Zeit.</strong></span> <span class='ocrx_word' id='word_1_287' title='bbox 833 3648 901 3695; x_wconf 85' lang='grc'><strong>1880</strong></span> <span class='ocrx_word' id='word_1_288' title='bbox 924 3662 951 3711; x_wconf 91' lang='lat' dir='ltr'><strong>p.</strong></span> <span class='ocrx_word' id='word_1_289' title='bbox 968 3647 1018 3695; x_wconf 78' lang='lat'><strong>170</strong></span> <span class='ocrx_word' id='word_1_290' title='bbox 1044 3642 1126 3713; x_wconf 86' lang='lat' dir='ltr'><strong>plura</strong></span> <span class='ocrx_word' id='word_1_291' title='bbox 1151 3642 1328 3697; x_wconf 85' lang='lat' dir='ltr'><strong>intercidisse</strong></span> <span class='ocrx_word' id='word_1_292' title='bbox 1351 3647 1429 3696; x_wconf 86' lang='lat' dir='ltr'><strong>ratus</strong></span> <span class='ocrx_word' id='word_1_293' title='bbox 1456 3660 1496 3695; x_wconf 82' lang='lat' dir='ltr'><strong>su:</strong></span> 
     </span>
     <span class='ocr_line' id='line_1_32' title="bbox 217 3711 1497 3805; baseline 0 -39"><span class='ocrx_word' id='word_1_294' title='bbox 217 3711 308 3766; x_wconf 85' lang='lat' dir='ltr'><strong>locum</strong></span> <span class='ocrx_word' id='word_1_295' title='bbox 326 3712 481 3782; x_wconf 86' lang='lat' dir='ltr'><strong>supplevit:</strong></span> <span class='ocrx_word' id='word_1_296' title='bbox 500 3712 535 3765; x_wconf 82' lang='grc' dir='ltr'><strong>τὰ</strong></span> <span class='ocrx_word' id='word_1_297' title='bbox 555 3711 652 3780; x_wconf 82' lang='grc' dir='ltr'><strong><em>ἱερεῖα,</em></strong></span> <span class='ocrx_word' id='word_1_298' title='bbox 672 3712 789 3785; x_wconf 69' lang='lat' dir='ltr'><strong>&lt;laerta</strong></span> <span class='ocrx_word' id='word_1_299' title='bbox 809 3711 840 3766; x_wconf 72' lang='lat' dir='ltr'><strong>cl</strong></span> <span class='ocrx_word' id='word_1_300' title='bbox 860 3715 1010 3782; x_wconf 81' lang='grc' dir='ltr'><strong><em>γίγνεσθαι</em></strong></span> <span class='ocrx_word' id='word_1_301' title='bbox 1028 3715 1093 3776; x_wconf 85' lang='grc' dir='ltr'><strong><em>τοὺς</em></strong></span> <span class='ocrx_word' id='word_1_302' title='bbox 1111 3715 1244 3787; x_wconf 85' lang='grc' dir='ltr'><strong><em>άγῶνας&gt;</em></strong></span> <span class='ocrx_word' id='word_1_303' title='bbox 1263 3712 1426 3769; x_wconf 80' lang='grc' dir='ltr'><strong><em>πεντάθλου</em></strong></span> <span class='ocrx_word' id='word_1_304' title='bbox 1436 3712 1497 3805; x_wconf 75' lang='grc' dir='ltr'><strong><em>μὲν</em></strong></span> 
     </span>
     <span class='ocr_line' id='line_1_33' title="bbox 220 3781 1496 3859; baseline 0.003 -23"><span class='ocrx_word' id='word_1_305' title='bbox 220 3786 264 3837; x_wconf 80' lang='grc' dir='ltr'><strong>παλ</strong></span> <span class='ocrx_word' id='word_1_306' title='bbox 283 3782 389 3854; x_wconf 90' lang='grc' dir='ltr'><strong><em>δρόμον</em></strong></span> <span class='ocrx_word' id='word_1_307' title='bbox 408 3805 431 3839; x_wconf 94' lang='grc' dir='ltr'><strong>τ.</strong></span> <span class='ocrx_word' id='word_1_308' title='bbox 450 3783 467 3838; x_wconf 79' lang='grc' dir='ltr'><strong>ί.</strong></span> <span class='ocrx_word' id='word_1_309' title='bbox 488 3781 589 3857; x_wconf 79' lang='grc' dir='ltr'><strong><em>ὑστέρα</em></strong></span> <span class='ocrx_word' id='word_1_310' title='bbox 608 3783 731 3858; x_wconf 77' lang='grc' dir='ltr'><strong><em>(ἡμέρᾳ,</em></strong></span> <span class='ocrx_word' id='word_1_311' title='bbox 750 3783 872 3859; x_wconf 77' lang='grc' dir='ltr'><strong><em>προτέρᾳ</em></strong></span> <span class='ocrx_word' id='word_1_312' title='bbox 892 3783 923 3837; x_wconf 68' lang='grc' dir='ltr'><strong>δὲ</strong></span> <span class='ocrx_word' id='word_1_313' title='bbox 942 3794 997 3839; x_wconf 83' lang='grc' dir='ltr'><strong>τῶν</strong></span> <span class='ocrx_word' id='word_1_314' title='bbox 1016 3786 1141 3858; x_wconf 79' lang='grc' dir='ltr'><strong><em>λοιπῶν)</em></strong></span> <span class='ocrx_word' id='word_1_315' title='bbox 1161 3785 1381 3855; x_wconf 79' lang='grc' dir='ltr'><strong><em>ἀγωνισμάτων),</em></strong></span> <span class='ocrx_word' id='word_1_316' title='bbox 1415 3805 1496 3848; x_wconf 87' lang='grc' dir='ltr'><strong><em>ουτος</em></strong></span> 
     </span>
     <span class='ocr_line' id='line_1_34' title="bbox 216 3853 1496 3928; baseline 0.003 -21"><span class='ocrx_word' id='word_1_317' title='bbox 216 3854 330 3925; x_wconf 77' lang='grc' dir='ltr'><strong><em>κατέστη</em></strong></span> <span class='ocrx_word' id='word_1_318' title='bbox 357 3854 455 3924; x_wconf 83' lang='grc' dir='ltr'><strong><em>σφίσιν</em></strong></span> <span class='ocrx_word' id='word_1_319' title='bbox 479 3854 493 3908; x_wconf 85' lang='grc' dir='ltr'><strong>ὁ</strong></span> <span class='ocrx_word' id='word_1_320' title='bbox 518 3853 619 3925; x_wconf 83' lang='grc' dir='ltr'><strong><em>κόσμος</em></strong></span> <span class='ocrx_word' id='word_1_321' title='bbox 647 3855 798 3924; x_wconf 85' lang='grc' dir='ltr'><strong><em>ὀλυμπιάδι</em></strong></span> <span class='ocrx_word' id='word_1_322' title='bbox 822 3854 926 3927; x_wconf 72' lang='grc' dir='ltr'><strong><em>ἑβδόμη</em></strong></span> <span class='ocrx_word' id='word_1_323' title='bbox 953 3857 1024 3924; x_wconf 86' lang='grc' dir='ltr'><strong><em>πρὸς</em></strong></span> <span class='ocrx_word' id='word_1_324' title='bbox 1052 3865 1113 3919; x_wconf 83' lang='grc' dir='ltr'><strong><em>ταῖς</em></strong></span> <span class='ocrx_word' id='word_1_325' title='bbox 1140 3856 1341 3928; x_wconf 74' lang='grc' dir='ltr'><strong><em>ἑβδομήκοντα,</em></strong></span> <span class='ocrx_word' id='word_1_326' title='bbox 1382 3856 1418 3910; x_wconf 85' lang='grc' dir='ltr'><strong>τὰ</strong></span> <span class='ocrx_word' id='word_1_327' title='bbox 1440 3859 1496 3924; x_wconf 81' lang='grc' dir='ltr'><strong><em>πρὸ</em></strong></span> 
     </span>
     <span class='ocr_line' id='line_1_35' title="bbox 216 3921 1495 3997; baseline 0.003 -18"><span class='ocrx_word' id='word_1_328' title='bbox 216 3926 321 3981; x_wconf 73' lang='grc' dir='ltr'><strong><em>τούτων</em></strong></span> <span class='ocrx_word' id='word_1_329' title='bbox 339 3925 371 3980; x_wconf 72' lang='grc' dir='ltr'><strong>δὲ</strong></span> <span class='ocrx_word' id='word_1_330' title='bbox 391 3926 436 3980; x_wconf 78' lang='grc' dir='ltr'><strong><em>ἐπί</em></strong></span> <span class='ocrx_word' id='word_1_331' title='bbox 458 3926 561 3997; x_wconf 74' lang='grc' dir='ltr'><strong><em>ἡμέρας</em></strong></span> <span class='ocrx_word' id='word_1_332' title='bbox 579 3921 648 3996; x_wconf 81' lang='grc' dir='ltr'><strong><em>ἦγον</em></strong></span> <span class='ocrx_word' id='word_1_333' title='bbox 666 3934 715 3996; x_wconf 82' lang='grc' dir='ltr'><strong>τῆς</strong></span> <span class='ocrx_word' id='word_1_334' title='bbox 733 3928 820 3996; x_wconf 76' lang='grc' dir='ltr'><strong><em>αὐτῆς</em></strong></span> <span class='ocrx_word' id='word_1_335' title='bbox 839 3925 940 3997; x_wconf 78' lang='grc' dir='ltr'><strong><em>ὁμοίως</em></strong></span> <span class='ocrx_word' id='word_1_336' title='bbox 958 3930 1006 3981; x_wconf 82' lang='grc' dir='ltr'><strong><em>καὶ</em></strong></span> <span class='ocrx_word' id='word_1_337' title='bbox 1025 3929 1187 3995; x_wconf 77' lang='grc' dir='ltr'><strong><em>ἀνθρώπων</em></strong></span> <span class='ocrx_word' id='word_1_338' title='bbox 1210 3930 1258 3981; x_wconf 82' lang='grc' dir='ltr'><strong>καλ</strong></span> <span class='ocrx_word' id='word_1_339' title='bbox 1277 3926 1371 3981; x_wconf 76' lang='grc' dir='ltr'><strong><em>ίππων</em></strong></span> <span class='ocrx_word' id='word_1_340' title='bbox 1390 3930 1495 3997; x_wconf 81' lang='grc' dir='ltr'><strong><em>ἀγῶνα.</em></strong></span> 
     </span>
     <span class='ocr_line' id='line_1_36' title="bbox 217 3996 1494 4068; baseline 0.002 -18"><span class='ocrx_word' id='word_1_341' title='bbox 217 3996 276 4052; x_wconf 84' lang='grc' dir='ltr'><strong><em>τότε</em></strong></span> <span class='ocrx_word' id='word_1_342' title='bbox 301 3997 332 4053; x_wconf 75' lang='grc' dir='ltr'><strong>δὲ</strong></span> <span class='ocrx_word' id='word_1_343' title='bbox 356 3998 544 4068; x_wconf 74' lang='grc' dir='ltr'><strong><em>προήχθησαν</em></strong></span> <span class='ocrx_word' id='word_1_344' title='bbox 567 3997 595 4061; x_wconf 73' lang='grc' dir='ltr'><strong>ἐς</strong></span> <span class='ocrx_word' id='word_1_345' title='bbox 618 3997 705 4052; x_wconf 84' lang='grc' dir='ltr'><strong><em>νάκτα</em></strong></span> <span class='ocrx_word' id='word_1_346' title='bbox 727 3998 753 4052; x_wconf 77' lang='grc' dir='ltr'><strong>οἱ</strong></span> <span class='ocrx_word' id='word_1_347' title='bbox 777 3997 1043 4068; x_wconf 78' lang='grc' dir='ltr'><strong><em>παγκρατιάζοντες,</em></strong></span> <span class='ocrx_word' id='word_1_348' title='bbox 1068 3998 1117 4053; x_wconf 78' lang='grc' dir='ltr'><strong>ἅτε</strong></span> <span class='ocrx_word' id='word_1_349' title='bbox 1136 4000 1169 4053; x_wconf 82' lang='grc' dir='ltr'><strong>οὐ</strong></span> <span class='ocrx_word' id='word_1_350' title='bbox 1189 3999 1261 4053; x_wconf 82' lang='grc' dir='ltr'><strong><em>κατά</em></strong></span> <span class='ocrx_word' id='word_1_351' title='bbox 1280 4000 1380 4068; x_wconf 83' lang='grc' dir='ltr'><strong><em>καιρὸν</em></strong></span> <span class='ocrx_word' id='word_1_352' title='bbox 1399 3999 1494 4068; x_wconf 80' lang='grc' dir='ltr'><strong><em>ἐσκλη-</em></strong></span> 
     </span>
     <span class='ocr_line' id='line_1_37' title="bbox 140 4067 1495 4139; baseline 0.002 -17"><span class='ocrx_word' id='word_1_353' title='bbox 140 4098 146 4111; x_wconf 85' lang='grc'><em>·</em></span> <span class='ocrx_word' id='word_1_354' title='bbox 214 4068 326 4137; x_wconf 68' lang='grc' dir='ltr'><strong><em>θέντες,</em></strong></span> <span class='ocrx_word' id='word_1_355' title='bbox 356 4070 442 4124; x_wconf 82' lang='grc' dir='ltr'><strong><em>αἴτιοι</em></strong></span> <span class='ocrx_word' id='word_1_356' title='bbox 470 4069 501 4124; x_wconf 75' lang='grc' dir='ltr'><strong>δὲ</strong></span> <span class='ocrx_word' id='word_1_357' title='bbox 530 4067 658 4139; x_wconf 75' lang='grc' dir='ltr'><strong><em>ἐγένοντο</em></strong></span> <span class='ocrx_word' id='word_1_358' title='bbox 683 4068 713 4123; x_wconf 82' lang='grc' dir='ltr'><strong>σί</strong></span> <span class='ocrx_word' id='word_1_359' title='bbox 736 4089 766 4124; x_wconf 86' lang='grc' dir='ltr'><strong>τε</strong></span> <span class='ocrx_word' id='word_1_360' title='bbox 790 4068 872 4124; x_wconf 82' lang='grc' dir='ltr'><strong><em>ίπποι</em></strong></span> <span class='ocrx_word' id='word_1_361' title='bbox 898 4071 947 4124; x_wconf 76' lang='grc' dir='ltr'><strong><em>καὶ</em></strong></span> <span class='ocrx_word' id='word_1_362' title='bbox 974 4070 1002 4133; x_wconf 75' lang='grc' dir='ltr'><strong>ἐς</strong></span> <span class='ocrx_word' id='word_1_363' title='bbox 1029 4068 1114 4125; x_wconf 73' lang='grc' dir='ltr'><strong><em>πλέον</em></strong></span> <span class='ocrx_word' id='word_1_364' title='bbox 1143 4070 1183 4124; x_wconf 83' lang='grc' dir='ltr'><strong>ἔτι</strong></span> <span class='ocrx_word' id='word_1_365' title='bbox 1206 4071 1225 4139; x_wconf 75' lang='grc' dir='ltr'>ἡ</span> <span class='ocrx_word' id='word_1_366' title='bbox 1248 4079 1303 4125; x_wconf 86' lang='grc' dir='ltr'><strong>τῶν</strong></span> <span class='ocrx_word' id='word_1_367' title='bbox 1326 4070 1495 4126; x_wconf 79' lang='grc' dir='ltr'><strong><em>πεντάθλων</em></strong></span> 
     </span>
     <span class='ocr_line' id='line_1_38' title="bbox 216 4138 1495 4211; baseline 0.002 -19"><span class='ocrx_word' id='word_1_368' title='bbox 216 4138 327 4209; x_wconf 75' lang='grc' dir='ltr'><strong><em>ἅμιλλα·</em></strong></span> <span class='ocrx_word' id='word_1_369' title='bbox 357 4143 404 4195; x_wconf 77' lang='grc' dir='ltr'><strong><em>καί</em></strong></span> <span class='ocrx_word' id='word_1_370' title='bbox 434 4140 543 4209; x_wconf 77' lang='grc' dir='ltr'><strong><em>ἐκράτει</em></strong></span> <span class='ocrx_word' id='word_1_371' title='bbox 570 4139 621 4210; x_wconf 76' lang='grc' dir='ltr'><strong>μὲν</strong></span> <span class='ocrx_word' id='word_1_372' title='bbox 645 4139 791 4210; x_wconf 74' lang='grc' dir='ltr'><strong><em>Ἀθηναῖος</em></strong></span> <span class='ocrx_word' id='word_1_373' title='bbox 815 4140 935 4204; x_wconf 82' lang='grc' dir='ltr'><strong><em>Καλλίας</em></strong></span> <span class='ocrx_word' id='word_1_374' title='bbox 961 4143 1026 4204; x_wconf 82' lang='grc' dir='ltr'><strong><em>τοὺς</em></strong></span> <span class='ocrx_word' id='word_1_375' title='bbox 1053 4142 1330 4211; x_wconf 88' lang='grc' dir='ltr'><strong><em>παγκρατιάσαντας,</em></strong></span> <span class='ocrx_word' id='word_1_376' title='bbox 1359 4140 1495 4211; x_wconf 70' lang='grc' dir='ltr'><strong><em>ἐμπόδιον</em></strong></span> 
     </span>
     <span class='ocr_line' id='line_1_39' title="bbox 217 4210 1471 4285; baseline 0.003 -21"><span class='ocrx_word' id='word_1_377' title='bbox 217 4210 247 4264; x_wconf 86' lang='grc' dir='ltr'><strong>δ’</strong></span> <span class='ocrx_word' id='word_1_378' title='bbox 268 4214 320 4267; x_wconf 75' lang='lat' dir='ltr'><strong>oda</strong></span> <span class='ocrx_word' id='word_1_379' title='bbox 339 4211 432 4283; x_wconf 78' lang='grc' dir='ltr'><strong><em>ἔμελλε</em></strong></span> <span class='ocrx_word' id='word_1_380' title='bbox 451 4210 613 4285; x_wconf 82' lang='grc' dir='ltr'><strong><em>παγκρατίῳ</em></strong></span> <span class='ocrx_word' id='word_1_381' title='bbox 632 4221 681 4266; x_wconf 83' lang='grc' dir='ltr'><strong>τοῦ</strong></span> <span class='ocrx_word' id='word_1_382' title='bbox 701 4218 799 4267; x_wconf 86' lang='grc' dir='ltr'><strong><em>λοιποῦ</em></strong></span> <span class='ocrx_word' id='word_1_383' title='bbox 818 4214 850 4266; x_wconf 84' lang='grc' dir='ltr'><strong>τὸ</strong></span> <span class='ocrx_word' id='word_1_384' title='bbox 869 4212 1042 4267; x_wconf 71' lang='grc' dir='ltr'><strong><em>πεντάθλιον</em></strong></span> <span class='ocrx_word' id='word_1_385' title='bbox 1062 4213 1128 4267; x_wconf 78' lang='grc' dir='ltr'><strong><em>οὐδὲ</em></strong></span> <span class='ocrx_word' id='word_1_386' title='bbox 1148 4214 1172 4267; x_wconf 87' lang='lat' dir='ltr'><strong>ol</strong></span> <span class='ocrx_word' id='word_1_387' title='bbox 1193 4211 1275 4268; x_wconf 76' lang='grc' dir='ltr'><strong><em>ι”πποι</em></strong></span> <span class='ocrx_word' id='word_1_388' title='bbox 1293 4213 1471 4283; x_wconf 75' lang='grc' dir='ltr'><strong><em>γενήσεσθαι,</em></strong></span> 
     </span>
    </p>
   </div>
   <div class='ocr_carea' id='block_1_4' title="bbox 304 4301 794 4371">
    <p class='ocr_par' dir='ltr' id='par_1_4' title="bbox 304 4301 794 4371">
     <span class='ocr_line' id='line_1_40' title="bbox 304 4301 794 4371; baseline 0.004 -17"><span class='ocrx_word' id='word_1_389' title='bbox 304 4305 331 4371; x_wconf 83' lang='lat' dir='ltr'><strong>a)</strong></span> <span class='ocrx_word' id='word_1_390' title='bbox 353 4301 432 4356; x_wconf 73' lang='lat' dir='ltr'><strong>arch.</strong></span> <span class='ocrx_word' id='word_1_391' title='bbox 448 4301 517 4355; x_wconf 81' lang='lat' dir='ltr'><strong>Zeit.</strong></span> <span class='ocrx_word' id='word_1_392' title='bbox 533 4306 601 4354; x_wconf 75' lang='lat' dir='ltr'><strong>iera</strong></span> <span class='ocrx_word' id='word_1_393' title='bbox 621 4319 647 4355; x_wconf 84' lang='lat' dir='ltr'><strong>n.</strong></span> <span class='ocrx_word' id='word_1_394' title='bbox 660 4306 718 4356; x_wconf 79' lang='grc' dir='ltr'><strong><em>ιιι.</em></strong></span> <span class='ocrx_word' id='word_1_395' title='bbox 735 4309 794 4357; x_wconf 83' lang='lat'>148.</span> 
     </span>
    </p>
   </div>
   <div class='ocr_carea' id='block_1_5' title="bbox 214 4388 1496 4748">
    <p class='ocr_par' dir='ltr' id='par_1_5' title="bbox 214 4388 1496 4748">
     <span class='ocr_line' id='line_1_41' title="bbox 304 4388 1495 4462; baseline 0 -18"><span class='ocrx_word' id='word_1_396' title='bbox 304 4394 332 4460; x_wconf 81' lang='grc'><strong>3)</strong></span> <span class='ocrx_word' id='word_1_397' title='bbox 356 4388 471 4459; x_wconf 84' lang='grc' dir='ltr'><strong><em>ὁπλίτην</em></strong></span> <span class='ocrx_word' id='word_1_398' title='bbox 494 4388 599 4460; x_wconf 77' lang='grc' dir='ltr'><strong><em>δρόμον</em></strong></span> <span class='ocrx_word' id='word_1_399' title='bbox 623 4394 673 4444; x_wconf 87' lang='lat' dir='ltr'><strong>aut</strong></span> <span class='ocrx_word' id='word_1_400' title='bbox 699 4391 745 4445; x_wconf 86' lang='lat' dir='ltr'><strong>hic</strong></span> <span class='ocrx_word' id='word_1_401' title='bbox 772 4395 822 4445; x_wconf 89' lang='lat' dir='ltr'><strong>aut</strong></span> <span class='ocrx_word' id='word_1_402' title='bbox 845 4409 930 4461; x_wconf 85' lang='lat' dir='ltr'><strong>supra</strong></span> <span class='ocrx_word' id='word_1_403' title='bbox 957 4391 1113 4445; x_wconf 88' lang='lat' dir='ltr'><strong>eiciendum</strong></span> <span class='ocrx_word' id='word_1_404' title='bbox 1140 4394 1195 4458; x_wconf 72' lang='lat' dir='ltr'><strong>est-3</strong></span> <span class='ocrx_word' id='word_1_405' title='bbox 1224 4391 1335 4445; x_wconf 85' lang='lat' dir='ltr'><strong>facilius</strong></span> <span class='ocrx_word' id='word_1_406' title='bbox 1361 4391 1495 4462; x_wconf 79' lang='lat' dir='ltr'><strong>explicari</strong></span> 
     </span>
     <span class='ocr_line' id='line_1_42' title="bbox 216 4460 1495 4532; baseline 0.001 -16"><span class='ocrx_word' id='word_1_407' title='bbox 216 4464 316 4531; x_wconf 72' lang='lat' dir='ltr'><strong>potest,</strong></span> <span class='ocrx_word' id='word_1_408' title='bbox 336 4463 476 4530; x_wconf 90' lang='lat' dir='ltr'><strong>quomodo</strong></span> <span class='ocrx_word' id='word_1_409' title='bbox 495 4460 587 4532; x_wconf 87' lang='lat' dir='ltr'><strong>priore</strong></span> <span class='ocrx_word' id='word_1_410' title='bbox 606 4461 668 4516; x_wconf 93' lang='lat' dir='ltr'><strong>loco</strong></span> <span class='ocrx_word' id='word_1_411' title='bbox 688 4461 869 4532; x_wconf 89' lang='lat' dir='ltr'><strong>interpolatio</strong></span> <span class='ocrx_word' id='word_1_412' title='bbox 886 4468 948 4517; x_wconf 83' lang='lat' dir='ltr'><strong>orta</strong></span> <span class='ocrx_word' id='word_1_413' title='bbox 967 4463 1017 4530; x_wconf 78' lang='lat' dir='ltr'><strong>sit3</strong></span> <span class='ocrx_word' id='word_1_414' title='bbox 1036 4479 1207 4531; x_wconf 88' lang='lat' dir='ltr'><strong>quamquam</strong></span> <span class='ocrx_word' id='word_1_415' title='bbox 1226 4464 1335 4518; x_wconf 91' lang='lat' dir='ltr'><strong>ratione</strong></span> <span class='ocrx_word' id='word_1_416' title='bbox 1354 4463 1383 4517; x_wconf 90' lang='lat' dir='ltr'><strong>in</strong></span> <span class='ocrx_word' id='word_1_417' title='bbox 1402 4463 1495 4517; x_wconf 89' lang='lat' dir='ltr'><strong>distri-</strong></span> 
     </span>
     <span class='ocr_line' id='line_1_43' title="bbox 215 4532 1496 4607; baseline 0 -20"><span class='ocrx_word' id='word_1_418' title='bbox 215 4533 332 4588; x_wconf 84' lang='lat' dir='ltr'><strong>buendis</strong></span> <span class='ocrx_word' id='word_1_419' title='bbox 352 4532 426 4587; x_wconf 86' lang='lat' dir='ltr'><strong>ludis</strong></span> <span class='ocrx_word' id='word_1_420' title='bbox 445 4532 518 4587; x_wconf 85' lang='lat' dir='ltr'><strong>inita</strong></span> <span class='ocrx_word' id='word_1_421' title='bbox 536 4532 655 4587; x_wconf 84' lang='lat' dir='ltr'><strong>alterum</strong></span> <span class='ocrx_word' id='word_1_422' title='bbox 680 4535 869 4589; x_wconf 85' lang='lat' dir='ltr'><strong>commendari</strong></span> <span class='ocrx_word' id='word_1_423' title='bbox 887 4535 1011 4601; x_wconf 81' lang='lat' dir='ltr'><strong>videtur,</strong></span> <span class='ocrx_word' id='word_1_424' title='bbox 1036 4538 1067 4588; x_wconf 86' lang='lat' dir='ltr'><strong>ut</strong></span> <span class='ocrx_word' id='word_1_425' title='bbox 1091 4534 1185 4589; x_wconf 91' lang='lat' dir='ltr'><strong>omnia</strong></span> <span class='ocrx_word' id='word_1_426' title='bbox 1209 4553 1312 4607; x_wconf 87' lang='lat' dir='ltr'><strong>genera</strong></span> <span class='ocrx_word' id='word_1_427' title='bbox 1331 4552 1427 4588; x_wconf 86' lang='lat' dir='ltr'><strong>cursus</strong></span> <span class='ocrx_word' id='word_1_428' title='bbox 1446 4535 1496 4588; x_wconf 92' lang='lat' dir='ltr'><strong>ho-</strong></span> 
     </span>
     <span class='ocr_line' id='line_1_44' title="bbox 214 4605 1494 4679; baseline 0 -21"><span class='ocrx_word' id='word_1_429' title='bbox 214 4605 320 4659; x_wconf 88' lang='lat' dir='ltr'><strong>minum</strong></span> <span class='ocrx_word' id='word_1_430' title='bbox 345 4605 436 4675; x_wconf 90' lang='lat' dir='ltr'><strong>primo</strong></span> <span class='ocrx_word' id='word_1_431' title='bbox 462 4605 521 4671; x_wconf 88' lang='lat' dir='ltr'><strong>dic,</strong></span> <span class='ocrx_word' id='word_1_432' title='bbox 548 4605 643 4658; x_wconf 89' lang='lat' dir='ltr'><strong>omnia</strong></span> <span class='ocrx_word' id='word_1_433' title='bbox 668 4622 802 4674; x_wconf 87' lang='lat' dir='ltr'><strong>equorum</strong></span> <span class='ocrx_word' id='word_1_434' title='bbox 827 4605 928 4659; x_wconf 88' lang='lat' dir='ltr'><strong>ultimo</strong></span> <span class='ocrx_word' id='word_1_435' title='bbox 954 4605 1000 4660; x_wconf 91' lang='lat' dir='ltr'><strong>die</strong></span> <span class='ocrx_word' id='word_1_436' title='bbox 1025 4606 1103 4660; x_wconf 79' lang='lat' dir='ltr'><strong>lacta</strong></span> <span class='ocrx_word' id='word_1_437' title='bbox 1129 4623 1189 4662; x_wconf 84' lang='lat' dir='ltr'><strong>esse</strong></span> <span class='ocrx_word' id='word_1_438' title='bbox 1215 4612 1353 4679; x_wconf 84' lang='lat' dir='ltr'><strong>putemus.</strong></span> <span class='ocrx_word' id='word_1_439' title='bbox 1391 4606 1494 4659; x_wconf 88' lang='lat' dir='ltr'><strong>Verum</strong></span> 
     </span>
     <span class='ocr_line' id='line_1_45' title="bbox 215 4675 1495 4748; baseline -0.002 -18"><span class='ocrx_word' id='word_1_440' title='bbox 215 4675 329 4746; x_wconf 84' lang='grc' dir='ltr'><strong><em>ὁπλίτην</em></strong></span> <span class='ocrx_word' id='word_1_441' title='bbox 352 4675 457 4747; x_wconf 77' lang='grc' dir='ltr'><strong><em>δρόμον</em></strong></span> <span class='ocrx_word' id='word_1_442' title='bbox 481 4676 612 4731; x_wconf 89' lang='lat' dir='ltr'><strong>ultimum</strong></span> <span class='ocrx_word' id='word_1_443' title='bbox 639 4676 731 4731; x_wconf 85' lang='lat' dir='ltr'><strong>locum</strong></span> <span class='ocrx_word' id='word_1_444' title='bbox 754 4676 784 4731; x_wconf 92' lang='lat' dir='ltr'><strong>in</strong></span> <span class='ocrx_word' id='word_1_445' title='bbox 811 4677 949 4748; x_wconf 78' lang='lat' dir='ltr'><strong>gymnicis</strong></span> <span class='ocrx_word' id='word_1_446' title='bbox 973 4676 1172 4732; x_wconf 84' lang='lat' dir='ltr'><strong>certaminibus</strong></span> <span class='ocrx_word' id='word_1_447' title='bbox 1200 4679 1354 4733; x_wconf 86' lang='lat' dir='ltr'><strong>obtinuisse</strong></span> <span class='ocrx_word' id='word_1_448' title='bbox 1383 4680 1495 4731; x_wconf 83' lang='lat' dir='ltr'><strong>constat</strong></span> 
     </span>
    </p>
   </div>
   <div class='ocr_carea' id='block_1_6' title="bbox 214 4747 1494 4891">
    <p class='ocr_par' dir='ltr' id='par_1_6' title="bbox 214 4747 1494 4891">
     <span class='ocr_line' id='line_1_46' title="bbox 214 4747 1494 4837; baseline -0.001 -36"><span class='ocrx_word' id='word_1_449' title='bbox 214 4748 298 4803; x_wconf 82' lang='lat' dir='ltr'><strong>etiam</strong></span> <span class='ocrx_word' id='word_1_450' title='bbox 322 4748 485 4835; x_wconf 72' lang='lat' dir='ltr'><strong>testimonio</strong></span> <span class='ocrx_word' id='word_1_451' title='bbox 509 4748 680 4803; x_wconf 81' lang='lat' dir='ltr'><strong>Artemidori</strong></span> <span class='ocrx_word' id='word_1_452' title='bbox 697 4768 707 4802; x_wconf 87' lang='lat'>1</span> <span class='ocrx_word' id='word_1_453' title='bbox 726 4754 773 4834; x_wconf 55' lang='lat' dir='ltr'><strong>dd:</strong></span> <span class='ocrx_word' id='word_1_454' title='bbox 801 4751 833 4803; x_wconf 81' lang='grc' dir='ltr'><strong>τὸ</strong></span> <span class='ocrx_word' id='word_1_455' title='bbox 861 4747 892 4802; x_wconf 73' lang='grc' dir='ltr'><strong>δὲ</strong></span> <span class='ocrx_word' id='word_1_456' title='bbox 920 4748 1006 4803; x_wconf 82' lang='grc' dir='ltr'><strong><em>ὅπλον</em></strong></span> <span class='ocrx_word' id='word_1_457' title='bbox 1034 4747 1183 4837; x_wconf 82' lang='grc' dir='ltr'><strong><em>λεγόμενον</em></strong></span> <span class='ocrx_word' id='word_1_458' title='bbox 1212 4751 1256 4806; x_wconf 80' lang='grc' dir='ltr'><strong>ἐπὶ</strong></span> <span class='ocrx_word' id='word_1_459' title='bbox 1284 4749 1400 4804; x_wconf 86' lang='grc' dir='ltr'><strong><em>πάντων</em></strong></span> <span class='ocrx_word' id='word_1_460' title='bbox 1425 4757 1494 4801; x_wconf 81' lang='grc' dir='ltr'><strong><em>πᾶσι</em></strong></span> 
     </span>
     <span class='ocr_line' id='line_1_47' title="bbox 214 4818 1155 4891; baseline 0.006 -18"><span class='ocrx_word' id='word_1_461' title='bbox 214 4826 356 4889; x_wconf 85' lang='grc' dir='ltr'><strong><em>καρολκας</em></strong></span> <span class='ocrx_word' id='word_1_462' title='bbox 374 4818 516 4891; x_wconf 80' lang='grc' dir='ltr'><strong><em>σημαίνει·</em></strong></span> <span class='ocrx_word' id='word_1_463' title='bbox 536 4824 694 4876; x_wconf 81' lang='grc' dir='ltr'><strong><em>τελευταῖον</em></strong></span> <span class='ocrx_word' id='word_1_464' title='bbox 713 4842 766 4891; x_wconf 87' lang='grc' dir='ltr'><strong><em>γαρ</em></strong></span> <span class='ocrx_word' id='word_1_465' title='bbox 785 4822 832 4875; x_wconf 80' lang='grc' dir='ltr'><strong><em>καί</em></strong></span> <span class='ocrx_word' id='word_1_466' title='bbox 852 4818 897 4875; x_wconf 71' lang='grc' dir='ltr'><strong><em>ἐπὶ</em></strong></span> <span class='ocrx_word' id='word_1_467' title='bbox 917 4830 986 4875; x_wconf 81' lang='grc' dir='ltr'><strong><em>πᾶσι</em></strong></span> <span class='ocrx_word' id='word_1_468' title='bbox 1005 4822 1036 4877; x_wconf 86' lang='grc' dir='ltr'><strong>τὸ</strong></span> <span class='ocrx_word' id='word_1_469' title='bbox 1056 4825 1155 4879; x_wconf 82' lang='grc' dir='ltr'><strong><em>αθλον.</em></strong></span> 
     </span>
    </p>
   </div>
   <div class='ocr_carea' id='block_1_7' title="bbox 0 0 1726 5550">
    <p class='ocr_par' dir='ltr' id='par_1_7' title="bbox 0 0 1726 5550">
     <span class='ocr_line' id='line_1_48' title="bbox 0 0 1726 5550; baseline 0 1"><span class='ocrx_word' id='word_1_470' title='bbox 0 0 1726 5550; x_wconf 95' lang='lat' dir='ltr'><strong> </strong></span> 
     </span>
    </p>
   </div>
  </div>
 </body>
</html>
