3442 5550
705 383 864 433 OLYMPIA
882 383 915 434 X.

335 541 415 627 έμὸν
437 546 634 626 καταίσχυνε
657 546 748 627 βαθὺ
772 541 876 627 χρέος.

334 650 422 733 ὅμως
446 646 480 713 δὲ
506 655 603 714 λῦσαι
628 652 769 726 δυνατὸς
792 649 873 728 ὀξεῖ-

386 780 428 820 ιιν
452 756 641 841 ἐπιμομφὰν
665 760 761 833 τόκος
783 757 903 842 ὁμαρτ-

387 864 463 948 {quw
488 873 552 929 νῦν
574 873 689 947 ψᾶφον
712 861 928 948 ἑλισσομέναν

333 971 397 1035 όπα
419 980 507 1055 κῦμα
529 971 745 1035 κατακλύσσει
769 969 862 1056 ῥέον,

333 1077 397 1142 ὅπα
421 1101 454 1142 τε
477 1079 591 1143 κοινὸν
615 1080 717 1160 λόγον

334 1188 437 1268 φίλαν
460 1189 593 1270 τίσομεν
612 1185 645 1261 ές
668 1186 774 1270 χάριν.

334 1397 424 1482 νέμει
448 1401 511 1483 γὰρ
530 1398 696 1485 Ἀτρέκεια
718 1401 817 1464 πόλιν

389 1508 531 1587 Λοκρῶν
555 1508 747 1589 Ζεφυρίων,

334 1611 423 1696 μέλει
446 1610 483 1676 τέ
503 1628 599 1694 σφισι
624 1615 796 1676 Καλλιόπα

256 1736 288 1784 15
332 1716 388 1783 καὶ
411 1720 546 1802 χάλκεος
560 1716 675 1803 Ἄρης·
699 1720 800 1803 τράπε
824 1715 860 1782 δὲ
884 1719 973 1782 Κόκ-

388 1849 460 1890 νεια
483 1826 569 1910 μάχα
592 1823 647 1890 κιιλ
670 1825 832 1910 ὑπέρβιον
1311 1843 1346 1890 ‘20

175 1970 216 1978 ...—

247 2061 272 2109 8.
291 2055 459 2123 καταίσχυνε
477 2052 604 2108 Boeckh.
628 2053 807 2124 καταισχύνει
827 2054 888 2108 AB
894 2053 961 2121 OD
985 2054 1141 2137 κατῄσχυνε
1157 2055 1287 2141 Bm-
1256 2057 1396 2127 -βραχλι
1415 2055 1453 2109 A¹

176 2131 254 2180 -9,
275 2124 449 2213 hippopodes
467 2124 538 2180 coni.
555 2124 734 2179 Gmmme—
749 2122 829 2187 τόκος
843 2095 986 2194 ὁμαρτέων
1001 2125 1112 2195 scripsi:
1132 2123 1213 2190 τόκος
1227 2131 1343 2181 θνατῶν
1359 2126 1452 2181 ABD

178 2201 207 2252 et
225 2196 321 2264 schol,
340 2195 471 2266 γετόκος
488 2201 605 2250 θνατῶν
626 2197 654 2261 O,
673 2193 787 2258 ὁτόκος
805 2197 919 2265 ἀνδρῶν
936 2197 974 2250 Β
965 2213 1015 2283 χι
1041 2203 1122 2287 τόκρς
1141 2195 1271 2252 όπαδέων
1289 2198 1452 2266 Mommsen,

175 2266 258 2332 τόκος
280 2219 389 2335 όνιίτωρ
412 2268 568 2335 Hermann
591 2265 673 2330 τόκος
691 2266 706 2320 ό
724 2276 832 2322 ναυτᾶν
855 2267 961 2339 Bergk,
980 2266 1072 2330 τόκος·
1092 2268 1171 2337 ὁρᾶτ’
1193 2264 1232 2324 ὧν
1251 2269 1453 2334 Schneidewin

173 2338 266 2403 τόκος·
290 2341 392 2408 &tipum
394 2357 425 2393 εν
447 2311 690 2394 Wiskeniann—
714 2345 755 2393 13.
779 2338 798 2393 ολ
822 2348 937 2410 τραχεια
960 2337 1039 2402 πόλις
1063 2358 1087 2395 ι.
1107 2339 1126 2395 l
1146 2340 1286 2396 schol—
1312 2338 1391 2395 πόλιν
1416 2344 1454 2394 A·

173 2412 275 2467 Bor).
299 2360 392 2474 πόλιςμ
402 2409 497 2465 A¹-
517 2416 558 2466 14.
582 2407 658 2481 μέλει
676 2411 716 2465 A:
740 2407 829 2480 μέλλει
848 2411 990 2465 BGD—
1010 2429 1069 2480 σφι
1079 2411 1159 2465 A—
1180 2417 1221 2467 15
1241 2412 1367 2467 Κύκνεια
1385 2412 1453 2465 Her-

173 2552 317 2624 proprium
342 2555 386 2607 est
410 2552 532 2607 hominis
557 2552 776 2607 remorantis-
796 2558 820 2609 8.
845 2550 946 2606 καταλσ
946 2571 1025 2623 χ·υνε
1051 2571 1138 2623 grave
1163 2557 1193 2609 et
1217 2557 1311 2643 turpe
1326 2555 1453 2609 debitum

174 2642 267 2679 meum
289 2624 450 2678 fmstrando
478 2641 556 2678 mora
584 2624 723 2691 reddidit,
751 2624 1111 2695 cf.Plat.symp.p.1sso
1133 2627 1252 2691 πολλονς
1280 2623 1378 2697 λόγους
1404 2628 1454 2681 καλ

174 2693 336 2767 ὑποσχέσεις
345 2696 579 2766 καταισχύνας-
543 2667 723 2759 -.9τόκος·’
730 2700 840 2750 veteres
850 2694 1030 2778 grammatici
1040 2698 1194 2753 carmenO
1204 2716 1232 2751 ιι
1245 2697 1453 2781 intellexerunt,

175 2772 321 2837 λιιιιιριιιιιι
348 2767 447 2822 foenus
472 2767 560 2838 capiti
586 2767 629 2836 (0.
651 2769 680 2836 x)
705 2767 847 2834 additum;
876 2784 948 2836 quae
967 2767 1170 2851 interpretatio
1196 2769 1262 2823 feni
1287 2769 1399 2838 nequit,
1429 2770 1454 2822 si

176 2838 349 2894 Boeclrhium
368 2841 480 2893 secutus
499 2856 611 2893 carmen
629 2837 701 2892 illud
716 2837 863 2908 Olympiae
882 2839 973 2908 post'
965 2856 1057 2909 ipsam
1070 2839 1219 2894 victoriam
1233 2844 1379 2894 cantatum
1393 2857 1453 2895 esse

175 2910 522 2978 statuas3seds1meam
543 2910 710 2964 sententiam
731 2911 769 2963 ad
790 2913 864 2964 (ιιι
885 2909 1025 2979 prolatam
1065 2911 1224 2978 robaveris,
1248 2912 1318 2965 bene
1339 2914 1453 2981 poetam

177 2954 316 3037 dicentein
335 2981 432 3049 facies,
451 2981 557 3035 crimen
574 2998 698 3035 remorae
718 2998 747 3035 se
766 2981 880 3035 abluere
898 2997 954 3034 non
973 2984 1032 3034 tam
1046 2929 1224 3050 iongo
1155 2982 1284 3050 carmine,
1302 2982 1377 3050 quod
1397 3000 1454 3036 una

173 3070 238 3108 cnm
256 3070 291 3108 ca
311 3053 350 3107 ite
369 3025 468 3107 foerius
488 3052 581 3107 solvat
589 3069 699 3121 ,quam
719 3052 827 3106 dnobus
847 3051 1018 3105 carminibus
1024 3069 1169 3120 ,quorum
1187 3069 1273 3105 unum
1291 3053 1345 3140 (01
1360 3058 1388 3121 ι)
1407 3071 1452 3107 ca-

173 3124 254 3216 pitis,
279 3072 400 3178 aiterum
419 3123 528 3193 (0111)
547 3096 668 3178 foenoris
687 3122 748 3177 vice
771 3123 957 3205 fungatur·
979 3121 1117 3189 ιαόπα,
1143 3122 1219 3191 quod
1241 3140 1291 3193 pro
1315 3122 1389 3187 ὅπως
1407 3125 1452 3178 vel

173 3198 210 3259 ὡς
227 3195 316 3250 ctiam
329 3214 356 3250 ι.
371 3212 397 3251 se
453 3198 501 3250 eta
523 3194 632 3266 posuit,
658 3198 702 3249 est
726 3193 914 3263 exhortantis,
942 3194 1054 3265 copiam
1079 3165 1174 3248 mitem
1200 3194 1335 3249 orationis
1360 3196 1452 3249 undae

173 3266 253 3322 fluvii
279 3266 393 3337 lapillos
431 3266 511 3321 itoris
535 3265 678 3320 volutatos
706 3265 847 3319 haurienti
873 3268 901 3319 et
926 3265 1065 3320 auferenti
1090 3269 1249 3348 comparat,
1276 3283 1346 3348 para
1347 3265 1452 3321 tactica

175 3340 317 3393 structura
335 3337 472 3393 orationis
491 3355 609 3391 usus—
637 3344 678 3392 λλ
704 3338 802 3392 κοινόν
827 3333 924 3404 λόγον
950 3337 1089 3391 rationem
1112 3337 1187 3392 inter
1204 3338 1406 3407 Agesidamum
1424 3341 1454 3392 et

172 3409 326 3535 Pindarum
346 3412 521 3463 contractam
540 3412 605 3479 post
622 3408 777 3478 Kayserum
796 3408 944 3462 Meinelius
966 3411 1156 3490 (prognem
1088 3406 1156 3462 Cam
1177 3408 1263 3463 oduni
1284 3412 1396 3480 189ομ
1417 3411 1453 3477 se)

203 3484 387 3549 tetstatur
411 3497 484 3549 quae
508 3481 622 3548 quidem
645 3479 820 3550 interpretat
812 3497 840 3534 ιο
859 3479 887 3533 ιλ
907 3480 1027 3562 cognati
997 3480 1175 3534 trocab
1167 3499 1177 3534 1
1202 3484 1353 3548 συνθηκῶν
1379 3496 1452 3534 com·

173 3570 238 3607 men
260 3556 325 3606 atur
343 3555 373 3606 et
389 3551 476 3605 verbo
495 3552 643 3606 coniuncto
657 3549 769 3621 τίσομεν
788 3550 893 3621 optime
913 3551 1043 3605 convenit
1045 3568 1242 3620 ,quamquam
1261 3551 1361 3605 similis
1376 3551 1452 3605 locu·

173 3623 214 3678 tio
233 3623 318 3691 ξυνὸς
335 3620 416 3693 λόγος
435 3623 465 3679 Ο
484 3641 523 3675 vn
541 3639 566 3677 ss
586 3639 700 3676 causam
719 3639 894 3677 communem
912 3625 942 3676 et
960 3595 1114 3677 oratidnem
1134 3625 1169 3677 au
1190 3640 1300 3678 omnem
1318 3623 1453 3693 populum

172 3695 361 3765 pertinentem
387 3694 588 3765 significat—
616 3700 656 3748 13.
680 3693 738 3763 Ἀτρ
741 3692 830 3748 έκεια·
857 3693 972 3763 respicit
995 3694 1104 3748 sincera
1126 3694 1233 3748 indicia
1252 3694 1401 3749 Locrorum
1424 3697 1454 3748 et

172 3782 231 3821 ram
259 3765 404 3855 publicam
431 3764 543 3835 legibus
573 3765 685 3819 Zaleuci
713 3765 818 3835 optime
847 3767 1049 3835 temperatam
1086 3765 1121 3821 cs.
1145 3765 1217 3820 Plat
1242 3766 1363 3822 Timeo
1377 3791 1391 3820 ι
1418 3797 1453 3806 -

173 3844 215 3893 15.
238 3837 328 3905 τρέπε
352 3835 383 3891 δὲ
407 3837 532 3891 Κύκνεια
557 3835 645 3918 μάχα
673 3853 729 3890 non
757 3836 801 3890 Pa
820 3836 1010 3890 Hesiodum
1002 3855 1031 3891 ιιι
1059 3837 1143 3890 Scuto
1171 3836 1300 3891 Herculis
1347 3855 1365 3891 u

173 3908 302 3964 Herculis
316 3926 380 3963 cum
395 3907 497 3977 Cycno,
512 3907 612 3961 Martis
626 3907 716 3975 filios
709 3926 737 3960 sn
751 3907 815 3962 luco
829 3907 968 3976 Apollinis
978 3908 1123 3978 Pagasaeo
1138 3908 1368 3962 narrantemin

172 3981 313 4049 sequitur,
340 3980 389 4033 sed
408 3979 610 4047 Stesichorum,
634 3981 748 4061 poetam
767 3979 862 4032 locris
881 3979 1042 4048 oriundum,
1066 3996 1148 4061 quem
1167 3980 1197 4033 in
1216 3980 1338 4034 carmine
1357 3923 1453 4049 aliqmuo

171 4068 302 4106 narrasse
321 4050 475 4105 scholiasta
493 4023 623 4118 testatui,
643 4049 765 4120 primum
783 4050 932 4104 Herculem
951 4024 1043 4120 Cycno
1062 4050 1178 4105 cessisse
1198 4055 1227 4105 et
1245 4051 1361 4139 fugisse.
1398 4051 1453 4107 Sed

171 4139 306 4192 quorsum
332 4123 419 4176 haec?
445 4121 600 4209 scholiasta
624 4121 782 4192 respondit:
815 4120 957 4191 τοιγάρτοι
986 4121 1035 4176 διὰ
1064 4123 1096 4176 τὸ
1126 4123 1174 4176 καλ
1199 4122 1249 4176 τὸν
1276 4121 1453 4211 Αγησίδαμον

171 4194 352 4264 ἀπολήγοντα
376 4192 471 4262 ἥλιχ’
458 4192 513 4247 υπὸ
535 4191 643 4247 ’λολιλου
669 4190 801 4247 αλείπτου
827 4194 1022 4261 ἁνιρρῶσθαι,
1049 4191 1160 4256 εἰκότως
1181 4202 1270 4248 ταῦτα
1290 4193 1452 4264 ἐπηγάγετο.

172 4266 267 4335 Atque
280 4264 483 4334 Agesidamum
497 4281 552 4318 non
566 4264 657 4334 primo
671 4263 777 4333 impetn
793 4264 985 4318 adversarium
999 4264 1124 4346 pugilem
1138 4264 1282 4332 deiecisse,
1299 4266 1349 4319 sed
1363 4265 1453 4320 multo

174 4352 238 4391 cum
258 4337 360 4391 sudore
377 4336 504 4406 palmam
522 4352 606 4406 aegre
625 4334 725 4389 tulisse
744 4339 901 4460 sequentes
912 4352 1008 4389 versus
1026 4336 1172 4406 perspicue
1191 4335 1326 4392 indicant.
1355 4336 1452 4391 Nihilo

175 4410 271 4462 tamen
290 4407 381 4462 secius
400 4411 504 4488 temere
523 4408 590 4460 ficta
613 4406 670 4460 ista
688 4424 706 4460 a
724 4406 917 4478 grammaticis
936 4407 1074 4462 videntur
1112 4408 1240 4476 Namque
1259 4407 1366 4479 aliptae
1385 4425 1452 4477 quo-

172 4479 266 4533 minus
288 4478 435 4549 discipulis
458 4477 517 4532 suis
536 4478 732 4532 laborantibus
752 4478 945 4546 subvenirent,
964 4477 1075 4549 legibus
1094 4478 1197 4534 severis
1216 4427 1353 4550 prohibiti
1373 4481 1454 4534 erant

172 4556 208 4620 (ι
226 4550 266 4604 Io
286 4549 427 4620 Chrysost.
448 4567 493 4620 ap.
512 4549 553 4603 Mi
594 4566 655 4604 erv
674 4568 734 4620 ap.
754 4567 793 4631 ssu
781 4553 841 4603 ret
859 4553 916 4631 sss).
955 4548 1015 4615 Quo
1044 4567 1106 4604 cum
1134 4551 1264 4619 accedat,
1288 4548 1363 4619 quod
1405 4549 1451 4603 άλ-

172 4556 294 4690 κεοςἎρ
296 4621 383 4690 quud
403 4621 493 4689 ludos,
512 4568 614 4689 quibiis
634 4621 671 4674 ab
690 4620 784 4675 aeneis
804 4621 889 4674 armis
899 4553 973 4675 iabst
975 4621 1102 4689 inebant,
1124 4639 1223 4692 parum
1241 4621 1378 4691 pertinet,
1423 4637 1452 4673 a·

173 4693 253 4762 lelio,
272 4642 394 4748 Dilucid.
414 4692 494 4746 Pind.
513 4711 541 4761 p
556 4710 608 4759 a.,u
628 4691 797 4762 adstipnlor,
821 4692 870 4760 qui
892 4691 943 4746 illa
961 4693 1049 4748 verba
1067 4667 1105 4747 ad
1123 4693 1228 4747 bellum
1246 4693 1284 4746 ab
1302 4692 1452 4762 Anaxilao,

171 4737 294 4834 tyrarino
313 4764 413 4834 Rhegi
406 4783 424 4833 1,
443 4764 538 4818 Locris
558 4734 668 4816 illsitum
675 4764 776 4832 ,quod
796 4763 907 4818 fortiter
924 4763 969 4818 illi
986 4765 1107 4835 primum
1126 4764 1339 4847 propulsassent
1357 4763 1402 4833 (cf.
1421 4736 1452 4819 P.

173 4854 194 4890 n
208 4841 255 4907 rs),
274 4836 422 4890 referenda
442 4851 503 4889 esse
520 4833 666 4890 iudicavit.
704 4835 750 4890 Sic
772 4835 860 4905 igitur
878 4838 1047 4891 sententiam
1070 4836 1219 4906 procedere
1243 4836 1348 4892 sentio:
1371 4834 1452 4890 Locri

224 4937 352 4978 Ρικιιιιιιιι
365 4936 401 4976 cd.
415 4933 521 4975 Christ.
1222 4931 1238 4981 6
