3442 5550
59 1292 123 1351 (0.,οΙ
147 1272 232 1331 ‘'hl''

297 389 441 445 XXXVIII
808 391 1085 444 PROLEGOMENA.

299 578 339 619 ex
362 553 448 619 binis
473 553 553 619 colis
577 557 765 619 constantes
787 553 823 617 in
846 553 957 619 eadem
977 553 1112 638 stropha
1132 552 1297 639 longiores
1315 553 1466 637 periodos
1485 551 1587 619 trium

299 662 483 747 pluriumve
515 661 736 725 membrorum
768 683 924 745 usurpare
958 665 991 725 et
1024 660 1095 726 cola
1116 660 1302 747 longiorum
1337 683 1488 726 versuum
1519 683 1587 727 non

300 769 407 834 minus
432 791 528 853 quam
556 768 741 833 breviorum
769 768 996 834 communione
1025 768 1196 833 verborum
1220 766 1415 856 (συναφείᾳ)
1446 769 1587 834 conflare

299 877 386 941 inter
406 898 440 940 se
459 880 492 940 01
511 880 724 941 concatenare
742 875 859 940 solitus
874 879 931 940 est.
969 873 1172 959 Quamquam
1191 874 1294 960 igitur
1307 875 1438 940 Pindari
1458 898 1587 961 quoque

299 1006 413 1048 versus
431 983 577 1068 plerique
593 1006 631 1047 cx
645 982 732 1047 binis
747 983 827 1048 colis
847 986 999 1049 constant
1017 1004 1122 1066 neque
1142 983 1285 1047 carmina
1304 984 1428 1068 desunt,
1448 1006 1587 1068 quorum

300 1114 412 1156 versus
437 1112 550 1155 omnes
573 1090 769 1155 bimembres
793 1090 860 1155 sint
884 1094 921 1154 01
944 1089 978 1154 P.
996 1107 1056 1175 ΧΠ,
1079 1093 1189 1155 tamen
1214 1095 1290 1155 0001
1308 1089 1364 1154 0111
1384 1090 1484 1156 trium
1503 1091 1589 1156 colo·

300 1221 382 1283 rum,
406 1201 443 1262 ut
467 1196 584 1281 0.16,
608 1219 656 1281 ep.
677 1199 705 1262 8.
738 1195 877 1273 P„1x5.
910 1196 950 1262 Ν.
970 1215 995 1260 11
1016 1199 1046 1280 4,
1070 1196 1126 1260 alii
1150 1200 1303 1282 quatuor,
1331 1201 1369 1262 ut
1391 1195 1425 1262 P.
1444 1215 1470 1262 11
1493 1221 1541 1282 ep.
1560 1202 1587 1263 1.

297 1305 388 1396 aab.
420 1304 461 1370 N.
480 1323 503 1367 v
525 1308 551 1369 1.
580 1307 665 1369 1x4.
699 1303 804 1368 114.
837 1321 886 1368 vn
906 1307 941 1388 5,
973 1303 1028 1368 alii
1057 1303 1194 1388 denique
1223 1303 1364 1388 quinque
1389 1302 1438 1391 (P.
1457 1324 1470 1368 1
1490 1303 1525 1393 6)
1554 1310 1587 1370 01

301 1414 425 1496 septem
450 1409 595 1475 colorum
620 1409 659 1496 (1.
678 1427 742 1473 001
761 1407 805 1497 5).
847 1407 1019 1474 Praeterea
1040 1409 1103 1474 hoc
1128 1410 1267 1475 maxime
1293 1416 1392 1495 poeta
1414 1411 1588 1477 Thebanus
1649 1435 1651 1438 ⁴

301 1517 476 1601 adamavit,
507 1520 544 1580 01
569 1515 640 1581 0010
665 1515 796 1580 001001
823 1516 972 1601 pluribus
999 1516 1095 1581 iustis
1123 1517 1253 1581 brevem
1282 1518 1420 1602 epodum
1448 1515 1590 1605 (clausu-

300 1625 381 1712 lam)
405 1626 541 1690 duorum
565 1623 616 1687 001
640 1623 738 1687 trium
761 1623 880 1707 pedum
904 1622 1075 1709 subiceret,
1097 1644 1343 1707 nonnumquam
1362 1625 1461 1690 etiam
1479 1627 1585 1692 basim

301 1734 435 1797 duarum
459 1731 631 1817 longarum
655 1728 706 1817 (Ο.
726 1749 748 1792 v
769 1731 797 1794 1.
818 1731 846 1794 2.
871 1751 919 1816 ep.
943 1733 969 1794 1.
988 1732 1017 1794 2.
1050 1730 1085 1795 Ρ.
1104 1749 1116 1792 1
1135 1732 1164 1796 3.
1193 1727 1341 1817 I.V115)
1368 1732 1421 1796 001
1448 1733 1586 1798 duorum

300 1840 484 1905 iamborum
508 1835 556 1924 (P.
576 1855 601 1901 11
621 1859 669 1921 ep.
689 1838 717 1902 5.
742 1855 777 1901 vr
797 1841 821 1902 l.
845 1855 908 1901 vm
927 1858 974 1921 ep.
989 1838 1020 1901 4.
1043 1835 1083 1901 N.
1099 1854 1137 1900 111
1151 1839 1181 1902 4.
1205 1837 1246 1902 N.
1261 1855 1310 1901 00
1324 1839 1354 1903 4.
1374 1860 1422 1923 ep.
1440 1837 1473 1926 l)
1493 1862 1588 1924 prae-

301 1947 454 2012 mitteret.
497 1943 547 2008 Ne
572 1951 609 2008 tu
631 1942 747 2031 igitur,
775 1945 909 2010 candide
932 1943 1049 2027 lector,
1079 1944 1117 2008 de
1139 1943 1395 2010 inconcinnitate
1418 1947 1587 2012 0110000-

301 2053 424 2118 stantia
453 2051 583 2116 Pindari
618 2051 763 2136 queraris
792 2051 924 2135 eiusque
956 2055 1108 2115 naturam
1136 2050 1275 2117 modulis
1302 2051 1587 2135 pusillanimorum

301 2160 463 2225 artificum
487 2158 648 2241 metiaris,
675 2159 775 2223 immo
800 2163 835 2221 10
859 2157 921 2223 hoo
944 2157 1106 2243 ingeniosi
1129 2163 1245 2243 poetae
1268 2180 1339 2224 esse
1363 2160 1476 2244 ducas,
1500 2162 1588 2245 quod

300 2290 366 2332 000
394 2266 487 2330 exilis
516 2268 548 2330 01
570 2265 697 2330 1010000
727 2265 894 2330 doctrinae
921 2265 1103 2350 praeceptis
1132 2287 1223 2329 suam
1251 2271 1354 2331 artem
1384 2268 1589 2355 constrinxit,

302 2374 357 2440 sed
379 2374 481 2438 libere
505 2373 706 2458 exspatiatus
729 2372 820 2437 varia
843 2394 962 2458 genera
984 2372 1164 2437 carminum
1192 2377 1225 2436 et
1251 2394 1402 2438 versuum
1434 2374 1587 2460 amplecti

301 2477 426 2544 maluit.

391 2586 445 2681 De
456 2586 629 2676 colorum
643 2585 793 2651 finibus
808 2587 1004 2672 scriptura
1019 2585 1305 2671 significandis.
1326 2587 1376 2651 Ad
1386 2593 1587 2673 postremum

301 2676 420 2779 paucis„
435 2694 627 2759 adumbrare
652 2693 757 2757 visum
781 2698 841 2778 est,
864 2692 960 2777 quain
984 2691 1070 2756 riam
1093 2692 1135 2756 ad
1150 2692 1328 2758 'indicanda
1346 2694 1418 2759 cola
1436 2717 1587 2761 versuum

302 2801 469 2888 ingressus
494 2801 564 2865 sim.
606 2799 714 2885 Atque
739 2822 837 2884 supra
859 2799 925 2863 iam
948 2799 1014 2863 dixi
1034 2821 1186 2865 versuum
1205 2798 1586 2886 dactylo-epitriticorum

261 2940 265 2947 ·
303 2908 374 2974 cola
397 2907 476 2972 solis
500 2905 534 2971 in
557 2907 741 2991 schematis,
764 2929 831 2972 non
849 2906 948 2971 etiam
967 2907 1002 2970 in
1021 2908 1194 2973 verborum
1213 2912 1305 2972 textu
1324 2931 1344 2972 a
1362 2930 1413 2973 me
1433 2909 1588 2976 divisast

259 3020 263 3041 ·’
303 3014 445 3080 indicata
462 3036 540 3079 esse.
578 3014 668 3080 Idem
687 3014 786 3079 etiam
805 3014 839 3078 in
857 3013 1056 3099 logaoedicis
1076 3015 1222 3080 versibus
1240 3036 1485 3100 nonnumquam
1503 3039 1588 3083 com-

258 3110 261 3115 ’
303 3121 498 3193 mittendum
526 3122 652 3207 putavi,
685 3122 713 3186 si
742 3122 814 3187 cola
841 3120 1046 3186 breviuscula
1074 3143 1178 3206 neque
1207 3121 1463 3188 conformatione
1491 3124 1587 3189 metri

303 3233 455 3313 separata
478 3234 511 3294 et
534 3229 694 3315 dirempta
716 3229 791 3294 vidi.
834 3226 1023 3293 Ceterorum
1048 3232 1157 3292 autem
1189 3250 1339 3293 versuum
1364 3229 1440 3295 cola
1467 3231 1588 3317 duplici

304 3335 400 3400 modo
423 3335 459 3398 10
482 3339 572 3400 textu
597 3336 776 3420 separanda
799 3335 889 3419 duxi,
916 3340 954 3399 ut
976 3339 1033 3398 aut
1056 3334 1307 3419 unumquodque
1332 3335 1427 3401 colon
1454 3338 1587 3423 proprio

303 3464 399 3506 versu
425 3442 638 3527 includerem,
670 3448 726 3508 001
759 3442 879 3507 lineola
910 3446 1095 3506 transversa
1118 3438 1165 3529 (.)
1193 3443 1388 3528 interposita
1415 3445 1487 3510 cola
1514 3446 1588 3511 diri-

304 3571 433 3614 merem.
479 3549 552 3615 Hoc
579 3549 718 3614 alterum
746 3572 797 3615 me
827 3549 868 3614 iis
900 3549 935 3614 in
968 3547 1113 3613 versibus
1147 3548 1239 3632 solis,
1271 3571 1410 3633 quorum
1442 3551 1588 3635 rhythmi

304 3679 416 3722 cursus
448 3657 753 3742 interrumperetur,
788 3656 970 3722 instituisse
1001 3677 1068 3720 000
1095 3658 1145 3720 001
1173 3655 1259 3739 quod
1287 3655 1399 3720 multis
1428 3677 1587 3740 exponam

304 3767 338 3828 et
361 3764 538 3829 defendam.
581 3765 643 3830 Sed
667 3788 724 3830 cur
747 3786 813 3829 000
836 3786 934 3828 uuam
953 3763 1113 3828 rationem
1134 3761 1238 3828 solam
1255 3761 1394 3846 inierim,
1418 3767 1513 3828 erunt
1533 3765 1589 3849 qui

304 3892 356 3935 me
374 3870 579 3958 interrogent
598 3871 771 3937 autetiam
792 3875 934 3955 carpant.
977 3868 1102 3946 Quibus
1120 3869 1168 3934 ita
1185 3870 1374 3955 respondeo,
1397 3874 1434 3935 ut
1451 3893 1492 3935 ne
1511 3872 1590 3957 quid

304 3977 490 4042 reconditae
517 3978 655 4043 rationis
682 3978 717 4042 in
744 3979 806 4043 hac
834 3977 954 4063 duplici
986 3976 1037 4043 vel
1064 3977 1174 4063 potius
1202 3976 1325 4061 triplici
1352 3980 1406 4042 010
1433 3985 1589 4062 quaerant

303 4088 438 4170 rogatos
453 4084 558 4149 velim.
592 4084 668 4149 Non
682 4089 749 4149 tam
764 4084 889 4149 ratione
904 4083 1029 4167 ductus,
1049 4106 1147 4168 quam
1163 4085 1284 4169 partim
1298 4085 1486 4150 necessitati
1501 4088 1590 4151 volu-

304 4190 401 4256 minis
420 4214 546 4276 parens,
566 4192 686 4278 partim
706 4196 742 4256 ut
761 4192 892 4257 chartae
910 4212 1085 4275 parcerem,
1104 4192 1224 4275 partim
1242 4214 1282 4256 ne
1302 4192 1408 4276 specie
1426 4192 1590 4259 inconcin-

304 4298 419 4362 nitatis
443 4299 554 4364 oculos
577 4299 735 4365 lectorum
762 4298 935 4382 laederem,
964 4296 1037 4382 plus
1065 4319 1163 4362 unam
1188 4297 1274 4362 viam
1302 4298 1428 4383 ingredi
1450 4299 1590 4366 institui.

304 4402 413 4489 Atque
436 4405 577 4490 primum
597 4407 717 4491 epodos
736 4412 769 4471 01
787 4406 928 4492 proodos
948 4426 987 4469 ex
1005 4403 1131 4469 duobus
1149 4404 1286 4489 pedibus
1306 4404 1385 4470 solis
1404 4411 1590 4474 constantes

304 4512 445 4596 propriis
469 4513 615 4577 versibus
638 4535 705 4577 non
728 4512 862 4598 inclusi,
884 4534 924 4577 ne
948 4515 1057 4576 textus
1081 4512 1254 4576 verborum
1277 4511 1374 4575 nimis
1398 4513 1534 4597 pusillas
1556 4516 1591 4579 in

304 4618 482 4704 particulas
507 4619 748 4705 discerperetur.
790 4619 913 4684 Deinde
937 4617 1036 4683 etiam
1060 4617 1222 4682 clausulas
1246 4617 1347 4682 trium
1374 4620 1493 4704 pedum
1517 4645 1589 4687 cum

306 4726 514 4792 antecedente
538 4726 610 4790 colo
634 4748 734 4790 unum
757 4725 792 4789 in
815 4747 942 4790 versum
967 4724 1133 4809 coniunxi,
1163 4723 1267 4789 sicubi
1291 4724 1468 4792 clausulam
1491 4729 1590 4793 istam

306 4832 460 4920 rhythmo
493 4855 561 4899 non
590 4831 775 4919 interrupto
808 4831 1012 4898 antecedenti
1045 4831 1151 4896 versui
1183 4831 1411 4899 adhaerentem
1444 4834 1522 4919 vidJ',
1555 4839 1590 4899 01
