3442 5550
575 413 609 465 11.
638 413 687 462 DE
705 413 801 463 ARTE
820 413 980 464 METRICA
999 413 1155 466 PINDARI.
1392 409 1507 464 XXXIX

216 573 256 638 0.
276 592 313 637 lx
332 575 428 638 3-6.
461 573 500 638 N.
520 592 557 637 lv
575 575 671 640 3-6.
718 573 867 659 Denique
904 574 1003 639 etiam
1037 574 1116 639 duas
1149 574 1307 659 tripodias
1339 574 1375 640 in
1405 597 1506 641 unum

215 703 348 745 versum
372 680 568 767 coniungere
590 703 687 766 quam
705 682 741 746 in
759 683 840 746 duos
860 681 1036 747 versiculos
1057 681 1207 747 dirimere
1227 682 1336 767 malui,
1358 704 1398 747 ne
1417 682 1506 747 iusto

215 789 384 854 breviores
417 811 529 853 versus
561 790 684 854 fierent.
730 788 839 873 Atque
868 788 929 854 hac
959 789 995 853 in
1023 812 1057 854 re
1086 788 1185 854 semel
1218 794 1318 873 certe,
1351 789 1375 853 Ι.
1395 791 1507 874 vl115,

215 896 314 960 nutui
338 899 371 960 et
394 895 530 960 consilio
550 900 666 981 poetae
685 896 788 981 ipsius
808 897 1049 982 obtemperasse
1068 896 1149 961 mihi
1169 896 1288 961 videor.
1327 897 1413 961 Nam
1433 919 1506 962 cum

215 1002 277 1067 illo
305 1002 377 1068 loco
407 1007 546 1087 quatuor
574 1025 669 1087 pares
697 1004 857 1088 tripediae
886 1004 1094 1069 catalecticae
1122 1026 1192 1069 sese
1222 1004 1399 1090 excipiant,
1431 1009 1507 1089 post

216 1110 394 1175 secundam
418 1115 450 1175 et
473 1115 622 1196 quartam
646 1110 822 1195 tripodiam
840 1111 875 1174 in
895 1111 1044 1176 omnibus
1064 1116 1189 1196 septem
1208 1111 1352 1197 strophis
1372 1113 1506 1176 verbum

214 1222 315 1303 poeta
338 1217 457 1301 finivit,
487 1221 562 1302 post
585 1218 725 1302 primam
754 1222 786 1282 et
810 1218 942 1283 tertiam
970 1224 1019 1282 ter
1047 1218 1131 1283 idem
1161 1242 1325 1284 caesuram
1354 1217 1505 1304 neglexit.

216 1324 338 1389 Poetae
361 1324 464 1410 igitur
485 1325 588 1410 ipsius
612 1325 753 1411 vestigia
776 1329 906 1390 secutus
930 1325 1088 1410 tripodias
1112 1326 1251 1411 primam
1270 1331 1303 1392 et
1323 1327 1506 1411 secundam,

215 1432 350 1496 tertiam
379 1436 412 1496 et
440 1437 589 1516 quartam
616 1431 651 1496 in
679 1432 825 1518 singulos
860 1455 971 1498 versus
1004 1433 1170 1516 coniunxi,
1202 1438 1279 1518 post
1305 1433 1445 1518 primam
1473 1438 1507 1498 et

213 1538 349 1603 tertiam
371 1538 492 1604 lineola
515 1544 702 1604 transversa
725 1540 897 1606 catalexim
920 1540 1068 1605 indicari.
1112 1538 1236 1615 Quodsi
1258 1540 1291 1604 in
1314 1540 1434 1625 duplici
1454 1539 1507 1604 via

215 1645 448 1732 distinguenda
470 1668 536 1711 non
560 1669 687 1732 semper
714 1646 795 1711 mihi
823 1651 972 1711 constare
1001 1646 1148 1731 videbor,
1177 1645 1239 1711 hoc
1267 1668 1318 1710 me
1347 1644 1506 1731 consolor,

217 1753 306 1837 quod
324 1774 389 1816 non
409 1752 547 1818 multum
566 1753 686 1818 referre
704 1753 789 1836 novi,
809 1758 919 1817 utrum
939 1752 1022 1818 hanc
1037 1776 1079 1818 an
1093 1753 1184 1818 illam
1198 1753 1285 1818 riam
1303 1753 1505 1839 ingrediaris.

528 1949 573 2014 De
595 1948 789 2031 rhythmicis
811 1950 984 2015 mctromm
1007 1906 1200 2015 rationibus.

308 2073 358 2138 De
382 2074 524 2138 numeris
549 2078 581 2138 et
605 2074 759 2160 rhythmo
784 2075 964 2140 carminum
988 2098 1061 2140 cum
1084 2075 1165 2139 milri
1194 2075 1425 2160 disputandum
1454 2075 1506 2161 sit,

216 2180 360 2267 primum
392 2181 430 2244 de
457 2203 608 2246 versuum
640 2181 776 2266 pedibus
810 2182 1012 2267 simplicibus
1046 2182 1215 2266 disseram,
1246 2181 1506 2268 proficiscensa

217 2293 337 2353 natura
350 2311 471 2372 versus,
489 2311 584 2372 quem
599 2289 740 2354 artifices
756 2289 901 2353 ordinem
915 2289 1136 2374 rhythmicum
1153 2309 1222 2353 esse
1237 2289 1349 2355 dicunt
1361 2288 1505 2353 numeris

218 2394 383 2460 continuis
410 2397 457 2460 ita
480 2396 718 2481 decurrentem,
747 2402 783 2461 ut
809 2397 849 2460 ab
868 2419 932 2460 una
951 2396 1134 2461 sublatione
1153 2398 1192 2461 ad
1212 2397 1347 2462 alteram
1367 2417 1506 2479 aequum

215 2501 426 2567 intervallum
453 2502 640 2568 intercedat.
691 2502 781 2569 Haec
813 2525 924 2568 versus
957 2504 1049 2568 notio
1081 2503 1176 2588 plane
1207 2504 1295 2569 cadit
1327 2505 1361 2568 in
1394 2525 1505 2568 versus

219 2631 322 2695 puros
345 2614 378 2674 et
401 2614 519 2695 rectos,
543 2610 647 2694 qualis
672 2614 723 2674 est
746 2609 872 2674 P.111.

217 2824 282 2889 Sed
304 2823 402 2910 longe
425 2822 558 2909 plurimi
587 2847 698 2889 versus
722 2823 854 2889 Pindari
881 2824 930 2889 ita
957 2825 1137 2911 comparati
1164 2830 1254 2910 sunt,
1287 2830 1323 2889 ut
1350 2824 1378 2889 si
1406 2824 1505 2909 pedes

217 2932 366 2997 oratione
404 2953 573 3015 expressos
611 2936 755 3016 spectas,
795 2953 898 3015 neque
931 2933 1079 2997 continui
1112 2933 1179 2997 sint
1210 2954 1313 3015 neque
1347 2932 1504 3016 aequales.

217 3037 334 3123 Itaque
357 3060 398 3102 ne
423 3060 533 3103 versus
556 3039 648 3103 notio
672 3060 920 3103 numerorumve
944 3039 1032 3124 leges
1061 3039 1248 3118 turbentur,
1275 3038 1417 3102 remedia
1443 3060 1504 3102 nos

216 3145 465 3230 circumspicere
490 3149 633 3230 oportet,
664 3145 782 3229 quibus
803 3145 1020 3229 inaequalitas
1044 3145 1110 3210 ista
1133 3144 1205 3209 tolli
1232 3144 1430 3229 lacunaeque
1454 3167 1505 3209 ex-

216 3253 301 3339 pleri
323 3251 461 3337 possint.
504 3252 611 3336 Atque
629 3251 712 3316 nihil
731 3256 788 3316 aut
807 3256 893 3317 certe
912 3273 978 3315 uon
997 3252 1138 3316 multum
1156 3250 1344 3337 proficimus
1365 3251 1504 3317 silentiis

217 3382 276 3426 sen
299 3357 500 3444 temporibus
523 3358 675 3423 inanibus
700 3359 840 3424 adscitis.
882 3357 1032 3443 Namque
1060 3359 1127 3424 illis
1156 3381 1233 3425 suus
1260 3359 1352 3424 locus
1379 3358 1413 3422 in
1440 3359 1504 3423 fine

218 3489 372 3532 versuum
396 3472 455 3550 est,
479 3471 512 3530 et
533 3489 574 3531 ne
598 3466 626 3531 si
649 3465 827 3551 largiamur
851 3465 981 3550 quidem
1004 3467 1039 3531 in
1062 3467 1177 3532 mediis
1203 3488 1331 3552 quoque
1356 3466 1503 3531 versibus

216 3578 294 3660 post
318 3573 453 3638 verbum
477 3573 512 3637 in
534 3574 598 3637 fine
617 3572 681 3639 coli
699 3573 829 3636 finitum
847 3595 984 3658 pausam
1002 3573 1200 3638 intercedere
1223 3595 1319 3657 posse
1338 3577 1371 3637 et
1389 3577 1503 3658 poetas

216 3680 338 3766 lyricos
368 3679 431 3744 hoc
459 3702 585 3764 quoque
616 3679 779 3744 libertatis
809 3679 873 3744 sibi
901 3679 1070 3764 sumsisse,
1102 3684 1139 3743 ut
1166 3680 1302 3743 eundem
1329 3680 1444 3764 pedem
1470 3679 1505 3743 in

216 3788 355 3872 stropha
372 3809 474 3871 pausa
492 3792 567 3872 post
588 3787 747 3872 syllabam
766 3787 946 3872 interiecta,
964 3787 998 3850 in
1016 3785 1222 3871 antistropha
1236 3785 1361 3871 syllaba
1373 3786 1504 3872 longius

216 3897 378 3980 producta
401 3893 619 3977 exprimerent
641 3893 704 3957 hoc
728 3895 824 3959 modo

295 4003 808 4053 socios-scam&
834 4000 1378 4051 merccrccuswcr·
1411 4028 1429 4049 a

217 4133 258 4175 ne
282 4109 329 4174 sic
353 4108 482 4192 quidem
507 4129 619 4172 vereor
642 4112 679 4171 ut
702 4107 842 4173 multum
865 4107 1082 4191 proficiamus.
1124 4107 1196 4172 Hoc
1219 4106 1306 4172 enim
1329 4112 1416 4172 certe
1435 4107 1505 4171 fieri

217 4215 341 4302 nequit,
364 4221 401 4279 ut
424 4213 531 4279 medio
554 4214 652 4279 verbo
679 4219 809 4300 tempus
832 4215 928 4279 inane
951 4214 1156 4280 intericiatur
1183 4214 1390 4298 eiusdemque
1414 4214 1504 4279 verbi

216 4329 328 4409 partes
361 4320 568 4407 syllabaeque
601 4321 733 4387 silentio
766 4321 995 4386 dissolvantur.
1042 4322 1088 4386 Et
1117 4321 1166 4386 vel
1196 4321 1224 4386 si
1257 4326 1294 4385 tu
1325 4321 1388 4387 hoc
1420 4321 1504 4386 ferre

218 4430 317 4495 velles
341 4428 375 4493 in
398 4428 521 4494 nostris
544 4427 730 4514 cantilenis,
760 4451 894 4513 quarum
920 4428 969 4493 vis
997 4434 1030 4493 et
1057 4428 1192 4494 dulcedo
1221 4429 1324 4515 magis
1353 4429 1387 4493 in
1416 4428 1503 4493 sonis

218 4560 315 4622 quam
337 4536 374 4600 in
392 4535 500 4599 verbis
524 4535 628 4600 inesse
647 4535 741 4620 solet,
766 4534 881 4602 Graeci
900 4557 965 4600 non
985 4536 1146 4619 tulissent,
1171 4557 1308 4620 quorum
1327 4535 1503 4621 plurimum

217 4645 383 4728 intererat,
405 4648 443 4707 ut
466 4643 587 4728 scripto
612 4647 703 4708 textu
726 4664 793 4707 non
817 4642 919 4707 adiuti
943 4665 981 4708 ex
1005 4643 1076 4727 ipsa
1100 4664 1177 4707 voce
1201 4640 1343 4705 cantoris
1373 4640 1504 4705 chorive

221 4773 300 4835 quae
333 4755 432 4836 poeta
464 4751 599 4815 sentiret
630 4750 726 4836 plane
759 4749 956 4815 exaudirent.
1003 4749 1117 4813 Potest
1150 4748 1252 4833 igitur
1283 4750 1391 4811 rectus
1425 4746 1504 4809 ordo

222 4856 364 4944 rhythmi
382 4879 543 4943 versuum,
565 4857 599 4921 in
619 4857 736 4943 quibus
756 4857 872 4922 mediis
891 4857 972 4922 duae
991 4878 1079 4921 arses
1100 4854 1267 4938 collidunt,
1285 4858 1357 4919 tum
1374 4852 1503 4919 demum
