3442 5550
311 416 385 470 XLII
817 416 1093 467 PROLEGOblENA.

311 579 393 665 cycli
416 602 482 644 nou
502 580 542 644 ad
561 602 662 645 unum
682 579 775 644 illum
795 579 959 663 dactylum
978 577 1201 642 irrationalem
1221 576 1382 642 trochaeis
1402 576 1602 662 immixtum,

311 687 368 751 sed
395 688 436 751 ad
463 710 576 751 versus
609 710 648 751 ex
676 685 919 751 irrationalibus
952 684 1088 769 dactylis
1121 684 1172 748 vel
1205 684 1389 770 anapaestis
1418 684 1495 749 solis
1525 706 1602 749 con·

311 799 436 859 stantes
459 793 634 859 rettulisse.
676 794 799 859 Eadem
827 793 914 856 enim
943 813 1040 856 causa
1068 792 1212 856 omnium
1243 791 1445 877 dactylorum
1472 791 1601 857 irratio-

312 901 435 966 nalium
463 907 526 985 est,
559 900 628 965 sive
660 901 769 986 plures
802 923 872 966 sese
905 898 1070 983 excipiunt
1104 899 1170 963 sive
1203 899 1323 985 singuli
1357 898 1429 963 aliis
1461 898 1599 983 pedibus

311 1008 473 1073 interiecti
506 1012 591 1072 sunt.
647 1007 739 1071 Nihil
774 1012 883 1072 autem
919 1027 1029 1070 moror
1064 1028 1168 1089 neque
1205 1006 1368 1071 novicium
1405 1005 1599 1091 scriptorem

312 1115 491 1180 Aristidem
514 1116 553 1179 de
577 1137 657 1179 mus.
677 1134 689 1177 1
709 1117 765 1199 οῖ,
796 1114 851 1198 qui
880 1136 953 1178 eum
981 1113 1091 1177 omnia
1118 1112 1190 1177 cola
1216 1113 1318 1198 lyrica
1346 1112 1380 1176 in
1407 1113 1505 1197 pedes
1533 1113 1599 1178 dis-

312 1221 457 1307 syllabos
481 1223 634 1288 solvenda
658 1244 727 1287 esse
746 1222 808 1286 sibi
828 1220 1051 1306 persuasisset,
1076 1219 1141 1284 vim
1161 1220 1274 1304 cyclici
1293 1220 1413 1304 dactyli
1434 1220 1513 1284 adeo
1531 1242 1599 1285 non

312 1329 486 1415 perspexit,
504 1335 541 1395 ut
561 1330 683 1414 dactyli
700 1328 862 1394 trochaeis
876 1327 1018 1391 immixti
1033 1327 1112 1391 duas
1128 1328 1241 1391 breves
1256 1326 1398 1412 syllabas
1412 1327 1498 1391 inter
1517 1328 1599 1391 duos

312 1437 409 1519 pedes
433 1434 464 1523 (
483 1482 500 1504 ο
516 1456 520 1520 Ι
536 1488 553 1505 υ
574 1499 589 1506 ,
606 1456 610 1521 Ι
626 1481 644 1506 c
662 1436 694 1523 )
719 1437 801 1501 miro
826 1456 933 1500 errore
958 1434 1181 1518 distribueret,
1212 1457 1316 1519 neque
1343 1434 1599 1519 Byzantinorum

312 1543 513 1608 melodorum
536 1567 641 1627 usum,
665 1544 719 1628 qui
744 1566 818 1609 eum
840 1542 875 1605 in
899 1541 1127 1606 ecclesiasticis
1152 1541 1349 1606 carminibus
1373 1542 1598 1606 acantoribus

312 1651 475 1715 stantibus
504 1652 674 1716 cantandis
701 1650 892 1735 rhythmum
920 1648 1026 1712 minus
1055 1654 1236 1733 curassent,
1265 1648 1429 1733 periodos,
1460 1670 1598 1732 quarum

312 1757 403 1842 prius
427 1757 522 1823 colon
544 1758 578 1822 in
601 1758 722 1823 thesim
745 1756 861 1841 exiret,
885 1756 1023 1820 alterum
1047 1778 1066 1819 a
1090 1755 1174 1820 thesi
1198 1756 1413 1839 exordiretur,
1443 1755 1598 1839 effingere

312 1886 379 1928 non
402 1864 601 1949 dubitarunt,
625 1869 662 1929 ut

725 1960 1189 2029 ιυυιυιυΙυιυυιυι

509 2068 564 2135 καὶ
588 2069 623 2135 ἐν
647 2069 806 2154 ἀγκάλαις
829 2072 920 2155 ἔσχες
939 2066 944 2155 l
965 2070 1024 2135 τὸν
1046 2068 1154 2134 πάντα
1178 2066 1401 2153 συνέχονταλ)

314 2211 470 2277 Veterum
494 2213 580 2277 enim
605 2212 802 2278 Graecorum
827 2235 879 2277 ars
903 2236 977 2278 cum
1001 2234 1021 2275 a
1043 2212 1187 2276 motibus
1212 2211 1423 2277 saltationum
1449 2218 1482 2276 et
1505 2236 1598 2297 pom-

312 2341 428 2402 parum
451 2320 599 2404 profecta
622 2326 708 2385 essct
731 2326 764 2385 et
788 2342 914 2405 semper
938 2342 1011 2384 cum
1039 2318 1079 2382 iis
1104 2318 1278 2385 coniuncta
1305 2324 1484 2405 teneretur,
1512 2344 1599 2387 seve-

313 2425 455 2491 rioribus
477 2426 607 2512 legibus
631 2427 777 2511 rhythmi
799 2449 866 2491 non
889 2426 1049 2511 adstringi
1071 2448 1138 2490 non
1160 2427 1277 2511 potuit.

402 2533 494 2598 Duae
505 2534 584 2619 quas
594 2534 802 2619 exposuimus
817 2534 960 2600 rationes
976 2533 1073 2598 simul
1087 2533 1285 2598 adhibendae
1301 2535 1426 2599 suntin
1440 2535 1598 2600 choriam-

313 2639 395 2705 bicis
419 2641 578 2724 versibus,
607 2646 644 2705 ut
667 2645 700 2705 et
722 2640 821 2727 longa
843 2641 973 2727 longius
1000 2642 1158 2725 producta
1185 2663 1299 2706 cursus
1326 2642 1473 2726 rhythmi
1500 2642 1600 2708 inter·

312 2747 401 2831 rupti
424 2747 570 2812 salebrae
593 2752 821 2812 removeantur
848 2752 881 2812 et
905 2747 1034 2833 dactylo
1059 2749 1140 2833 pede
1167 2748 1202 2812 in
1229 2748 1411 2814 breviorem
1439 2750 1598 2814 ambitum

313 2854 426 2939 cyclici
450 2854 571 2940 dactyli
594 2856 725 2920 redacto
749 2855 964 2938 aequabilitas
986 2856 1105 2939 pedum
1128 2855 1328 2940 restituatur,
1351 2862 1389 2920 ut

669 2990 1242 3031 ,ιυυΙ-ιυυΙ-ευυΙ-ιυυ..-

330 3091 528 3172 παννυχίοις
549 3086 669 3163 πάντες
692 3086 885 3171 ἐπέλθωμεν
907 3086 925 3152 ὁ
952 3088 1064 3171 Θήβας
1088 3086 1238 3166 ἐλελίζων
1262 3085 1375 3173 (Soph.
1394 3086 1470 3151 Ant.
1493 3088 1580 3173 loc).

314 3228 517 3314 Quamquam
541 3232 627 3296 enim
650 3230 701 3295 his
724 3231 760 3294 in
783 3229 929 3294 versibus
953 3229 1099 3314 rhythmi
1121 3229 1385 3312 aequabilitatem
1403 3229 1452 3294 ita
1471 3252 1599 3314 quoque

313 3337 485 3401 restituere
508 3337 624 3422 possis,
648 3342 684 3402 ut
708 3337 931 3403 choriambum
955 3335 1107 3400 similiter
1130 3340 1226 3418 atque
1249 3336 1285 3400 in
1307 3337 1484 3421 paeauibus
1507 3336 1600 3402 ereti-

313 3466 386 3509 cum
410 3444 514 3509 vicem
538 3445 628 3529 pedis
657 3444 814 3530 simplicis
839 3468 894 3510 sex
918 3466 1080 3509 morarum
1106 3440 1223 3530 (ποδὸς
1246 3442 1423 3529 ἑξασήμου)
1453 3444 1599 3509 obtinere

313 3571 417 3634 neque
439 3550 475 3614 in
499 3552 578 3615 duos
604 3552 700 3635 pedes
724 3551 888 3636 simplices
912 3550 1126 3614 dirimendum
1150 3571 1220 3613 esse
1244 3549 1332 3613 dicas

314 3908 425 3970 tamen
442 3906 591 3991 pluribus
611 3908 717 3973 causis
736 3913 774 3973 ut
791 3907 951 3973 rationem
970 3930 1069 3992 supra
1086 3906 1290 3992 propositam
1308 3906 1469 3992 potiorem
1485 3908 1600 3972 ducam

313 4033 532 4079 commoveor,
566 4013 707 4099 primum
737 4016 822 4099 quod
847 4037 999 4079 versuum
1029 4013 1321 4079 choriambicorum
1349 4014 1473 4078 indoles
1503 4037 1601 4099 quam

314 4119 453 4184 maxime
476 4121 640 4186 concitata
665 4127 698 4187 et
725 4146 744 4186 a
768 4121 928 4208 gravitate
951 4120 1074 4185 heroici
1098 4120 1219 4206 dactyli
1243 4120 1349 4184 aliena
1371 4143 1441 4185 esse
1466 4121 1601 4206 videtur,

313 4225 426 4290 deinde
460 4228 545 4311 quod
577 4228 722 4313 plerique
755 4250 867 4292 versus
898 4226 1109 4292 choriambici
1140 4227 1174 4290 in
1205 4216 1408 4311 lagaoedrcas
1439 4227 1602 4293 clausulas

314 4340 497 4416 excurrunt,
521 4335 610 4399 velut

314 4534 363 4597 τῆς
381 4525 488 4592 τελείας
506 4530 626 4597 μακρᾶς)
644 4531 766 4601 τελευτᾷ,
786 4524 952 4596 χωρίσαντες
970 4526 1027 4579 ἀπὸ
1047 4535 1102 4581 τῶν
1121 4524 1303 4581 ἀναπαίστων
1322 4526 1350 4596 (i.
1366 4544 1389 4582 e.
1404 4525 1516 4582 τελείων
1530 4529 1601 4581 ἁνα-

314 4596 439 4654 natrano
457 4597 599 4669 τεσσάρων
618 4598 738 4669 χρόνων)
756 4599 858 4651 κύκλον
878 4604 1001 4663 καλοῦσι,
1021 4596 1201 4668 παράδειγμα
1220 4599 1308 4652 αὐτοῦ
1327 4596 1460 4667 φέροντες
1474 4597 1599 4653 τοιόνδε·

684 4686 798 4758 κέχυται
817 4688 897 4752 πόλις
916 4685 1056 4755 ὑψίπυλος
1074 4687 1147 4742 κατὰ
1166 4695 1228 4756 γᾶν.

365 4865 376 4920 l
404 4798 430 4864 1)
445 4795 622 4922 ἑρρλρολοςίο
641 4811 742 4866 graeca
761 4794 916 4848 carminum
935 4793 1151 4848 christianorum
1170 4793 1266 4848 adora.
1287 4794 1382 4848 Christ
1400 4797 1429 4848 et
1441 4792 1599 4847 Paranilras

313 4883 383 4937 pro.
403 4886 430 4937 p.
523 4910 528 4921 .
