3442 5550
219 382 284 447 320
688 387 837 438 cinnam
856 386 1022 439 ammom.

308 554 387 614 Ordo
413 553 628 613 sententiarum
651 554 790 613 carminis
809 553 1046 631 simplicissimus
1065 560 1117 613 est.
1155 553 1189 612 In
1209 553 1356 630 principio
1372 553 1501 615 Vestam

218 645 318 722 deam,
340 648 500 720 patronam
523 644 631 721 curiae,
654 647 744 719 poeta
767 643 899 721 invocat,
922 647 958 702 ut
981 663 1090 704 novum
1114 647 1273 720 prytanem
1294 643 1425 721 benigne
1450 664 1498 703 ac·

218 734 312 809 cipiat
330 739 360 792 et
379 733 541 792 secundum
560 751 680 791 cursum
699 733 815 791 muneri
834 733 898 791 eius
918 753 1017 792 annuo
1036 733 1087 792 det
1101 725 1227 815 (1-10).
1250 732 1364 791 Deinde
1378 733 1497 792 Arista-

218 842 308 901 gorae
327 822 463 898 prytanis
481 840 584 900 genus,
603 823 739 898 formam,
758 821 942 898 intrepidum
960 821 1101 900 animum,
1116 822 1257 881 victorias
1275 821 1307 880 in
1326 822 1405 881 ludis
1424 821 1497 881 vici·

219 930 327 970 narum
349 911 519 970 civitatium
541 911 623 969 lucta
647 914 678 969 et
700 910 854 986 pancratio
878 915 1046 987 reportatas
1064 911 1226 988 praedicat,
1251 930 1379 987 eumque
1402 912 1496 970 etiam

218 1000 328 1077 Pythie
356 1004 387 1059 et
415 999 554 1076 Olympia
581 999 733 1058 victurum
759 1000 852 1060 fuisse
881 1004 1044 1077 asseverat,
1076 1000 1134 1060 uisi
1163 1020 1181 1059 a
1208 1000 1384 1076 parentibus
1414 1000 1494 1059 iusto

219 1089 435 1166 timidioribus,
464 1088 624 1165 quominus
651 1089 706 1148 illa
728 1089 893 1148 certamine
916 1089 1024 1167 obiret,
1050 1088 1219 1165 prohibitus
1243 1081 1495 1170 esset(11-3·2);

219 1179 307 1238 facile
330 1198 400 1238 vero
424 1178 514 1236 fuisse
537 1178 593 1237 hoc
616 1178 748 1238 conicere
772 1178 807 1238 de
830 1179 1024 1257 Aristagorae
1048 1178 1200 1254 praeclaro
1224 1198 1345 1257 genere,
1369 1198 1405 1237 ex
1428 1196 1494 1237 san-

219 1267 309 1346 guine
333 1267 479 1342 Pisandri,
503 1267 555 1343 qui
579 1287 647 1326 cum
671 1265 775 1326 Oreste
798 1268 906 1328 Aeoles
929 1267 1063 1344 Amyclis
1086 1267 1118 1326 in
1140 1267 1244 1327 Asiam
1268 1267 1445 1344 traduxerit,
1465 1270 1495 1325 et

218 1356 382 1433 Melanippi
406 1356 552 1434 Thebani,
581 1356 666 1415 cuius
693 1356 729 1415 de
757 1356 849 1433 stirpe
872 1360 970 1415 meter
992 1356 1185 1435 Aristagorae
1209 1356 1407 1433 descenderit,
1430 1356 1494 1415 feli·

219 1446 293 1504 citer
319 1445 426 1522 mixt03
455 1445 578 1504 alternis
606 1449 708 1504 autem
733 1448 769 1503 ut
796 1446 935 1505 tellurem
962 1449 993 1506 et
1021 1445 1152 1523 arbores,
1176 1445 1218 1505 sic
1247 1446 1339 1505 etiam
1361 1446 1494 1504 humana

218 1554 328 1613 genera
359 1534 446 1594 modo
479 1552 635 1610 prosperos
667 1534 766 1593 foetus
798 1535 896 1612 edere,
929 1536 1015 1595 modo
1051 1535 1210 1594 sterilitate
1241 1536 1365 1613 frugum
1397 1534 1492 1611 premi

217 1616 361 1705 (33-43).
398 1623 534 1700 Denique
558 1623 679 1683 modum
698 1624 858 1682 tenendum
877 1644 973 1700 neque
992 1624 1102 1684 altiora
1121 1623 1288 1700 appetenda
1307 1642 1370 1682 esse
1389 1624 1486 1682 virum

217 1732 335 1792 magna,
358 1716 394 1771 ut
415 1712 543 1789 videtur,
566 1713 728 1789 spirantem
753 1713 893 1772 admonet
915 1706 1059 1795 (44-48).
1082 1713 1183 1772 -In
1207 1712 1375 1790 digerendis
1400 1713 1488 1772 rebus

217 1806 248 1861 et
270 1802 373 1861 metris
397 1801 536 1861 carminis
560 1821 625 1860 eam
647 1806 741 1860 artem
760 1807 851 1878 poeta
870 1802 1012 1879 exhibuit,
1032 1822 1123 1878 quam
1141 1806 1283 1878 provecta
1301 1805 1402 1862 aetate
1420 1821 1488 1861 eum

216 1892 247 1949 in
271 1891 572 1968 dactylo-epitriticis
599 1890 779 1950 carminibus
807 1892 969 1950 excoluisse
996 1910 1088 1967 supra
1115 1891 1153 1950 ad
1177 1890 1210 1952 Ο.
1229 1909 1285 1949 xm
1309 1891 1488 1951 monuimus.

216 1980 265 2039 lta
288 1980 366 2040 enim
390 1999 457 2039 cum
481 1979 568 2055 epodi
591 1980 736 2056 cuiusque
759 1980 816 2039 fine
840 1981 1019 2040 sententiam
1042 1980 1179 2058 absolvit,
1198 1984 1234 2039 ut
1252 1983 1352 2041 toturn
1370 2000 1489 2040 carmen

216 2070 247 2128 in
271 2072 332 2129 tres
355 2073 464 2146 partes,
488 2088 615 2145 quarum
640 2088 777 2145 quaeque
800 2089 835 2128 ex
859 2070 982 2146 stropha
1005 2070 1194 2145 antistropha
1217 2070 1311 2145 epodo
1331 2072 1489 2147 constaret,

216 2157 415 2218 distribueret.
462 2157 601 2226 Ceterum
624 2159 709 2217 tenui
732 2160 763 2216 in
785 2159 876 2218 humo
905 2160 1021 2218 sulcum
1053 2163 1143 2235 poeta
1175 2159 1271 2236 ducit,
1303 2162 1339 2217 ut
1371 2176 1409 2218 ne
1436 2159 1489 2217 mi·

217 2247 290 2306 reris
318 2247 494 2324 sententias,
518 2265 593 2323 quas
617 2246 685 2306 aliis
708 2248 739 2305 in
762 2248 943 2307 carminibus
971 2252 1002 2307 et
1031 2248 1131 2325 aptius
1159 2252 1190 2306 et
1217 2247 1354 2307 ornatius
1381 2248 1490 2325 posuit,

217 2336 265 2395 bic
288 2337 387 2395 ieiune
409 2340 440 2395 et
463 2336 579 2395 exiliter
602 2337 753 2411 repetitas.
796 2335 923 2397 Omnino
947 2337 1002 2397 hoc
1025 2357 1144 2396 carmen
1167 2337 1263 2415 magis
1285 2336 1331 2415 iis,
1355 2356 1434 2413 quae
1454 2337 1490 2395 de

217 2426 302 2484 cultu
320 2424 430 2483 Vestae
453 2430 484 2483 et
506 2425 620 2503 origine
640 2425 838 2485 Tenediorum
861 2426 1001 2504 continet,
1025 2426 1217 2485 memorabile
1241 2431 1286 2485 est
1310 2446 1402 2502 quam
1425 2426 1490 2503 pul·

218 2514 386 2573 chritudinc
409 2514 534 2589 poetica.

762 2614 806 2680 De
829 2617 949 2682 metris.

307 2727 453 2787 Carminis
476 2727 566 2785 huius
589 2732 685 2786 metra
712 2734 783 2787 sunt
809 2729 1104 2806 dactylo-epitritica
1128 2730 1166 2789 ad
1189 2729 1347 2806 antiquam
1370 2738 1401 2790 et
1424 2731 1492 2791 sim·

218 2817 326 2894 plicam
353 2837 487 2877 normam
515 2816 680 2893 composita
707 2817 873 2894 leniterque
901 2837 990 2877 cursu
1017 2838 1209 2879 numerorum
1231 2838 1298 2879 raro
1322 2820 1492 2899 interrupto

219 2906 396 2965 delabentis.
443 2906 608 2982 Aptissima
638 2910 740 2965 autem
772 2907 832 2966 fuit
862 2907 953 2966 huius
985 2927 1176 2968 numerorum
1207 2908 1324 2987 generis
1357 2910 1492 2988 gravitas

218 2995 373 3054 sanctitati
395 2995 550 3073 carminiS,
575 2996 655 3071 quod
678 2996 749 3055 licet
772 3016 790 3055 a
813 2997 1016 3074 grammaticis
1040 2998 1118 3057 inter
1141 2997 1269 3074 epinicia
1292 2998 1423 3058 relatum
1447 2999 1494 3075 sit,

219 3088 318 3143 tamen
347 3085 475 3161 speciem
502 3085 598 3162 magis
626 3085 757 3160 prosodii
785 3105 875 3161 quam
899 3087 1019 3162 epinicii
1041 3086 1139 3146 habet.
1185 3087 1294 3146 Utrum
1318 3087 1349 3145 in
1373 3106 1494 3165 pompa,

219 3194 279 3250 qua
297 3194 392 3233 novus
411 3175 606 3251 magistratus
624 3174 656 3231 in
675 3175 787 3233 curiam
807 3194 825 3233 a
844 3175 1031 3235 senatoribus
1051 3181 1080 3234 et
1098 3175 1261 3255 gentilibus
1279 3176 1493 3255 deducebatur,

219 3282 256 3321 an
281 3263 359 3322 inter
382 3263 526 3322 sacrificia
545 3267 576 3321 et
594 3263 706 3340 epulaS,
730 3283 807 3339 quae
831 3284 896 3322 earn
916 3264 1110 3341 excipiebant,
1130 3270 1285 3324 cantatum
1304 3266 1352 3342 sit,
1371 3266 1493 3327 difficile

218 3352 256 3410 ad
280 3352 503 3411 diiudicandum
527 3356 585 3426 est3
609 3355 704 3410 metra
728 3353 848 3428 quidem
873 3354 1005 3429 pompali
1028 3353 1153 3413 carmini
1177 3356 1285 3413 lavent.

273 3546 346 3606 Παῐ
361 3539 462 3625 Ῥέας,
486 3543 507 3606 ἄ
529 3566 563 3607 τε
586 3556 766 3629 πρυτανεῖα
790 3542 959 3628 λε’λογχας,
977 3542 1103 3625 Ἑστία,
1296 3549 1376 3631 Στρ.
1395 3544 1441 3612 α’.

275 3652 382 3733 Ζηνὸς
404 3649 546 3726 ὑψίστου
569 3652 749 3733 κασιγνήτα
772 3650 826 3716 καὶ
850 3651 1041 3738 ὁμοθρόνου
1058 3650 1177 3737 Ἥρας,

274 3753 312 3822 εὖ
335 3753 396 3842 μὲν
419 3756 654 3843 Ἀρισταγόραν
678 3758 766 3834 δέξαι
790 3760 864 3823 τεὸν
887 3758 920 3835 ἐς
942 3759 1111 3844 θάλαμον,

291 4004 370 4038 sunu
394 4004 496 4041 necno.
539 3986 622 4042 lnscr.
649 4004 702 4041 oni.
728 3988 796 4041 BD
823 4019 856 4026 -
882 3987 986 4043 Schol.:
1012 3986 1072 4042 οὐδ’
1102 3988 1182 4055 ὅλως,
1208 3989 1294 4058 φησιν
1320 3987 1334 4042 ό
1362 3986 1493 4060 Δίδυμος,

221 4055 305 4127 ἐχρῆν
322 4057 374 4126 τὴν
392 4055 469 4129 ᾠδὴν
488 4058 593 4126 ταύτην
608 4059 647 4120 εἰς
660 4059 724 4120 τοὺς
739 4056 880 4121 laevinum
894 4064 1070 4114 συνενῶσθαι
1084 4064 1254 4129 (merorum
1269 4059 1372 4127 codd.)·
1393 4062 1428 4114 οὗ
1443 4060 1494 4130 γὰρ

221 4128 296 4195 ἱερὸν
319 4129 416 4198 ἀγῶνα
439 4127 586 4199 νενίκηκεν
605 4130 619 4183 d
636 4128 838 4199 Ἀρισταγόρας,
864 4131 935 4184 ἀλλὰ
957 4134 1180 4201 περιχώρους-
1201 4138 1223 4184 1.
1242 4140 1394 4199 uparanete
1411 4132 1443 4186 D
1461 4162 1493 4172 -

292 4289 481 4325 oouunnrsnu.
519 4291 543 4327 v.
566 4278 588 4327 1.
613 4272 712 4327 schol:
735 4271 890 4339 πρυτανεῖά
910 4290 979 4341 φησι
997 4277 1092 4344 λαχεῖν
1109 4274 1160 4343 τὴν
1175 4272 1301 4341 Ἑστίαν,
1320 4271 1447 4342 παρόσον
1465 4272 1493 4327 ul

220 4351 275 4396 τῶν
293 4340 402 4397 πόλεων
424 4340 531 4396 Ἑστίαν
550 4343 580 4396 ἐν
599 4352 657 4407 τοῖς
673 4340 852 4411 πρυτανείοις
870 4344 1041 4412 ἀφίδρυνται
1059 4347 1107 4399 καὶ
1125 4345 1156 4399 τὸ
1176 4345 1252 4413 ἱερὸν
1270 4350 1299 4399 λε
1318 4344 1422 4415 όμενον
1440 4352 1493 4411 πῦρ

223 4414 266 4467 ee
293 4414 399 4468 τούτων
424 4411 579 4468 ἀπόκειται.
618 4414 720 4468 Vestae
746 4418 891 4483 tamquam
917 4419 1053 4484 patronae
1079 4416 1172 4470 curiae
1198 4434 1261 4470 cum
1287 4367 1337 4470 alii
1362 4420 1424 4470 tum
1447 4416 1493 4485 qui

221 4485 419 4555 magistratum
438 4485 549 4538 inibant
568 4489 633 4539 ante
652 4489 758 4539 ceteros
778 4486 844 4539 deos
863 4487 985 4556 deasque
1004 4487 1188 4542 libationibus
1211 4492 1241 4542 et
1263 4487 1408 4541 sacrificiis
1431 4487 1493 4541 lita·

221 4557 303 4624 bant,
327 4557 401 4611 unde
424 4556 609 4625 proverbialis
632 4556 738 4610 locutio
762 4556 816 4624 ἀφ’
833 4556 944 4620 Ἑστίας
966 4557 1120 4628 ἀρχόμενος
1138 4559 1265 4629 profecta
1283 4562 1338 4625 θοός
1358 4560 1394 4614 cl'.
1410 4558 1493 4683 [lidg-

220 4645 297 4681 mum
312 4627 348 4682 ad
363 4627 505 4697 Aristoph.
520 4644 595 4696 resp.
611 4645 658 4696 scr,
678 4629 763 4682 schol.
779 4629 851 4684 l'lat.
866 4629 987 4697 Euthyd.
1003 4649 1041 4697 sn,
1057 4630 1324 4699 ltoscher-Preuner,
1339 4630 1393 4685 lex.
1408 4648 1454 4700 my
1487 4670 1493 4681 .

220 4718 229 4750 1
249 4716 300 4752 erre
319 4717 354 4754 es.
382 4731 415 4738 —
444 4707 494 4752 ls.
518 4698 633 4752 Vestam
658 4700 732 4767 quod
757 4699 894 4753 Pindarus
917 4701 1012 4753 Rheae
1037 4701 1095 4755 sive
1118 4701 1238 4756 Telluris
1263 4701 1351 4756 filiam
1376 4702 1493 4769 ideoque

223 4771 295 4823 lovis
314 4774 399 4838 atque
419 4770 531 4823 lunonis
552 4786 672 4823 sororem
692 4770 773 4837 dixit,
792 4771 913 4841 vestigia
927 4772 997 4840 legit
1013 4772 1126 4826 Hesiodi
1142 4774 1233 4841 theog.
1249 4790 1289 4827 ess
1304 4806 1337 4812 -
1353 4772 1491 4844 λέλογχας·

223 4843 257 4894 dc
277 4842 336 4894 «leis
357 4859 471 4895 niunera
492 4841 674 4895 sortientibus
695 4844 730 4896 cl'.
746 4850 777 4898 0.
794 4862 830 4896 ru
849 4860 873 4897 οι
895 4874 927 4881 -·
