3442 5550
750 428 754 435 «
779 405 927 456 PINDARI

782 574 823 631 ee
849 565 929 650 [51]¹

429 672 946 724 lewau-ivwweu

429 775 492 846 Ἦν
516 781 568 846 ὅτε
592 781 674 857 σύας
697 782 734 845 τὸ
757 780 920 845 Βοιώτιον
943 783 1044 857 ἔθνος
1066 782 1192 845 ἔνεπον.

783 966 823 1023 84
864 967 929 1025 54.

307 1072 482 1148 Harpocrat.
506 1093 533 1132 v.
557 1070 810 1151 παίιναίρετος
828 959 879 1130 .[.
899 961 947 1130 ἐπὶ
970 1067 1002 1130 δὲ
1025 1078 1084 1130 τῶν
1106 1067 1351 1151 καθαιρεθέντων
1378 1071 1497 1133 οἰκοδο

217 1159 358 1240 μημοίτων
376 1158 426 1221 καί
444 1156 743 1239 ἀνοικοδομηθέντων
758 1159 910 1240 Πίνδαρος
925 1158 1141 1241 Διθυράμβοις.
1169 1161 1282 1223 Eadem
1299 1162 1361 1220 fere
1377 1161 1496 1221 Suidas.

307 1447 355 1507 Et.
379 1446 418 1505 Μ.
443 1458 503 1525 274,
527 1458 574 1506 50:
597 1446 794 1526 Δνθδραμβος
819 1493 825 1505 .
849 1491 856 1505 .
881 1492 887 1504 ,
911 1444 1063 1524 Πίνδαρος
1091 1442 1123 1504 δέ
1149 1462 1224 1523 φησι
1251 1446 1496 1526 λνθίραμβον·

217 1533 345 1615 καὶγὰρ
368 1535 444 1608 Ζεὺς
466 1533 639 1616 τικτομίνον
661 1533 754 1596 αὐτοῦ
777 1532 884 1614 ἐπεβόα
907 1538 992 1594 δῦθι
1019 1534 1151 1615 ῥάμμα,
1181 1539 1267 1595 δῦθι
1294 1535 1430 1616 ῥάμμα,
1454 1528 1494 1596 ἵν’

217 1613 237 1709 ᾖ
261 1624 466 1705 λοθίραμμος,
489 1622 537 1685 καί
561 1624 749 1705 δνθύραμβος
771 1621 845 1683 κατδι
868 1622 980 1703 τροπὴν
1003 1622 1053 1683 καὶ
1075 1623 1267 1703 πλεονασμόν.
1310 1619 1497 1704 Ἡρωδιανὸς

218 1712 250 1774 δέ
267 1732 340 1791 φησι
363 1712 399 1773 τὰ
422 1712 616 1794 προοτακτικδι
635 1712 675 1793 μὴ
695 1713 899 1775 συντίθεσθαι,
937 1713 1039 1790 cyrill.
1059 1714 1121 1774 cod.
1141 1714 1228 1773 Vind.
1248 1734 1275 1773 n.
1296 1725 1361 1773 ³19:
1386 1710 1494 1775 δΠίν-

217 1803 307 1883 δαρος
330 1801 560 1883 ίνθίραμμόν
583 1821 676 1881 φησιν
695 1802 799 1862 αὐτόν·
822 1801 945 1882 καὶγὰρ
964 1801 1040 1875 Ζεὺς
1058 1800 1229 1882 τικτομίνου
1249 1802 1341 1864 αὐτοῦ
1360 1800 1493 1882 ἔκραζεν·

217 1897 304 1953 ίῦθι
326 1896 411 1953 λῦθι
434 1893 559 1974 ῥάμμα.
606 1893 689 1953 conf.
713 1893 837 1952 Procius
860 1911 907 1968 ap.
931 1892 1017 1953 Phot.
1040 1891 1116 1952 Bibl.
1141 1904 1201 1952 239.

782 2075 822 2131 ee
849 2065 929 2150 [56].

308 2178 559 2258 Choerob.1267,
579 2190 612 2238 18
632 2179 726 2257 Hilg.:
749 2175 769 2256 ἡ
792 2176 947 2256 αἰτιατική,
969 2175 1047 2256 φημί
1070 2176 1108 2262 δὴ
1127 2173 1146 2254 ἡ
1166 2176 1289 2255 ἴκτινον,
1311 2176 1385 2238 κατὰ
1409 2201 1493 2257 μετα-

218 2267 352 2347 πίασμδν
371 2265 471 2348 γέγονε
490 2267 595 2346 ἴκτινα,
614 2268 710 2349 ὥσπερ
726 2317 731 2328 .
748 2313 754 2328 .
771 2317 776 2328 .
793 2266 983 2348 διθύραμβον
1007 2265 1190 2347 διθύραμβ
1196 2290 1215 2326 α
1237 2265 1318 2347 παρὰ
1340 2268 1494 2348 Πινδάρῳ.

836 2456 869 2510 V.

708 2567 741 2631 Π
752 2567 777 2630 Ρ
789 2565 815 2631 0
829 2565 1004 2632 ΣΟΔΙΑ.

748 2693 809 2741 em
827 2691 962 2744 ΔΗΛοΝ.

732 2807 782 2864 οι.
817 2806 857 2864 ee
896 2798 977 2883 [aa]⁸

431 3636 539 3722 Χαῖρ’,
563 3633 588 3701 ὦ
613 3637 796 3722 θεοδμάτα,
821 3637 1111 3721 λιπαροπλοκάμον
1359 3641 1441 3724 Στρ.

431 3746 583 3809 παίδεσσι
607 3748 738 3820 Λατοῦς
762 3743 991 3828 ίμεροέστατον
1014 3746 1123 3828 ἔρνος,

289 3936 333 3991 Fr.
353 3941 394 3990 83.
434 3936 522 3991 Schol.
539 3936 618 3992 Pind.
635 3937 665 3992 0.
680 3955 708 3990 v1
726 3952 776 3991 152:
796 3936 845 3991 διδι
864 3937 915 4006 τὴν
937 3938 1085 4006 ἀγροικίαν
1099 3937 1146 3990 καὶ
1161 3937 1323 4007 ἀναγωγίαν
1340 3936 1492 3994 τοπαίαιδν

218 4007 245 4062 οἱ
262 4009 376 4062 Βοιωτοί
390 4007 437 4071 ὗες
452 4008 609 4076 ἐκαλοῦντο,
630 4008 763 4075 καθάπερ
778 4010 826 4063 καί
840 4008 924 4071 αὐτὸς
939 4008 969 4064 ἐν
983 4017 1040 4072 τοῖς
1054 4006 1261 4081 Διθυράμβοις·
1277 4004 1330 4064 Ἦν
1340 4050 1346 4063 .
1356 4053 1361 4063 .
1373 4054 1377 4063 .
1391 4009 1406 4065 ἔ
1451 4028 1490 4065 ον.

218 4080 310 4134 Strab.
325 4099 363 4133 v11
382 4096 428 4134 ³21.
452 4079 550 4136 Galen.
565 4081 653 4135 Protr.
669 4097 680 4134 1
699 4112 734 4120 -
752 4080 784 4134 τὸ
803 4097 856 4134 om.
877 4080 968 4135 Strab.
987 4083 1016 4135 et
1035 4078 1096 4134 Gal.
1116 4109 1149 4120 ·-
1170 4078 1271 4135 ἔνεπον
1298 4079 1409 4138 δίποδα
1479 4110 1490 4122 ·

220 4172 271 4221 γον
290 4149 375 4205 schol.
395 4150 475 4205 Pind.
495 4183 529 4191 -
548 4151 696 4206 Praeterea
714 4151 788 4206 inter
805 4151 999 4220 dithyrambos
1018 4150 1050 4204 fr.
1072 4167 1110 4206 rm
1128 4151 1240 4205 rettulit
1257 4150 1378 4205 Bocchh.

289 4222 330 4277 De
345 4221 531 4291 dithyrambis
546 4222 660 4276 Pindari
674 4222 745 4277 heec
760 4223 878 4277 adnotat
891 4223 1045 4277 Philodem.
1061 4221 1097 4276 de
1115 4240 1185 4277 mus.
1201 4238 1222 4290 ο,
1237 4240 1270 4291 18,
1285 4238 1297 4276 τ
1314 4222 1357 4277 ed.
1372 4222 1490 4279 Kemke:

217 4295 265 4347 καί
283 4295 348 4356 τοὺς
366 4295 604 4366 δενθνραμβικοὺς
623 4292 653 4348 δὲ
673 4293 792 4362 τρόπους
811 4294 840 4348 εί
853 4315 894 4358 τις
912 4292 1066 4364 συγκρίνων,
1085 4291 1135 4348 τόν
1153 4314 1182 4349 τε
1198 4293 1270 4348 κατὰ
1284 4291 1432 4363 Πίνδαρον
1446 4295 1491 4350 καί

217 4365 267 4419 τὸν
291 4364 362 4420 κατὰ
383 4362 545 4433 Φιλόξενον,
568 4366 692 4435 μεγάλην
714 4365 921 4434 εὑρεθήσεσθαι
945 4366 996 4435 τὴν
1019 4365 1163 4434 διαφορὰν
1185 4373 1240 4420 τῶν
1264 4364 1492 4438 ἐπιφαινομένων

220 4437 312 4506 ἠθῶν,
331 4437 381 4492 τὸν
399 4434 426 4490 δ’
449 4436 535 4490 αὐτὸν
555 4432 628 4490 εἶναι
645 4435 758 4505 τρόπον.
1167 4468 1182 4501 0

288 4509 331 4563 Fr.
357 4515 399 4562 87.
423 4513 457 4562 88
483 4506 607 4561 eiusdem
634 4525 694 4563 esse
719 4508 850 4562 carminis
875 4508 983 4563 Deliaci
1006 4507 1052 4578 (cf.
1072 4509 1091 4562 I.
1111 4527 1120 4561 τ
1140 4509 1175 4577 ι),
1201 4508 1277 4576 quod
1301 4507 1491 4577 προσοδιακὸν

218 4589 327 4634 παιᾶνα
342 4578 427 4634 schol.
443 4578 678 4636 Pind.l.1inecr.
695 4579 829 4663 appellat,
850 4580 1005 4636 Boeckhiua
1021 4578 1134 4646 statuit3
1154 4579 1286 4649 strophae
1305 4577 1381 4634 enim
1399 4578 1491 4635 ultimi

218 4656 346 4719 quatuor,
360 4650 552 4721 antistrophae
565 4650 648 4721 primi
661 4651 716 4705 duo
728 4651 903 4706 intercidisse
912 4651 1050 4705 videntur.
1069 4649 1171 4705 Cantui
1181 4650 1311 4705 carminis
1322 4650 1491 4707 orchestieor

218 4725 309 4777 motus
324 4723 475 4777 accessisse
490 4722 572 4776 dccet
585 4722 665 4777 Pind.
680 4725 699 4778 Ι.
715 4743 725 4777 1
740 4740 760 4793 τ,
779 4724 852 4792 quod
869 4740 901 4778 eo
915 4721 1006 4792 magis
1020 4721 1102 4775 nobie
1116 4722 1259 4792 probetur,
1278 4722 1354 4791 quod
1372 4727 1491 4780 metrum

218 4811 328 4862 quoque
348 4794 496 4865 dipodicae
515 4793 664 4862 mansioni,
683 4812 768 4863 quam
782 4794 811 4849 in
826 4793 979 4848 embeterio
994 4792 1117 4848 carmine
1131 4791 1292 4868 (προσοδίῳ)
1306 4797 1357 4849 tuo
1371 4795 1434 4851 iure
1447 4812 1490 4850 ex·

219 4869 336 4935 spectes,
355 4865 466 4937 egregie
486 4865 570 4919 favet.
