3442 5550
759 365 908 416 PINDARI
926 366 1092 420 EPINICIA.

496 528 529 591 ελ
549 525 577 591 δ’
607 527 714 592 ἄεθλα
737 528 875 611 γαρύειν
897 608 903 617 ¹

497 635 622 717 ἔλδεαι,
645 638 747 717 φίλον
770 629 865 720 ἦτορ,

434 756 451 803 ο
496 739 604 823 μηκέτ’
633 740 747 826 ἀελίου
771 745 885 807 σκόπει

496 848 578 912 ἀλλο
602 852 832 932 θαλπνότερον
855 847 892 912 έν
915 848 990 932 ἀμέ-

539 979 583 1040 ρᾳ
605 957 753 1038 φαεννὸν
776 956 900 1037 ἀστρον
923 955 1059 1040 έρή-μας
1082 954 1124 1019 δι’
1153 953 1303 1041 αἰθέρος,
1404 971 1436 1019 10

495 1059 573 1143 μηδ’
597 1059 782 1145 Ὀλυμπίας
805 1061 917 1143 ἀγῶνα
941 1061 1103 1148 φέρτερον
1126 1061 1184 1125 αὐ·
1199 1062 1357 1145 δάσομεν·

499 1168 581 1232 ὅθεν
605 1168 622 1232 ὁ
645 1170 839 1252 πολύφατος
861 1168 966 1253 ὕμνος
988 1167 1229 1253 ἀμφιβάλλεται

496 1286 613 1357 σοφῶν
635 1279 803 1359 μητίεσσι,
825 1277 976 1341 κελαδεῖν

419 1399 449 1445 ιο
496 1384 630 1463 Κρόνου
653 1381 743 1447 παῖδ’
771 1382 804 1459 ές
827 1383 956 1467 ἀφνεὰν
980 1382 1155 1467 ἱκομένους

495 1490 660 1574 μάκαιραν
677 1487 827 1573 Ἱέρωνος
851 1488 976 1573 ἑστίαν,

494 1799 686 1876 θεμιστεῖον
710 1792 746 1869 ὃς
769 1791 911 1877 ἀμφέπει

539 1911 685 1964 σκᾶπτον
708 1899 744 1963 έν
767 1903 945 1986 πολυμήλφ

495 2010 647 2091 Σικελίᾳ,
671 2005 803 2092 δρέπων

538 2110 599 2197 μέν
621 2115 772 2197 κορυφὰς
794 2113 914 2194 ἀρετᾶν
937 2115 1003 2179 ἀπο
1026 2126 1150 2197 πασᾶν,

493 2219 679 2301 ἀγλαΐζεται
703 2217 740 2285 δὲ
762 2217 817 2285 καὶ

418 2344 448 2389 15
494 2340 655 2410 μουσικᾶς
678 2326 715 2392 έν
738 2324 849 2415 ἀώτῳ,

494 2426 547 2498 οἷα
570 2438 727 2518 παιζομεν
750 2439 854 2517 φίλαν

351 2722 376 2769 3.
395 2714 499 2784 γαρύεν
518 2716 620 2778 ΑΗ),
642 2733 668 2769 v.
688 2715 760 2770 Prol.
780 2736 807 2768 nr
828 2749 859 2756 —
880 2723 904 2771 6.
925 2716 1051 2784 φαεννὸν
1069 2716 1109 2771 E:
1129 2717 1237 2784 φαενὸν
1253 2717 1319 2784 AC,
1335 2717 1454 2784 φαεινὸν
1464 2716 1502 2771 D.
1523 2749 1556 2756 -

283 2792 305 2839 λ.
322 2786 483 2856 αὐδάσομαι
500 2786 546 2840 vel
569 2786 644 2840 αὔδα
663 2787 697 2839 σύ
715 2807 763 2856 μοι
781 2788 852 2843 coni.
867 2787 969 2841 Nuber.
991 2820 1024 2827 -
1045 2794 1084 2842 10.
1101 2787 1247 2856 ἱκομένους
1260 2787 1323 2842 ΑΙ)
1336 2790 1366 2840 et
1379 2786 1479 2843 schol:
1498 2786 1556 2842 λκό·

280 2876 359 2927 μενοι
381 2859 414 2925 0,
433 2856 573 2928 ἱκομένοις
590 2858 655 2926 Byr.
677 2891 708 2897 —
730 2866 770 2914 12.
790 2859 937 2932 πολυμάλῳ
956 2859 1066 2914 Thomz
1085 2858 1234 2931 πολυμάλῳ
1255 2859 1344 2914 ΔΟΙ)
1364 2891 1395 2898 -

350 3042 374 3090 6.
395 3035 425 3090 ἐν
444 3036 533 3105 ἁμέρα
553 3054 589 3090 au
611 3038 700 3091 endec
719 3037 759 3092 rei
777 3037 872 3107 gratia
890 3037 1019 3091 additum
1039 3040 1082 3091 est
1100 3036 1260 3107 oppositum
1279 3034 1358 3091 νυκτί
1376 3055 1401 3090 v.
1417 3053 1429 3090 ε
1445 3069 1477 3077 -
1493 3033 1556 3105 έρή-

279 3127 333 3176 μας
347 3106 386 3162 δι’
400 3056 657 3175 aceepog'similiter
671 3126 688 3162 a
702 3108 824 3163 Pindaro
838 3108 945 3162 dictum
960 3111 1004 3162 est
1017 3112 1103 3177 etque
1117 3109 1154 3162 ab
1167 3108 1285 3163 Horatio
1300 3107 1328 3163 C.
1343 3127 1353 3160 1
1367 3124 1387 3173 s,
1400 3125 1427 3162 se
1439 3126 1555 3163 vacuum

279 3197 351 3233 uero.
378 3179 505 3233 l'acuum
519 3184 614 3234 autem
629 3180 745 3234 seihero
759 3179 862 3234 dixisse
876 3184 962 3250 poete
976 3180 1096 3247 videtur,
1110 3195 1167 3232 non
1182 3179 1257 3248 quod
1272 3196 1381 3249 semper
1394 3180 1556 3248 corporibus

279 3250 396 3304 terrenis
419 3250 608 3320 gravibusque
627 3255 754 3319 vacaret,
776 3250 825 3304 sed
843 3251 920 3321 quod
939 3255 998 3304 tum
1017 3254 1111 3305 cetera
1130 3250 1223 3304 sidera
1240 3250 1350 3321 fulgore
1369 3250 1436 3304 solis
1455 3250 1555 3320 fugate

279 3324 372 3375 essent
397 3353 428 3360 -
455 3328 478 3376 7.
498 3321 593 3376 σκόπει
616 3367 643 3377 ..
663 3321 730 3391 μηδ’
751 3322 924 3392 αὐδάσομεν·
945 3323 1106 3391 αὐδάσομεν
1125 3340 1159 3375 ex
1177 3321 1325 3376 Homerico
1343 3339 1396 3375 usu
1415 3321 1473 3375 vim
1491 3338 1555 3375 con-

277 3391 396 3446 iunctivi
415 3391 514 3459 habet,
541 3395 572 3446 ut
591 3392 713 3466 βάσομεν
731 3411 782 3463 pro
802 3393 930 3466 βάσομεν
954 3394 986 3448 Ο.
1005 3409 1039 3447 τι
1057 3409 1096 3462 se,
1119 3391 1229 3459 δέξεται
1248 3410 1298 3463 pro
1318 3391 1431 3461 δέξηται
1449 3392 1482 3448 fr.
1502 3409 1555 3459 ¹³³3

277 3462 408 3517 similiter
431 3479 496 3517 vero
519 3463 717 3533 imperativum
745 3481 808 3517 cum
836 3464 1015 3519 coniunctivo
1038 3464 1184 3519 coniunxit
1205 3465 1233 3531 1.,
1246 3479 1306 3518 vm
1325 3481 1336 3520 τ
1359 3463 1553 3532 θεράπευε..

277 3533 469 3605 δαμωσόμεθα
492 3567 525 3574 -
550 3542 574 3588 8.
594 3535 809 3608 ἀμφιβάλλεται·
829 3537 864 3590 cf.
884 3537 963 3591 Hom.
984 3536 1008 3588 K
1027 3552 1066 3591 oss
1084 3537 1159 3605 ἀμφὶ
1177 3536 1280 3599 κτύπος
1299 3535 1387 3590 οὔατα
1400 3535 1501 3659 βάλλει
1521 3567 1553 3575 -

277 3612 301 3661 9.
326 3604 423 3675 σοφοί·
446 3611 548 3676 poetae
571 3606 749 3675 potissimum
772 3607 825 3660 hoc
847 3608 959 3662 nomine
983 3625 1000 3661 a
1023 3607 1145 3662 Pindum
1169 3610 1304 3661 ornantur
1331 3607 1377 3677 (cf.
1425 3621 1488 3661 .111
1506 3624 1553 3662 11³.

277 3678 298 3731 Ι.
318 3694 329 3732 1
347 3681 392 3747 ετ),
419 3684 452 3731 ut
470 3695 488 3730 a
507 3677 619 3733 Catullo
638 3681 738 3747 poetae
757 3678 834 3732 docti
852 3679 985 3733 dicuntur
1005 3712 1036 3718 -
1060 3686 1099 3732 10.
1120 3676 1277 3749 ἱκομένους·
1303 3694 1359 3732 ecc.
1378 3694 1402 3733 c.
1422 3677 1470 3732 inf.
1490 3679 1556 3746 post

275 3751 491 3817 praecedentem
502 3749 630 3803 dativum
644 3749 775 3803 similiter
789 3750 937 3821 usurpavit
953 3751 982 3806 P.
998 3765 1024 3805 11
1038 3767 1072 3819 ss,
1088 3750 1156 3803 Xen.
1172 3767 1217 3803 an.
1232 3764 1270 3804 111
1285 3766 1306 3813 ε,
1322 3767 1332 3803 1
1348 3749 1445 3814 ἔδοξεν
1459 3749 1555 3811 αὐτοῖς

275 3821 503 3888 καταστήσαντας
518 3825 677 3891 συγκαλεῖν·
698 3822 731 3875 cf.
747 3821 856 3904 liniger
869 3822 991 3876 Gramm.
1006 3838 1041 3889 σο,
1055 3840 1068 3877 ε
1082 3823 1133 3875 An.
1150 3838 1160 3875 τ
1175 3853 1210 3861 -
1226 3828 1266 3876 12.
1286 3825 1456 3891 θεμιστεῖον,
1475 3835 1553 3888 scep-

276 3894 351 3943 trum
376 3894 450 3960 regis
473 3893 517 3946 ius
540 3893 695 3964 (θέμιστας)
718 3893 839 3947 dicentls
862 3925 896 3935 -
922 3900 962 3948 12.
986 3894 1134 3966 πολυμήλῳ
1157 3891 1272 3967 Σικελίᾳ
1296 3908 1382 3960 quem
1404 3890 1554 3964 πολυμάλῳ

276 3964 339 4016 Σικ.
357 3961 403 4016 sel
422 3963 519 4017 invitis
543 3965 656 4034 optimis
680 3965 824 4021 codicibus
848 3966 969 4020 scribere
992 3964 1092 4031 malui,
1116 3965 1192 4033 quod
1215 3967 1301 4033 poete
1324 3964 1353 4018 P.
1374 3978 1419 4017 un
1440 3981 1449 4016 ι
1469 3966 1553 4032 μηλο-

276 4030 360 4103 βότου
384 4031 566 4102 Ἀκράγαντος
594 4036 680 4104 dixit,
709 4042 738 4091 et
765 4036 892 4092 Siciliam
915 4037 1006 4106 magis
1030 4036 1176 4107 pecoribus
1205 4035 1321 4104 (μήλοις)
1349 4051 1435 4104 quem
1461 4033 1553 4104 pomis

276 4103 393 4173 (μάλοις)
415 4105 560 4159 abundare
584 4106 641 4159 ism
665 4111 745 4161 setus
768 4109 845 4163 sama
870 4108 1036 4191 Polyphemi
1064 4106 1185 4177 pastoris
1209 4108 1238 4160 et
1262 4105 1432 4176 pastoriciue
1459 4105 1553 4175 poesis

277 4174 355 4244 origo
377 4176 542 4245 prodebant.
581 4177 678 4247 Neque
697 4179 734 4231 ab
752 4180 805 4232 huc
824 4183 966 4235 sententis.
985 4196 1029 4232 me
1048 4177 1158 4247 depulit
1181 4176 1328 4247 epitheton
1353 4176 1464 4231 Siculae
1483 4177 1553 4231 dese

277 4247 427 4315 Δάματρος
453 4247 615 4318 μαλοφόρον
644 4266 688 4319 up.
718 4249 798 4304 Paus.
823 4271 832 4302 1
856 4270 895 4319 ευ,
924 4268 936 4305 3
964 4254 993 4305 et
1021 4251 1049 4303 in
1079 4249 1163 4303 titolo
1191 4248 1349 4303 Selinuntio
1377 4265 1422 4317 ap.
1450 4247 1553 4302 Kaibel

275 4316 367 4371 lGSI.
387 4334 439 4384 τρες
462 4322 492 4371 ut
512 4320 587 4373 enim
601 4321 677 4383 ‚bene
696 4320 751 4375 dea
768 4339 881 4391 pomum
907 4340 992 4376 manu
1011 4326 1109 4375 tenens
1128 4319 1287 4389 μαλοφόρος
1305 4322 1492 4389 nuncupatur,
1511 4318 1553 4372 itu

276 4387 804 4530 ttbmbtllot‘btltltlitt?
823 4393 1198 4532 timinnd’smttiipilti
1217 4390 1552 4530 ’ἱῗάμὲλῖλτῗῖἰῗαᾞί

920 4508 925 4517 .
1007 4496 1013 4516 ε
1139 4492 1146 4529 Ι
1538 4496 1550 4524 2

275 4533 381 4600 χθονὸς
404 4532 463 4586 scil.
482 4534 588 4605 Λιβύας
612 4566 645 4574 -
672 4540 712 4587 13.
733 4533 843 4601 δρέπων
861 4534 912 4604 μὲν
932 4579 937 4588 .
954 4580 959 4589 .
977 4581 982 4589 .
1001 4537 1161 4604 ἀγλαΐζεται
1179 4531 1224 4587 δέ·
1249 4552 1299 4588 suo
1318 4551 1394 4589 more
1414 4533 1552 4587 Pindarus

275 4602 387 4657 dicendi
411 4604 560 4659 formulam
586 4605 680 4659 variat
708 4606 863 4660 indicativo
906 4609 951 4660 ost
973 4605 1154 4675 participium
1179 4623 1245 4658 usus
1273 4637 1306 4645 -
1337 4613 1377 4659 15.
1402 4599 1552 4659 Hieronem

274 4676 481 4744 μουσικώτατον
500 4679 662 4745 ἀνθρώπων
685 4678 771 4731 etium
796 4678 863 4731 Xen.
882 4625 958 4732 Eiet.
977 4696 1005 4730 ιν
1025 4693 1050 4732 15
1069 4676 1181 4743 laudat3
1208 4682 1354 4746 praeterea
1372 4676 1469 4732 confer
1485 4677 1551 4731 Pin-

274 4744 373 4799 darum
397 4747 488 4817 ipsum
513 4748 543 4802 Ο.
569 4767 596 4801 vr
619 4765 645 4803 sn
676 4780 707 4787 —
738 4755 778 4802 16.
802 4748 937 4819 παίζομεν
1037 4748 1150 4815 ἀνδρες·
1175 4748 1338 4802 amabiliter
1360 4751 1446 4819 poete
1468 4746 1551 4815 ludit,

275 4817 367 4872 serbis
392 4818 539 4872 contrariis
563 4838 643 4889 usus,
668 4838 731 4874 cum
753 4821 827 4874 siros
851 4822 907 4875 ritu
932 4838 1080 4891 puerorum
1104 4820 1133 4873 in
1156 4820 1285 4874 convivio
1304 4820 1401 4891 ludere
1420 4819 1498 4873 dicet
1518 4850 1549 4857 -
