3442 5550
743 1230 908 1307 inemori.
929 1250 967 1304 ς’.

453 1416 844 1499 ΦΤΛΑΚΙΔΑι
889 1415 1256 1500 ΑΙΓΙΝΗΤΗι

740 1608 971 1660 ΠΑΓΚΕΑΤΙΩι.

736 3708 977 3790 Argumentum.

306 3836 391 3907 Quod
415 3837 444 3895 in
469 3837 614 3913 principio
639 3839 750 3916 egregii
774 3839 914 3898 carminis
937 3842 1027 3915 poeta
1051 3838 1180 3897 altorum
1199 3844 1315 3898 cratera
1339 3839 1494 3900 Musarum

218 3945 248 3986 se
272 3926 391 3985 mittere
414 3926 495 4003 dicit,
515 3928 570 3986 hoc
589 3931 704 3988 veteres
722 3927 890 3988 redactores
909 3928 1076 3987 carminum
1095 3927 1217 3986 Pindari
1236 3928 1280 3987 ita
1303 3929 1495 4005 interpretati

218 4020 301 4092 sunt,
330 4019 484 4092 tamquam
514 4017 569 4076 hoc
597 4035 715 4076 carmen
744 4019 861 4075 sextum
888 4020 957 4093 post
980 4017 1119 4093 quintum
1144 4016 1289 4092 scriptum
1312 4017 1360 4076 sit.
1409 4018 1495 4090 Quod

218 4106 329 4164 salsum
349 4124 411 4164 esse
431 4105 499 4164 inde
519 4107 653 4182 apparet,
673 4106 754 4181 quod
773 4106 803 4163 in
822 4106 877 4165 hoc
897 4106 1026 4165 carmine
1043 4097 1141 4187 (3-7)
1160 4124 1222 4164 una
1240 4106 1367 4166 victoria
1386 4107 1495 4184 Phyla-

217 4194 300 4255 cidae
330 4194 472 4254 lsthmioa
500 4198 762 4271 commemoratur,
790 4195 822 4252 in
849 4195 1053 4271 praecedentis
1076 4194 1216 4254 carminis
1238 4214 1326 4255 versu
1352 4207 1384 4254 17
1410 4197 1493 4257 duae.

218 4284 352 4344 Priorem
380 4284 475 4362 igitur
502 4287 618 4344 cratera
645 4285 800 4343 Musarum
826 4287 916 4359 poeta
943 4303 1006 4344 esse
1029 4283 1128 4343 voluit
1149 4303 1208 4343 non
1232 4283 1409 4344 Isthmicum
1433 4307 1494 4346 car·

219 4393 286 4433 men
306 4373 455 4452 quintum,
475 4373 526 4432 sed
545 4374 726 4433 Nemeaeum
750 4372 899 4448 quintum.
935 4373 1040 4450 Neque
1062 4374 1187 4450 longum
1205 4373 1398 4432 intervallum
1418 4377 1497 4435 inter

218 4462 447 4521 carmina1.vr
471 4465 501 4520 et
524 4462 560 4521 N.
580 4481 599 4521 v
622 4462 821 4521 intercessisse
845 4461 1032 4539 crediderim,
1061 4461 1204 4538 quoniam
1228 4462 1381 4522 exordium
1405 4464 1495 4524 huius

218 4551 357 4609 carminis
377 4551 506 4610 alterum
520 4570 638 4610 carmen
653 4551 739 4626 quasi
754 4552 846 4626 paulo
861 4554 930 4609 ante
946 4551 1059 4610 factum
1073 4550 1191 4626 excipit.
1219 4551 1291 4610 Inde
1310 4552 1446 4613 conicere
1463 4554 1493 4611 in

218 4640 377 4715 propatulo
392 4642 437 4698 est
451 4640 527 4699 hanc
541 4639 698 4699 victoriam
713 4639 893 4716 Phylacidae
908 4639 1082 4698 Isthmicum
1097 4638 1142 4697 01.
1155 4641 1205 4716 74,
1217 4643 1247 4718 4,
1262 4640 1323 4699 sive
1338 4661 1408 4701 rere
1424 4641 1493 4702 anni

219 4729 283 4786 480
303 4748 328 4787 a.
349 4727 415 4787 Chr.
436 4732 552 4804 partam
576 4745 648 4804 esse,
671 4728 719 4787 oui
743 4729 871 4806 tempori
893 4729 924 4787 id
948 4748 1067 4805 quoque
1090 4729 1237 4806 convenit,
1261 4729 1341 4806 quod
1361 4728 1494 4808 Olympii

218 4815 296 4895 ludi,
326 4835 401 4893 quos
431 4821 485 4877 aut
514 4816 709 4894 Phylacidam
739 4822 806 4896 aut,
834 4817 915 4894 quod
942 4817 1040 4896 magis
1067 4817 1214 4896 putarim,
1241 4818 1390 4894 Pytheam
1413 4820 1494 4881 obire
