<?xml version="1.0" encoding="UTF-8"?>
<!DOCTYPE html PUBLIC "-//W3C//DTD XHTML 1.0 Transitional//EN"
    "http://www.w3.org/TR/xhtml1/DTD/xhtml1-transitional.dtd">
<html xmlns="http://www.w3.org/1999/xhtml" xml:lang="en" lang="en">
 <head>
  <title>
</title>
<meta http-equiv="Content-Type" content="text/html;charset=utf-8" />
  <meta name='ocr-system' content='tesseract 3.04.00' />
  <meta name='ocr-capabilities' content='ocr_page ocr_carea ocr_par ocr_line ocrx_word'/>
</head>
<body>
  <div class='ocr_page' id='page_1' title='image "./pindaricarminap00chrigoog_0106.png"; bbox 0 0 3442 5550; ppageno 0'>
   <div class='ocr_carea' id='block_1_1' title="bbox 535 418 1435 473">
    <p class='ocr_par' dir='ltr' id='par_1_1' title="bbox 535 418 1435 473">
     <span class='ocr_line' id='line_1_1' title="bbox 535 418 1435 473; baseline 0.003 -5"><span class='ocrx_word' id='word_1_1' title='bbox 535 420 585 470; x_wconf 89' lang='lat'>111.</span> <span class='ocrx_word' id='word_1_2' title='bbox 611 420 660 469; x_wconf 84' lang='lat' dir='ltr'><strong>DE</strong></span> <span class='ocrx_word' id='word_1_3' title='bbox 679 419 787 470; x_wconf 86' lang='lat' dir='ltr'>LUDIS</span> <span class='ocrx_word' id='word_1_4' title='bbox 806 420 852 469; x_wconf 86' lang='lat' dir='ltr'><strong>ET</strong></span> <span class='ocrx_word' id='word_1_5' title='bbox 871 420 1046 472; x_wconf 82' lang='lat' dir='ltr'><strong>EPINICHS.</strong></span> <span class='ocrx_word' id='word_1_6' title='bbox 1336 418 1435 473; x_wconf 74' lang='lat' dir='ltr'>XCVII</span> 
     </span>
    </p>
   </div>
   <div class='ocr_carea' id='block_1_2' title="bbox 151 577 1482 4310">
    <p class='ocr_par' dir='ltr' id='par_1_2' title="bbox 151 577 1482 4310">
     <span class='ocr_line' id='line_1_2' title="bbox 155 577 1475 677; baseline 0.001 -33"><span class='ocrx_word' id='word_1_7' title='bbox 155 584 339 664; x_wconf 89' lang='lat' dir='ltr'><strong>posuerunt.</strong></span> <span class='ocrx_word' id='word_1_8' title='bbox 348 577 373 665; x_wconf 85' lang='lat'><strong>¹)</strong></span> <span class='ocrx_word' id='word_1_9' title='bbox 418 579 641 645; x_wconf 86' lang='lat' dir='ltr'><strong>Nihilominus</strong></span> <span class='ocrx_word' id='word_1_10' title='bbox 668 581 717 645; x_wconf 90' lang='lat' dir='ltr'><strong>ita</strong></span> <span class='ocrx_word' id='word_1_11' title='bbox 739 580 897 645; x_wconf 83' lang='lat' dir='ltr'><strong>Pindarus</strong></span> <span class='ocrx_word' id='word_1_12' title='bbox 925 582 1104 647; x_wconf 89' lang='lat' dir='ltr'><strong>sententias</strong></span> <span class='ocrx_word' id='word_1_13' title='bbox 1133 583 1164 646; x_wconf 90' lang='lat' dir='ltr'><strong>in</strong></span> <span class='ocrx_word' id='word_1_14' title='bbox 1194 583 1261 647; x_wconf 88' lang='lat' dir='ltr'><strong>suis</strong></span> <span class='ocrx_word' id='word_1_15' title='bbox 1286 583 1433 667; x_wconf 87' lang='lat' dir='ltr'><strong>epinioiis</strong></span> <span class='ocrx_word' id='word_1_16' title='bbox 1470 630 1475 677; x_wconf 69' lang='lat'><strong>,¹</strong></span> 
     </span>
     <span class='ocr_line' id='line_1_3' title="bbox 155 685 1467 781; baseline 0.001 -29"><span class='ocrx_word' id='word_1_17' title='bbox 155 685 384 771; x_wconf 81' lang='lat' dir='ltr'><strong>conformavit,</strong></span> <span class='ocrx_word' id='word_1_18' title='bbox 416 692 581 772; x_wconf 78' lang='lat' dir='ltr'><strong>tamquam</strong></span> <span class='ocrx_word' id='word_1_19' title='bbox 612 708 679 751; x_wconf 90' lang='lat' dir='ltr'><strong>non</strong></span> <span class='ocrx_word' id='word_1_20' title='bbox 706 686 839 771; x_wconf 88' lang='lat' dir='ltr'><strong>chorus,</strong></span> <span class='ocrx_word' id='word_1_21' title='bbox 872 688 928 752; x_wconf 89' lang='lat' dir='ltr'><strong>sed</strong></span> <span class='ocrx_word' id='word_1_22' title='bbox 956 693 1053 771; x_wconf 88' lang='lat' dir='ltr'><strong>poeta</strong></span> <span class='ocrx_word' id='word_1_23' title='bbox 1079 689 1149 773; x_wconf 90' lang='lat' dir='ltr'><strong>ipse</strong></span> <span class='ocrx_word' id='word_1_24' title='bbox 1177 689 1277 754; x_wconf 90' lang='lat' dir='ltr'><strong>verba</strong></span> <span class='ocrx_word' id='word_1_25' title='bbox 1304 688 1436 773; x_wconf 84' lang='lat' dir='ltr'><strong>faceret,</strong></span> <span class='ocrx_word' id='word_1_26' title='bbox 1464 766 1467 781; x_wconf 40' lang='grc' dir='ltr'>Ι</span> 
     </span>
     <span class='ocr_line' id='line_1_4' title="bbox 155 793 1433 881; baseline 0.002 -24"><span class='ocrx_word' id='word_1_27' title='bbox 155 793 241 877; x_wconf 92' lang='lat' dir='ltr'><strong>quod</strong></span> <span class='ocrx_word' id='word_1_28' title='bbox 265 799 301 858; x_wconf 88' lang='lat' dir='ltr'><strong>ut</strong></span> <span class='ocrx_word' id='word_1_29' title='bbox 324 794 404 859; x_wconf 88' lang='lat' dir='ltr'><strong>satis</strong></span> <span class='ocrx_word' id='word_1_30' title='bbox 428 794 647 860; x_wconf 78' lang='lat' dir='ltr'><strong>excusationis</strong></span> <span class='ocrx_word' id='word_1_31' title='bbox 670 793 822 879; x_wconf 87' lang='lat' dir='ltr'><strong>habebat,</strong></span> <span class='ocrx_word' id='word_1_32' title='bbox 845 794 950 860; x_wconf 84' lang='lat' dir='ltr'><strong>sicubi</strong></span> <span class='ocrx_word' id='word_1_33' title='bbox 973 799 1071 880; x_wconf 88' lang='lat' dir='ltr'><strong>poeta</strong></span> <span class='ocrx_word' id='word_1_34' title='bbox 1094 796 1192 861; x_wconf 93' lang='lat' dir='ltr'><strong>choro</strong></span> <span class='ocrx_word' id='word_1_35' title='bbox 1216 800 1365 881; x_wconf 86' lang='lat' dir='ltr'><strong>praeerat</strong></span> <span class='ocrx_word' id='word_1_36' title='bbox 1383 797 1433 860; x_wconf 90' lang='lat' dir='ltr'><strong>vel</strong></span> 
     </span>
     <span class='ocr_line' id='line_1_5' title="bbox 155 900 1434 987; baseline 0.001 -23"><span class='ocrx_word' id='word_1_37' title='bbox 155 900 272 965; x_wconf 88' lang='lat' dir='ltr'><strong>saltem</strong></span> <span class='ocrx_word' id='word_1_38' title='bbox 295 901 413 966; x_wconf 89' lang='lat' dir='ltr'><strong>fidibus</strong></span> <span class='ocrx_word' id='word_1_39' title='bbox 436 903 467 967; x_wconf 90' lang='lat' dir='ltr'><strong>ei</strong></span> <span class='ocrx_word' id='word_1_40' title='bbox 491 901 691 984; x_wconf 89' lang='lat' dir='ltr'><strong>succinebat,</strong></span> <span class='ocrx_word' id='word_1_41' title='bbox 720 902 768 966; x_wconf 89' lang='lat' dir='ltr'><strong>ita</strong></span> <span class='ocrx_word' id='word_1_42' title='bbox 791 902 910 966; x_wconf 90' lang='lat' dir='ltr'><strong>mirum</strong></span> <span class='ocrx_word' id='word_1_43' title='bbox 934 923 1000 965; x_wconf 90' lang='lat' dir='ltr'><strong>non</strong></span> <span class='ocrx_word' id='word_1_44' title='bbox 1025 902 1125 967; x_wconf 87' lang='lat' dir='ltr'><strong>videri</strong></span> <span class='ocrx_word' id='word_1_45' title='bbox 1147 925 1213 967; x_wconf 91' lang='lat' dir='ltr'><strong>non</strong></span> <span class='ocrx_word' id='word_1_46' title='bbox 1236 908 1379 987; x_wconf 87' lang='lat' dir='ltr'><strong>poterat,</strong></span> <span class='ocrx_word' id='word_1_47' title='bbox 1408 903 1434 965; x_wconf 87' lang='lat' dir='ltr'><strong>si</strong></span> 
     </span>
     <span class='ocr_line' id='line_1_6' title="bbox 155 1007 1436 1095; baseline 0.003 -24"><span class='ocrx_word' id='word_1_48' title='bbox 155 1013 253 1092; x_wconf 89' lang='lat' dir='ltr'><strong>poeta</strong></span> <span class='ocrx_word' id='word_1_49' title='bbox 279 1007 451 1073; x_wconf 84' lang='lat' dir='ltr'><strong>festivitati</strong></span> <span class='ocrx_word' id='word_1_50' title='bbox 478 1031 543 1073; x_wconf 91' lang='lat' dir='ltr'><strong>non</strong></span> <span class='ocrx_word' id='word_1_51' title='bbox 570 1008 739 1094; x_wconf 85' lang='lat' dir='ltr'><strong>intererat,</strong></span> <span class='ocrx_word' id='word_1_52' title='bbox 768 1010 824 1074; x_wconf 88' lang='lat' dir='ltr'><strong>sed</strong></span> <span class='ocrx_word' id='word_1_53' title='bbox 853 1032 870 1074; x_wconf 92' lang='lat' dir='ltr'><strong>e</strong></span> <span class='ocrx_word' id='word_1_54' title='bbox 898 1010 1076 1095; x_wconf 79' lang='lat' dir='ltr'><strong>longinquo</strong></span> <span class='ocrx_word' id='word_1_55' title='bbox 1105 1033 1216 1075; x_wconf 90' lang='lat' dir='ltr'><strong>versus</strong></span> <span class='ocrx_word' id='word_1_56' title='bbox 1240 1011 1339 1076; x_wconf 91' lang='lat' dir='ltr'><strong>choro</strong></span> <span class='ocrx_word' id='word_1_57' title='bbox 1364 1033 1436 1075; x_wconf 90' lang='lat' dir='ltr'><strong>can-</strong></span> 
     </span>
     <span class='ocr_line' id='line_1_7' title="bbox 154 1115 1434 1202; baseline 0.001 -24"><span class='ocrx_word' id='word_1_58' title='bbox 154 1115 271 1179; x_wconf 89' lang='lat' dir='ltr'><strong>tandos</strong></span> <span class='ocrx_word' id='word_1_59' title='bbox 299 1117 439 1181; x_wconf 85' lang='lat' dir='ltr'><strong>miserat.</strong></span> <span class='ocrx_word' id='word_1_60' title='bbox 484 1115 530 1181; x_wconf 83' lang='lat' dir='ltr'><strong>At</strong></span> <span class='ocrx_word' id='word_1_61' title='bbox 557 1116 645 1183; x_wconf 88' lang='lat' dir='ltr'><strong>facta</strong></span> <span class='ocrx_word' id='word_1_62' title='bbox 672 1117 745 1202; x_wconf 90' lang='lat' dir='ltr'><strong>plus</strong></span> <span class='ocrx_word' id='word_1_63' title='bbox 774 1117 883 1182; x_wconf 88' lang='lat' dir='ltr'><strong>valent</strong></span> <span class='ocrx_word' id='word_1_64' title='bbox 907 1139 1005 1202; x_wconf 90' lang='lat' dir='ltr'><strong>quam</strong></span> <span class='ocrx_word' id='word_1_65' title='bbox 1028 1118 1309 1201; x_wconf 74' lang='lat' dir='ltr'><strong>ratiocinationes,</strong></span> <span class='ocrx_word' id='word_1_66' title='bbox 1336 1122 1434 1200; x_wconf 82' lang='lat' dir='ltr'><strong>atque</strong></span> 
     </span>
     <span class='ocr_line' id='line_1_8' title="bbox 154 1222 1436 1310; baseline -0.001 -23"><span class='ocrx_word' id='word_1_67' title='bbox 154 1222 237 1288; x_wconf 87' lang='lat' dir='ltr'><strong>hanc</strong></span> <span class='ocrx_word' id='word_1_68' title='bbox 265 1223 411 1308; x_wconf 86' lang='lat' dir='ltr'><strong>profecto</strong></span> <span class='ocrx_word' id='word_1_69' title='bbox 435 1224 499 1289; x_wconf 91' lang='lat' dir='ltr'><strong>sibi</strong></span> <span class='ocrx_word' id='word_1_70' title='bbox 522 1224 628 1310; x_wconf 84' lang='lat' dir='ltr'><strong>legem</strong></span> <span class='ocrx_word' id='word_1_71' title='bbox 652 1224 810 1289; x_wconf 88' lang='lat' dir='ltr'><strong>Pindarus</strong></span> <span class='ocrx_word' id='word_1_72' title='bbox 835 1224 967 1308; x_wconf 86' lang='lat' dir='ltr'><strong>scripsit</strong></span> <span class='ocrx_word' id='word_1_73' title='bbox 990 1225 1097 1288; x_wconf 90' lang='lat' dir='ltr'><strong>ubivis</strong></span> <span class='ocrx_word' id='word_1_74' title='bbox 1121 1225 1370 1308; x_wconf 88' lang='lat' dir='ltr'><strong>observandam,</strong></span> <span class='ocrx_word' id='word_1_75' title='bbox 1399 1229 1436 1287; x_wconf 88' lang='lat' dir='ltr'><strong>ut</strong></span> 
     </span>
     <span class='ocr_line' id='line_1_9' title="bbox 155 1329 1437 1417; baseline -0.001 -23"><span class='ocrx_word' id='word_1_76' title='bbox 155 1330 312 1415; x_wconf 90' lang='lat' dir='ltr'><strong>quidquid</strong></span> <span class='ocrx_word' id='word_1_77' title='bbox 335 1330 440 1395; x_wconf 86' lang='lat' dir='ltr'><strong>forma</strong></span> <span class='ocrx_word' id='word_1_78' title='bbox 464 1329 586 1415; x_wconf 78' lang='lat' dir='ltr'><strong>prinmo</strong></span> <span class='ocrx_word' id='word_1_79' title='bbox 609 1353 765 1415; x_wconf 85' lang='lat' dir='ltr'><strong>personae</strong></span> <span class='ocrx_word' id='word_1_80' title='bbox 790 1331 1004 1416; x_wconf 88' lang='lat' dir='ltr'><strong>eloqueretur,</strong></span> <span class='ocrx_word' id='word_1_81' title='bbox 1028 1336 1130 1396; x_wconf 88' lang='lat' dir='ltr'><strong>semet</strong></span> <span class='ocrx_word' id='word_1_82' title='bbox 1147 1332 1255 1417; x_wconf 92' lang='lat' dir='ltr'><strong>ipsum</strong></span> <span class='ocrx_word' id='word_1_83' title='bbox 1275 1335 1437 1415; x_wconf 86' lang='lat' dir='ltr'><strong>spectaret</strong></span> 
     </span>
     <span class='ocr_line' id='line_1_10' title="bbox 154 1436 1435 1523; baseline 0.002 -23"><span class='ocrx_word' id='word_1_84' title='bbox 154 1459 221 1501; x_wconf 92' lang='lat' dir='ltr'><strong>non</strong></span> <span class='ocrx_word' id='word_1_85' title='bbox 243 1438 388 1520; x_wconf 88' lang='lat' dir='ltr'><strong>chorum,</strong></span> <span class='ocrx_word' id='word_1_86' title='bbox 410 1437 473 1502; x_wconf 91' lang='lat' dir='ltr'><strong>nisi</strong></span> <span class='ocrx_word' id='word_1_87' title='bbox 497 1442 656 1523; x_wconf 86' lang='lat' dir='ltr'><strong>quatenus</strong></span> <span class='ocrx_word' id='word_1_88' title='bbox 681 1460 740 1502; x_wconf 90' lang='lat' dir='ltr'><strong>sua</strong></span> <span class='ocrx_word' id='word_1_89' title='bbox 758 1460 857 1503; x_wconf 89' lang='lat' dir='ltr'><strong>eausa</strong></span> <span class='ocrx_word' id='word_1_90' title='bbox 875 1438 987 1503; x_wconf 88' lang='lat' dir='ltr'><strong>eadem</strong></span> <span class='ocrx_word' id='word_1_91' title='bbox 1006 1443 1102 1522; x_wconf 85' lang='lat' dir='ltr'><strong>atque</strong></span> <span class='ocrx_word' id='word_1_92' title='bbox 1122 1438 1213 1503; x_wconf 87' lang='lat' dir='ltr'><strong>chori</strong></span> <span class='ocrx_word' id='word_1_93' title='bbox 1232 1442 1326 1502; x_wconf 87' lang='lat' dir='ltr'><strong>esset.</strong></span> <span class='ocrx_word' id='word_1_94' title='bbox 1363 1436 1435 1502; x_wconf 90' lang='lat' dir='ltr'><strong>Hoc</strong></span> 
     </span>
     <span class='ocr_line' id='line_1_11' title="bbox 155 1545 1437 1631; baseline -0.001 -22"><span class='ocrx_word' id='word_1_95' title='bbox 155 1550 265 1610; x_wconf 88' lang='lat' dir='ltr'><strong>autem</strong></span> <span class='ocrx_word' id='word_1_96' title='bbox 288 1546 337 1610; x_wconf 90' lang='lat' dir='ltr'><strong>ita</strong></span> <span class='ocrx_word' id='word_1_97' title='bbox 359 1545 542 1610; x_wconf 88' lang='lat' dir='ltr'><strong>instituisse</strong></span> <span class='ocrx_word' id='word_1_98' title='bbox 567 1545 707 1629; x_wconf 90' lang='lat' dir='ltr'><strong>videtur,</strong></span> <span class='ocrx_word' id='word_1_99' title='bbox 731 1546 815 1631; x_wconf 91' lang='lat' dir='ltr'><strong>quod</strong></span> <span class='ocrx_word' id='word_1_100' title='bbox 841 1568 914 1610; x_wconf 91' lang='lat' dir='ltr'><strong>cum</strong></span> <span class='ocrx_word' id='word_1_101' title='bbox 938 1545 1049 1610; x_wconf 83' lang='lat' dir='ltr'><strong>Alcaei</strong></span> <span class='ocrx_word' id='word_1_102' title='bbox 1073 1547 1339 1631; x_wconf 83' lang='lat' dir='ltr'><strong>superiorumque</strong></span> <span class='ocrx_word' id='word_1_103' title='bbox 1363 1566 1437 1630; x_wconf 89' lang='lat' dir='ltr'><strong>poe-</strong></span> 
     </span>
     <span class='ocr_line' id='line_1_12' title="bbox 154 1652 1473 1755; baseline -0.002 -38"><span class='ocrx_word' id='word_1_104' title='bbox 154 1658 261 1718; x_wconf 87' lang='lat' dir='ltr'><strong>taram</strong></span> <span class='ocrx_word' id='word_1_105' title='bbox 294 1653 470 1739; x_wconf 86' lang='lat' dir='ltr'><strong>lyricorum</strong></span> <span class='ocrx_word' id='word_1_106' title='bbox 502 1653 642 1739; x_wconf 83' lang='lat' dir='ltr'><strong>vestigia</strong></span> <span class='ocrx_word' id='word_1_107' title='bbox 668 1654 804 1739; x_wconf 86' lang='lat' dir='ltr'><strong>legeret,</strong></span> <span class='ocrx_word' id='word_1_108' title='bbox 836 1654 970 1718; x_wconf 89' lang='lat' dir='ltr'><strong>chorum</strong></span> <span class='ocrx_word' id='word_1_109' title='bbox 999 1675 1064 1717; x_wconf 91' lang='lat' dir='ltr'><strong>non</strong></span> <span class='ocrx_word' id='word_1_110' title='bbox 1093 1675 1167 1718; x_wconf 88' lang='lat' dir='ltr'><strong>suas</strong></span> <span class='ocrx_word' id='word_1_111' title='bbox 1195 1652 1297 1737; x_wconf 90' lang='lat' dir='ltr'><strong>ipsius</strong></span> <span class='ocrx_word' id='word_1_112' title='bbox 1325 1655 1436 1737; x_wconf 84' lang='lat' dir='ltr'><strong>partes</strong></span> <span class='ocrx_word' id='word_1_113' title='bbox 1467 1730 1473 1755; x_wconf 41' lang='grc' dir='ltr'><strong><em>Ι</em></strong></span> 
     </span>
     <span class='ocr_line' id='line_1_13' title="bbox 155 1759 1470 1846; baseline -0.001 -22"><span class='ocrx_word' id='word_1_114' title='bbox 155 1761 249 1843; x_wconf 91' lang='lat' dir='ltr'><strong>tueri,</strong></span> <span class='ocrx_word' id='word_1_115' title='bbox 272 1760 328 1825; x_wconf 92' lang='lat' dir='ltr'><strong>sed</strong></span> <span class='ocrx_word' id='word_1_116' title='bbox 351 1759 503 1825; x_wconf 89' lang='lat' dir='ltr'><strong>inferiore</strong></span> <span class='ocrx_word' id='word_1_117' title='bbox 527 1783 659 1826; x_wconf 90' lang='lat' dir='ltr'><strong>munere</strong></span> <span class='ocrx_word' id='word_1_118' title='bbox 682 1760 872 1846; x_wconf 89' lang='lat' dir='ltr'><strong>interpretis</strong></span> <span class='ocrx_word' id='word_1_119' title='bbox 897 1765 1012 1844; x_wconf 88' lang='lat' dir='ltr'><strong>poetae</strong></span> <span class='ocrx_word' id='word_1_120' title='bbox 1037 1761 1271 1825; x_wconf 87' lang='lat' dir='ltr'><strong>sententiarum</strong></span> <span class='ocrx_word' id='word_1_121' title='bbox 1293 1782 1364 1825; x_wconf 90' lang='lat' dir='ltr'><strong>esse</strong></span> <span class='ocrx_word' id='word_1_122' title='bbox 1383 1782 1437 1824; x_wconf 89' lang='lat' dir='ltr'><strong>vo·</strong></span> <span class='ocrx_word' id='word_1_123' title='bbox 1464 1760 1470 1833; x_wconf 74' lang='lat' dir='ltr'><strong>l</strong></span> 
     </span>
     <span class='ocr_line' id='line_1_14' title="bbox 155 1856 1435 1953; baseline -0.001 -22"><span class='ocrx_word' id='word_1_124' title='bbox 155 1868 225 1932; x_wconf 92' lang='lat' dir='ltr'><strong>luit.</strong></span> <span class='ocrx_word' id='word_1_125' title='bbox 271 1866 385 1951; x_wconf 88' lang='lat' dir='ltr'><strong>Neque</strong></span> <span class='ocrx_word' id='word_1_126' title='bbox 412 1889 474 1953; x_wconf 81' lang='lat' dir='ltr'><strong>ego</strong></span> <span class='ocrx_word' id='word_1_127' title='bbox 502 1868 531 1931; x_wconf 90' lang='lat' dir='ltr'><strong>is</strong></span> <span class='ocrx_word' id='word_1_128' title='bbox 555 1890 641 1951; x_wconf 88' lang='lat' dir='ltr'><strong>sum,</strong></span> <span class='ocrx_word' id='word_1_129' title='bbox 669 1869 724 1953; x_wconf 92' lang='lat' dir='ltr'><strong>qui</strong></span> <span class='ocrx_word' id='word_1_130' title='bbox 742 1856 810 1933; x_wconf 57' lang='lat' dir='ltr'><strong>&#39;hoc</strong></span> <span class='ocrx_word' id='word_1_131' title='bbox 833 1868 964 1932; x_wconf 90' lang='lat' dir='ltr'><strong>nomine</strong></span> <span class='ocrx_word' id='word_1_132' title='bbox 987 1866 1163 1933; x_wconf 86' lang='lat' dir='ltr'><strong>Pindarum</strong></span> <span class='ocrx_word' id='word_1_133' title='bbox 1186 1867 1313 1933; x_wconf 89' lang='lat' dir='ltr'><strong>laudem</strong></span> <span class='ocrx_word' id='word_1_134' title='bbox 1337 1871 1435 1951; x_wconf 88' lang='lat' dir='ltr'><strong>atque</strong></span> 
     </span>
     <span class='ocr_line' id='line_1_15' title="bbox 155 1974 1436 2059; baseline 0 -21"><span class='ocrx_word' id='word_1_135' title='bbox 155 1974 338 2059; x_wconf 89' lang='lat' dir='ltr'><strong>defendam,</strong></span> <span class='ocrx_word' id='word_1_136' title='bbox 369 1975 469 2039; x_wconf 91' lang='lat' dir='ltr'><strong>immo</strong></span> <span class='ocrx_word' id='word_1_137' title='bbox 501 1997 634 2059; x_wconf 90' lang='lat' dir='ltr'><strong>prorsus</strong></span> <span class='ocrx_word' id='word_1_138' title='bbox 667 1996 741 2039; x_wconf 91' lang='lat' dir='ltr'><strong>eum</strong></span> <span class='ocrx_word' id='word_1_139' title='bbox 773 1975 904 2039; x_wconf 89' lang='lat' dir='ltr'><strong>mimica</strong></span> <span class='ocrx_word' id='word_1_140' title='bbox 936 1979 1006 2038; x_wconf 91' lang='lat' dir='ltr'><strong>arte</strong></span> <span class='ocrx_word' id='word_1_141' title='bbox 1039 1979 1072 2039; x_wconf 89' lang='lat' dir='ltr'><strong>et</strong></span> <span class='ocrx_word' id='word_1_142' title='bbox 1100 1997 1164 2059; x_wconf 90' lang='lat' dir='ltr'><strong>qua</strong></span> <span class='ocrx_word' id='word_1_143' title='bbox 1189 1975 1294 2040; x_wconf 83' lang='lat' dir='ltr'><strong>Attici</strong></span> <span class='ocrx_word' id='word_1_144' title='bbox 1321 1979 1436 2059; x_wconf 88' lang='lat' dir='ltr'><strong>poetae</strong></span> 
     </span>
     <span class='ocr_line' id='line_1_16' title="bbox 153 2081 1330 2167; baseline 0.002 -23"><span class='ocrx_word' id='word_1_145' title='bbox 153 2081 314 2145; x_wconf 87' lang='lat' dir='ltr'><strong>florebant</strong></span> <span class='ocrx_word' id='word_1_146' title='bbox 336 2081 492 2146; x_wconf 81' lang='lat' dir='ltr'><strong>facultate</strong></span> <span class='ocrx_word' id='word_1_147' title='bbox 515 2082 656 2148; x_wconf 87' lang='lat' dir='ltr'><strong>alienam</strong></span> <span class='ocrx_word' id='word_1_148' title='bbox 679 2102 851 2167; x_wconf 88' lang='lat' dir='ltr'><strong>personam</strong></span> <span class='ocrx_word' id='word_1_149' title='bbox 873 2081 1027 2146; x_wconf 91' lang='lat' dir='ltr'><strong>induendi</strong></span> <span class='ocrx_word' id='word_1_150' title='bbox 1052 2082 1193 2147; x_wconf 87' lang='lat' dir='ltr'><strong>caruisse</strong></span> <span class='ocrx_word' id='word_1_151' title='bbox 1216 2082 1330 2148; x_wconf 90' lang='lat' dir='ltr'><strong>fateor.</strong></span> 
     </span>
     <span class='ocr_line' id='line_1_17' title="bbox 243 2185 1436 2275; baseline 0.001 -23"><span class='ocrx_word' id='word_1_152' title='bbox 243 2185 403 2254; x_wconf 80' lang='lat' dir='ltr'><strong>Carminis</strong></span> <span class='ocrx_word' id='word_1_153' title='bbox 428 2189 567 2254; x_wconf 88' lang='lat' dir='ltr'><strong>faciendi</strong></span> <span class='ocrx_word' id='word_1_154' title='bbox 591 2189 718 2275; x_wconf 91' lang='lat' dir='ltr'><strong>copiam</strong></span> <span class='ocrx_word' id='word_1_155' title='bbox 742 2190 889 2256; x_wconf 89' lang='lat' dir='ltr'><strong>fecerunt</strong></span> <span class='ocrx_word' id='word_1_156' title='bbox 912 2211 986 2255; x_wconf 92' lang='lat' dir='ltr'><strong>cum</strong></span> <span class='ocrx_word' id='word_1_157' title='bbox 1005 2189 1160 2255; x_wconf 88' lang='lat' dir='ltr'><strong>victoriae</strong></span> <span class='ocrx_word' id='word_1_158' title='bbox 1180 2189 1319 2255; x_wconf 89' lang='lat' dir='ltr'><strong>felicitas</strong></span> <span class='ocrx_word' id='word_1_159' title='bbox 1338 2194 1436 2274; x_wconf 88' lang='lat' dir='ltr'><strong>atque</strong></span> 
     </span>
     <span class='ocr_line' id='line_1_18' title="bbox 152 2296 1435 2383; baseline 0 -23"><span class='ocrx_word' id='word_1_160' title='bbox 152 2296 287 2361; x_wconf 84' lang='lat' dir='ltr'><strong>victoris</strong></span> <span class='ocrx_word' id='word_1_161' title='bbox 313 2296 348 2360; x_wconf 93' lang='lat' dir='ltr'><strong>in</strong></span> <span class='ocrx_word' id='word_1_162' title='bbox 376 2298 550 2362; x_wconf 90' lang='lat' dir='ltr'><strong>certamine</strong></span> <span class='ocrx_word' id='word_1_163' title='bbox 575 2296 716 2362; x_wconf 91' lang='lat' dir='ltr'><strong>ineundo</strong></span> <span class='ocrx_word' id='word_1_164' title='bbox 740 2297 843 2362; x_wconf 87' lang='lat' dir='ltr'><strong>virtus</strong></span> <span class='ocrx_word' id='word_1_165' title='bbox 868 2296 1052 2382; x_wconf 88' lang='lat' dir='ltr'><strong>aliptaeque</strong></span> <span class='ocrx_word' id='word_1_166' title='bbox 1075 2297 1274 2381; x_wconf 85' lang='lat' dir='ltr'><strong>experientia</strong></span> <span class='ocrx_word' id='word_1_167' title='bbox 1296 2297 1435 2383; x_wconf 87' lang='lat' dir='ltr'><strong>proba-ta</strong></span> 
     </span>
     <span class='ocr_line' id='line_1_19' title="bbox 152 2403 1436 2489; baseline 0 -22"><span class='ocrx_word' id='word_1_168' title='bbox 152 2403 419 2488; x_wconf 65' lang='lat' dir='ltr'><strong>insinuatum</strong></span> <span class='ocrx_word' id='word_1_169' title='bbox 444 2405 551 2489; x_wconf 83' lang='lat' dir='ltr'><strong>gentis</strong></span> <span class='ocrx_word' id='word_1_170' title='bbox 575 2408 608 2468; x_wconf 88' lang='lat' dir='ltr'><strong>et</strong></span> <span class='ocrx_word' id='word_1_171' title='bbox 631 2405 756 2488; x_wconf 88' lang='lat' dir='ltr'><strong>patriae</strong></span> <span class='ocrx_word' id='word_1_172' title='bbox 779 2406 904 2488; x_wconf 88' lang='lat' dir='ltr'><strong>decora,</strong></span> <span class='ocrx_word' id='word_1_173' title='bbox 928 2426 1066 2489; x_wconf 91' lang='lat' dir='ltr'><strong>quorum</strong></span> <span class='ocrx_word' id='word_1_174' title='bbox 1091 2405 1248 2468; x_wconf 90' lang='lat' dir='ltr'><strong>memoria</strong></span> <span class='ocrx_word' id='word_1_175' title='bbox 1270 2426 1355 2470; x_wconf 91' lang='lat' dir='ltr'><strong>nova</strong></span> <span class='ocrx_word' id='word_1_176' title='bbox 1373 2404 1436 2468; x_wconf 86' lang='lat' dir='ltr'><strong>vic-</strong></span> 
     </span>
     <span class='ocr_line' id='line_1_20' title="bbox 154 2510 1435 2597; baseline 0 -23"><span class='ocrx_word' id='word_1_177' title='bbox 154 2511 240 2576; x_wconf 88' lang='lat' dir='ltr'><strong>toria</strong></span> <span class='ocrx_word' id='word_1_178' title='bbox 262 2512 524 2576; x_wconf 85' lang='lat' dir='ltr'><strong>resuscitabatur.</strong></span> <span class='ocrx_word' id='word_1_179' title='bbox 565 2510 651 2576; x_wconf 90' lang='lat' dir='ltr'><strong>Hinc</strong></span> <span class='ocrx_word' id='word_1_180' title='bbox 673 2510 797 2577; x_wconf 82' lang='lat' dir='ltr'><strong>factum</strong></span> <span class='ocrx_word' id='word_1_181' title='bbox 821 2517 880 2597; x_wconf 89' lang='lat' dir='ltr'><strong>est,</strong></span> <span class='ocrx_word' id='word_1_182' title='bbox 898 2517 940 2575; x_wconf 86' lang='lat' dir='ltr'><strong>ut</strong></span> <span class='ocrx_word' id='word_1_183' title='bbox 963 2511 1125 2596; x_wconf 88' lang='lat' dir='ltr'><strong>plerisque</strong></span> <span class='ocrx_word' id='word_1_184' title='bbox 1149 2511 1297 2595; x_wconf 90' lang='lat' dir='ltr'><strong>epiniciis</strong></span> <span class='ocrx_word' id='word_1_185' title='bbox 1320 2515 1435 2595; x_wconf 90' lang='lat' dir='ltr'><strong>poetae</strong></span> 
     </span>
     <span class='ocr_line' id='line_1_21' title="bbox 153 2616 1436 2703; baseline -0.002 -21"><span class='ocrx_word' id='word_1_186' title='bbox 153 2618 298 2685; x_wconf 89' lang='lat' dir='ltr'><strong>fabulam</strong></span> <span class='ocrx_word' id='word_1_187' title='bbox 326 2618 468 2703; x_wconf 90' lang='lat' dir='ltr'><strong>aliquam</strong></span> <span class='ocrx_word' id='word_1_188' title='bbox 494 2619 688 2701; x_wconf 88' lang='lat' dir='ltr'><strong>insererent,</strong></span> <span class='ocrx_word' id='word_1_189' title='bbox 716 2641 797 2702; x_wconf 90' lang='lat' dir='ltr'><strong>quae</strong></span> <span class='ocrx_word' id='word_1_190' title='bbox 826 2640 899 2683; x_wconf 89' lang='lat' dir='ltr'><strong>cum</strong></span> <span class='ocrx_word' id='word_1_191' title='bbox 926 2619 1047 2703; x_wconf 87' lang='lat' dir='ltr'><strong>partim</strong></span> <span class='ocrx_word' id='word_1_192' title='bbox 1070 2640 1110 2682; x_wconf 84' lang='lat' dir='ltr'><strong>ex</strong></span> <span class='ocrx_word' id='word_1_193' title='bbox 1133 2616 1271 2682; x_wconf 88' lang='lat' dir='ltr'><strong>historia</strong></span> <span class='ocrx_word' id='word_1_194' title='bbox 1294 2616 1436 2681; x_wconf 89' lang='lat' dir='ltr'><strong>fabulari</strong></span> 
     </span>
     <span class='ocr_line' id='line_1_22' title="bbox 154 2725 1436 2811; baseline -0.002 -20"><span class='ocrx_word' id='word_1_195' title='bbox 154 2726 279 2811; x_wconf 87' lang='lat' dir='ltr'><strong>patriae</strong></span> <span class='ocrx_word' id='word_1_196' title='bbox 311 2725 444 2791; x_wconf 89' lang='lat' dir='ltr'><strong>victoris</strong></span> <span class='ocrx_word' id='word_1_197' title='bbox 473 2730 603 2810; x_wconf 88' lang='lat' dir='ltr'><strong>sumpta</strong></span> <span class='ocrx_word' id='word_1_198' title='bbox 630 2731 730 2811; x_wconf 87' lang='lat' dir='ltr'><strong>esset,</strong></span> <span class='ocrx_word' id='word_1_199' title='bbox 763 2727 883 2811; x_wconf 89' lang='lat' dir='ltr'><strong>partim</strong></span> <span class='ocrx_word' id='word_1_200' title='bbox 911 2750 985 2792; x_wconf 90' lang='lat' dir='ltr'><strong>cum</strong></span> <span class='ocrx_word' id='word_1_201' title='bbox 1012 2726 1110 2809; x_wconf 87' lang='lat' dir='ltr'><strong>ludis,</strong></span> <span class='ocrx_word' id='word_1_202' title='bbox 1143 2726 1261 2810; x_wconf 86' lang='lat' dir='ltr'><strong>quibus</strong></span> <span class='ocrx_word' id='word_1_203' title='bbox 1290 2746 1436 2810; x_wconf 90' lang='lat' dir='ltr'><strong>quaeque</strong></span> 
     </span>
     <span class='ocr_line' id='line_1_23' title="bbox 156 2830 1436 2919; baseline 0 -23"><span class='ocrx_word' id='word_1_204' title='bbox 156 2833 293 2898; x_wconf 80' lang='lat' dir='ltr'><strong>victoria</strong></span> <span class='ocrx_word' id='word_1_205' title='bbox 315 2836 483 2918; x_wconf 88' lang='lat' dir='ltr'><strong>reportata</strong></span> <span class='ocrx_word' id='word_1_206' title='bbox 501 2837 580 2917; x_wconf 87' lang='lat' dir='ltr'><strong>erat,</strong></span> <span class='ocrx_word' id='word_1_207' title='bbox 603 2834 798 2917; x_wconf 87' lang='lat' dir='ltr'><strong>cohaereret,</strong></span> <span class='ocrx_word' id='word_1_208' title='bbox 821 2833 975 2898; x_wconf 89' lang='lat' dir='ltr'><strong>carminis</strong></span> <span class='ocrx_word' id='word_1_209' title='bbox 995 2833 1088 2918; x_wconf 90' lang='lat' dir='ltr'><strong>quasi</strong></span> <span class='ocrx_word' id='word_1_210' title='bbox 1106 2832 1296 2897; x_wconf 90' lang='lat' dir='ltr'><strong>umbilicum</strong></span> <span class='ocrx_word' id='word_1_211' title='bbox 1315 2830 1436 2919; x_wconf 81' lang='grc' dir='ltr'>(ὀμφα-</span> 
     </span>
     <span class='ocr_line' id='line_1_24' title="bbox 154 2938 1436 3026; baseline -0.001 -23"><span class='ocrx_word' id='word_1_212' title='bbox 154 2938 229 3026; x_wconf 82' lang='grc' dir='ltr'><strong>λόν)</strong></span> <span class='ocrx_word' id='word_1_213' title='bbox 253 2939 425 3005; x_wconf 87' lang='lat' dir='ltr'><strong>efficiebat.</strong></span> <span class='ocrx_word' id='word_1_214' title='bbox 467 2939 528 3004; x_wconf 91' lang='lat' dir='ltr'><strong>His</strong></span> <span class='ocrx_word' id='word_1_215' title='bbox 552 2963 628 3005; x_wconf 87' lang='lat' dir='ltr'><strong>vero</strong></span> <span class='ocrx_word' id='word_1_216' title='bbox 653 2940 773 3004; x_wconf 86' lang='lat' dir='ltr'><strong>fabulis</strong></span> <span class='ocrx_word' id='word_1_217' title='bbox 797 2962 834 3005; x_wconf 93' lang='lat' dir='ltr'><strong>eo</strong></span> <span class='ocrx_word' id='word_1_218' title='bbox 859 2941 964 3026; x_wconf 82' lang='lat' dir='ltr'><strong>magis</strong></span> <span class='ocrx_word' id='word_1_219' title='bbox 987 2946 1102 3025; x_wconf 89' lang='lat' dir='ltr'><strong>poetae</strong></span> <span class='ocrx_word' id='word_1_220' title='bbox 1123 2962 1254 3025; x_wconf 89' lang='lat' dir='ltr'><strong>operam</strong></span> <span class='ocrx_word' id='word_1_221' title='bbox 1272 2940 1436 3004; x_wconf 84' lang='lat' dir='ltr'><strong>navabant</strong></span> 
     </span>
     <span class='ocr_line' id='line_1_25' title="bbox 154 3046 1475 3197; baseline 0 -88"><span class='ocrx_word' id='word_1_222' title='bbox 154 3051 187 3110; x_wconf 90' lang='lat' dir='ltr'><strong>et</strong></span> <span class='ocrx_word' id='word_1_223' title='bbox 215 3046 362 3112; x_wconf 91' lang='lat' dir='ltr'><strong>homines</strong></span> <span class='ocrx_word' id='word_1_224' title='bbox 391 3071 484 3113; x_wconf 90' lang='lat' dir='ltr'><strong>aures</strong></span> <span class='ocrx_word' id='word_1_225' title='bbox 512 3048 725 3133; x_wconf 88' lang='lat' dir='ltr'><strong>praebebant,</strong></span> <span class='ocrx_word' id='word_1_226' title='bbox 754 3048 840 3130; x_wconf 91' lang='lat' dir='ltr'><strong>quod</strong></span> <span class='ocrx_word' id='word_1_227' title='bbox 866 3070 904 3112; x_wconf 88' lang='lat' dir='ltr'><strong>ex</strong></span> <span class='ocrx_word' id='word_1_228' title='bbox 928 3047 1071 3131; x_wconf 89' lang='lat' dir='ltr'><strong>antiquis</strong></span> <span class='ocrx_word' id='word_1_229' title='bbox 1095 3047 1297 3131; x_wconf 87' lang='lat' dir='ltr'><strong>temporibus</strong></span> <span class='ocrx_word' id='word_1_230' title='bbox 1321 3046 1436 3111; x_wconf 86' lang='lat' dir='ltr'><strong>Graeci</strong></span> <span class='ocrx_word' id='word_1_231' title='bbox 1467 3066 1475 3197; x_wconf 64' lang='lat' dir='ltr'><strong>p</strong></span> 
     </span>
     <span class='ocr_line' id='line_1_26' title="bbox 154 3152 1473 3238; baseline -0.002 -21"><span class='ocrx_word' id='word_1_232' title='bbox 154 3154 280 3218; x_wconf 87' lang='lat' dir='ltr'><strong>adsueti</strong></span> <span class='ocrx_word' id='word_1_233' title='bbox 308 3160 413 3237; x_wconf 89' lang='lat' dir='ltr'><strong>erant,</strong></span> <span class='ocrx_word' id='word_1_234' title='bbox 443 3160 480 3220; x_wconf 91' lang='lat' dir='ltr'><strong>ut</strong></span> <span class='ocrx_word' id='word_1_235' title='bbox 507 3154 542 3218; x_wconf 94' lang='lat' dir='ltr'><strong>in</strong></span> <span class='ocrx_word' id='word_1_236' title='bbox 570 3153 670 3219; x_wconf 89' lang='lat' dir='ltr'><strong>sacris</strong></span> <span class='ocrx_word' id='word_1_237' title='bbox 700 3154 853 3238; x_wconf 91' lang='lat' dir='ltr'><strong>feriisque</strong></span> <span class='ocrx_word' id='word_1_238' title='bbox 881 3155 1029 3238; x_wconf 88' lang='lat' dir='ltr'><strong>deorum,</strong></span> <span class='ocrx_word' id='word_1_239' title='bbox 1057 3176 1136 3237; x_wconf 91' lang='lat' dir='ltr'><strong>quas</strong></span> <span class='ocrx_word' id='word_1_240' title='bbox 1165 3153 1305 3238; x_wconf 88' lang='lat' dir='ltr'><strong>epinicia</strong></span> <span class='ocrx_word' id='word_1_241' title='bbox 1331 3152 1437 3217; x_wconf 90' lang='lat' dir='ltr'><strong>imita·</strong></span> <span class='ocrx_word' id='word_1_242' title='bbox 1470 3214 1473 3227; x_wconf 83' lang='grc'><strong>,</strong></span> 
     </span>
     <span class='ocr_line' id='line_1_27' title="bbox 154 3258 1436 3347; baseline 0.001 -24"><span class='ocrx_word' id='word_1_243' title='bbox 154 3260 286 3347; x_wconf 88' lang='lat' dir='ltr'><strong>bantur,</strong></span> <span class='ocrx_word' id='word_1_244' title='bbox 314 3267 390 3346; x_wconf 90' lang='lat' dir='ltr'><strong>post</strong></span> <span class='ocrx_word' id='word_1_245' title='bbox 415 3261 689 3346; x_wconf 88' lang='lat' dir='ltr'><strong>praedicationem</strong></span> <span class='ocrx_word' id='word_1_246' title='bbox 718 3261 901 3326; x_wconf 89' lang='lat' dir='ltr'><strong>divinorum</strong></span> <span class='ocrx_word' id='word_1_247' title='bbox 930 3261 1098 3325; x_wconf 89' lang='lat' dir='ltr'><strong>numinum</strong></span> <span class='ocrx_word' id='word_1_248' title='bbox 1126 3261 1237 3325; x_wconf 90' lang='lat' dir='ltr'><strong>laudes</strong></span> <span class='ocrx_word' id='word_1_249' title='bbox 1265 3258 1436 3324; x_wconf 89' lang='lat' dir='ltr'><strong>hominum</strong></span> 
     </span>
     <span class='ocr_line' id='line_1_28' title="bbox 151 3350 1478 3455; baseline -0.002 -23"><span class='ocrx_word' id='word_1_250' title='bbox 151 3367 351 3454; x_wconf 89' lang='lat' dir='ltr'><strong>heroumque</strong></span> <span class='ocrx_word' id='word_1_251' title='bbox 374 3368 553 3454; x_wconf 90' lang='lat' dir='ltr'><strong>patriorum</strong></span> <span class='ocrx_word' id='word_1_252' title='bbox 578 3367 671 3455; x_wconf 78' lang='grc' dir='ltr'><strong>(κλέα</strong></span> <span class='ocrx_word' id='word_1_253' title='bbox 694 3367 843 3455; x_wconf 77' lang='grc' dir='ltr'>ἀνδρῶν)</span> <span class='ocrx_word' id='word_1_254' title='bbox 868 3364 1058 3453; x_wconf 57' lang='lat' dir='ltr'><strong>audirentl)</strong></span> <span class='ocrx_word' id='word_1_255' title='bbox 1475 3350 1478 3355; x_wconf 35' lang='lat'><strong><em>¹</em></strong></span> 
     </span>
     <span class='ocr_line' id='line_1_29' title="bbox 242 3430 1482 3564; baseline 0 -24"><span class='ocrx_word' id='word_1_256' title='bbox 242 3476 391 3542; x_wconf 88' lang='lat' dir='ltr'><strong>Perfecta</strong></span> <span class='ocrx_word' id='word_1_257' title='bbox 419 3477 480 3541; x_wconf 90' lang='lat' dir='ltr'><strong>oda</strong></span> <span class='ocrx_word' id='word_1_258' title='bbox 502 3473 588 3564; x_wconf 70' lang='grc' dir='ltr'><strong>(ᾠδὴ</strong></span> <span class='ocrx_word' id='word_1_259' title='bbox 611 3474 732 3562; x_wconf 80' lang='grc' dir='ltr'><strong><em>τελεία)</em></strong></span> <span class='ocrx_word' id='word_1_260' title='bbox 757 3499 832 3541; x_wconf 91' lang='lat' dir='ltr'><strong>cum</strong></span> <span class='ocrx_word' id='word_1_261' title='bbox 856 3476 960 3539; x_wconf 87' lang='lat' dir='ltr'><strong>tribus</strong></span> <span class='ocrx_word' id='word_1_262' title='bbox 984 3475 1133 3560; x_wconf 90' lang='lat' dir='ltr'><strong>partibus</strong></span> <span class='ocrx_word' id='word_1_263' title='bbox 1158 3481 1299 3559; x_wconf 87' lang='lat' dir='ltr'><strong>constet,</strong></span> <span class='ocrx_word' id='word_1_264' title='bbox 1328 3476 1434 3540; x_wconf 90' lang='lat' dir='ltr'><strong>verbis</strong></span> <span class='ocrx_word' id='word_1_265' title='bbox 1474 3430 1482 3531; x_wconf 84' lang='lat' dir='ltr'><strong>l</strong></span> 
     </span>
     <span class='ocr_line' id='line_1_30' title="bbox 154 3582 1437 3669; baseline -0.002 -20"><span class='ocrx_word' id='word_1_266' title='bbox 154 3589 284 3669; x_wconf 85' lang='lat' dir='ltr'><strong>poetae,</strong></span> <span class='ocrx_word' id='word_1_267' title='bbox 311 3584 443 3649; x_wconf 89' lang='lat' dir='ltr'><strong>musicis</strong></span> <span class='ocrx_word' id='word_1_268' title='bbox 472 3584 589 3667; x_wconf 90' lang='lat' dir='ltr'><strong>modis,</strong></span> <span class='ocrx_word' id='word_1_269' title='bbox 618 3584 760 3648; x_wconf 89' lang='lat' dir='ltr'><strong>motibus</strong></span> <span class='ocrx_word' id='word_1_270' title='bbox 789 3583 894 3665; x_wconf 90' lang='lat' dir='ltr'><strong>chori,</strong></span> <span class='ocrx_word' id='word_1_271' title='bbox 922 3582 986 3646; x_wconf 89' lang='lat' dir='ltr'><strong>iam</strong></span> <span class='ocrx_word' id='word_1_272' title='bbox 1014 3582 1110 3647; x_wconf 90' lang='lat' dir='ltr'><strong>nobis</strong></span> <span class='ocrx_word' id='word_1_273' title='bbox 1136 3584 1353 3667; x_wconf 88' lang='lat' dir='ltr'><strong>quaerendum</strong></span> <span class='ocrx_word' id='word_1_274' title='bbox 1377 3588 1437 3667; x_wconf 88' lang='lat' dir='ltr'><strong>est,</strong></span> 
     </span>
     <span class='ocr_line' id='line_1_31' title="bbox 154 3688 1432 3776; baseline -0.002 -21"><span class='ocrx_word' id='word_1_275' title='bbox 154 3713 236 3776; x_wconf 87' lang='lat' dir='ltr'><strong>quae</strong></span> <span class='ocrx_word' id='word_1_276' title='bbox 259 3692 293 3756; x_wconf 91' lang='lat' dir='ltr'><strong>in</strong></span> <span class='ocrx_word' id='word_1_277' title='bbox 314 3690 446 3756; x_wconf 88' lang='lat' dir='ltr'><strong>Pindari</strong></span> <span class='ocrx_word' id='word_1_278' title='bbox 469 3690 616 3776; x_wconf 89' lang='lat' dir='ltr'><strong>epiniciis</strong></span> <span class='ocrx_word' id='word_1_279' title='bbox 639 3689 781 3754; x_wconf 89' lang='lat' dir='ltr'><strong>musicae</strong></span> <span class='ocrx_word' id='word_1_280' title='bbox 805 3694 839 3753; x_wconf 91' lang='lat' dir='ltr'><strong>et</strong></span> <span class='ocrx_word' id='word_1_281' title='bbox 862 3689 1046 3754; x_wconf 88' lang='lat' dir='ltr'><strong>saltationis</strong></span> <span class='ocrx_word' id='word_1_282' title='bbox 1069 3694 1179 3774; x_wconf 89' lang='lat' dir='ltr'><strong>partes</strong></span> <span class='ocrx_word' id='word_1_283' title='bbox 1203 3689 1331 3754; x_wconf 91' lang='lat' dir='ltr'><strong>fuerint.</strong></span> <span class='ocrx_word' id='word_1_284' title='bbox 1370 3688 1432 3754; x_wconf 88' lang='lat' dir='ltr'><strong>Sed</strong></span> 
     </span>
     <span class='ocr_line' id='line_1_32' title="bbox 154 3796 1432 3883; baseline -0.001 -21"><span class='ocrx_word' id='word_1_285' title='bbox 154 3797 336 3862; x_wconf 89' lang='lat' dir='ltr'><strong>brevissimi</strong></span> <span class='ocrx_word' id='word_1_286' title='bbox 359 3797 394 3861; x_wconf 92' lang='lat' dir='ltr'><strong>in</strong></span> <span class='ocrx_word' id='word_1_287' title='bbox 416 3797 478 3862; x_wconf 88' lang='lat' dir='ltr'><strong>hac</strong></span> <span class='ocrx_word' id='word_1_288' title='bbox 497 3801 589 3883; x_wconf 88' lang='lat' dir='ltr'><strong>parte</strong></span> <span class='ocrx_word' id='word_1_289' title='bbox 608 3797 738 3880; x_wconf 90' lang='lat' dir='ltr'><strong>erimus,</strong></span> <span class='ocrx_word' id='word_1_290' title='bbox 760 3796 914 3880; x_wconf 88' lang='lat' dir='ltr'><strong>quoniam</strong></span> <span class='ocrx_word' id='word_1_291' title='bbox 933 3797 972 3860; x_wconf 93' lang='lat' dir='ltr'><strong>de</strong></span> <span class='ocrx_word' id='word_1_292' title='bbox 991 3797 1163 3882; x_wconf 91' lang='lat' dir='ltr'><strong>potissima</strong></span> <span class='ocrx_word' id='word_1_293' title='bbox 1180 3801 1272 3882; x_wconf 91' lang='lat' dir='ltr'><strong>parte</strong></span> <span class='ocrx_word' id='word_1_294' title='bbox 1291 3797 1432 3862; x_wconf 87' lang='lat' dir='ltr'><strong>musicae</strong></span> 
     </span>
     <span class='ocr_line' id='line_1_33' title="bbox 154 3903 1432 3989; baseline 0 -21"><span class='ocrx_word' id='word_1_295' title='bbox 154 3904 244 3989; x_wconf 90' lang='lat' dir='ltr'><strong>artis,</strong></span> <span class='ocrx_word' id='word_1_296' title='bbox 266 3904 304 3968; x_wconf 92' lang='lat' dir='ltr'><strong>de</strong></span> <span class='ocrx_word' id='word_1_297' title='bbox 328 3904 470 3969; x_wconf 90' lang='lat' dir='ltr'><strong>numeris</strong></span> <span class='ocrx_word' id='word_1_298' title='bbox 494 3904 565 3968; x_wconf 92' lang='lat' dir='ltr'><strong>dico</strong></span> <span class='ocrx_word' id='word_1_299' title='bbox 590 3909 623 3968; x_wconf 91' lang='lat' dir='ltr'><strong>et</strong></span> <span class='ocrx_word' id='word_1_300' title='bbox 645 3903 833 3987; x_wconf 91' lang='lat' dir='ltr'><strong>harmoniis,</strong></span> <span class='ocrx_word' id='word_1_301' title='bbox 856 3903 922 3968; x_wconf 88' lang='lat' dir='ltr'><strong>iem</strong></span> <span class='ocrx_word' id='word_1_302' title='bbox 941 3904 975 3967; x_wconf 91' lang='lat' dir='ltr'><strong>in</strong></span> <span class='ocrx_word' id='word_1_303' title='bbox 995 3903 1097 3968; x_wconf 86' lang='lat' dir='ltr'><strong>altero</strong></span> <span class='ocrx_word' id='word_1_304' title='bbox 1116 3904 1201 3968; x_wconf 89' lang='lat' dir='ltr'><strong>libro</strong></span> <span class='ocrx_word' id='word_1_305' title='bbox 1221 3904 1338 3968; x_wconf 90' lang='lat' dir='ltr'><strong>horum</strong></span> <span class='ocrx_word' id='word_1_306' title='bbox 1357 3904 1432 3968; x_wconf 89' lang='lat' dir='ltr'><strong>Pro·</strong></span> 
     </span>
     <span class='ocr_line' id='line_1_34' title="bbox 152 4010 1432 4098; baseline 0.001 -23"><span class='ocrx_word' id='word_1_307' title='bbox 152 4010 398 4098; x_wconf 80' lang='lat' dir='ltr'><strong>legemenorum</strong></span> <span class='ocrx_word' id='word_1_308' title='bbox 422 4011 642 4095; x_wconf 87' lang='lat' dir='ltr'><strong>disseruimus,</strong></span> <span class='ocrx_word' id='word_1_309' title='bbox 666 4012 704 4075; x_wconf 92' lang='lat' dir='ltr'><strong>de</strong></span> <span class='ocrx_word' id='word_1_310' title='bbox 724 4010 829 4075; x_wconf 91' lang='lat' dir='ltr'><strong>modis</strong></span> <span class='ocrx_word' id='word_1_311' title='bbox 848 4016 958 4076; x_wconf 91' lang='lat' dir='ltr'><strong>autem</strong></span> <span class='ocrx_word' id='word_1_312' title='bbox 976 4011 1109 4076; x_wconf 89' lang='lat' dir='ltr'><strong>musicis</strong></span> <span class='ocrx_word' id='word_1_313' title='bbox 1128 4016 1161 4076; x_wconf 91' lang='lat' dir='ltr'><strong>et</strong></span> <span class='ocrx_word' id='word_1_314' title='bbox 1180 4012 1270 4076; x_wconf 90' lang='lat' dir='ltr'><strong>chori</strong></span> <span class='ocrx_word' id='word_1_315' title='bbox 1290 4013 1432 4076; x_wconf 89' lang='lat' dir='ltr'><strong>motibus</strong></span> 
     </span>
     <span class='ocr_line' id='line_1_35' title="bbox 152 4119 1432 4204; baseline 0 -21"><span class='ocrx_word' id='word_1_316' title='bbox 152 4119 218 4184; x_wconf 86' lang='lat' dir='ltr'><strong>fere</strong></span> <span class='ocrx_word' id='word_1_317' title='bbox 246 4119 329 4184; x_wconf 88' lang='lat' dir='ltr'><strong>nihil</strong></span> <span class='ocrx_word' id='word_1_318' title='bbox 357 4120 437 4185; x_wconf 91' lang='lat' dir='ltr'><strong>certi</strong></span> <span class='ocrx_word' id='word_1_319' title='bbox 465 4125 498 4185; x_wconf 88' lang='lat' dir='ltr'><strong>et</strong></span> <span class='ocrx_word' id='word_1_320' title='bbox 527 4119 613 4204; x_wconf 90' lang='lat' dir='ltr'><strong>quod</strong></span> <span class='ocrx_word' id='word_1_321' title='bbox 641 4140 709 4183; x_wconf 90' lang='lat' dir='ltr'><strong>rem</strong></span> <span class='ocrx_word' id='word_1_322' title='bbox 738 4121 813 4182; x_wconf 88' lang='lat' dir='ltr'><strong>ante</strong></span> <span class='ocrx_word' id='word_1_323' title='bbox 842 4119 953 4184; x_wconf 90' lang='lat' dir='ltr'><strong>oculos</strong></span> <span class='ocrx_word' id='word_1_324' title='bbox 979 4120 1076 4184; x_wconf 91' lang='lat' dir='ltr'><strong>nobis</strong></span> <span class='ocrx_word' id='word_1_325' title='bbox 1104 4124 1207 4203; x_wconf 89' lang='lat' dir='ltr'><strong>ponat</strong></span> <span class='ocrx_word' id='word_1_326' title='bbox 1230 4124 1432 4204; x_wconf 90' lang='lat' dir='ltr'><strong>compertum</strong></span> 
     </span>
     <span class='ocr_line' id='line_1_36' title="bbox 152 4225 1434 4310; baseline -0.001 -19"><span class='ocrx_word' id='word_1_327' title='bbox 152 4227 318 4293; x_wconf 88' lang='lat' dir='ltr'><strong>habemus.</strong></span> <span class='ocrx_word' id='word_1_328' title='bbox 364 4227 450 4293; x_wconf 87' lang='lat' dir='ltr'><strong>Nam</strong></span> <span class='ocrx_word' id='word_1_329' title='bbox 478 4233 573 4294; x_wconf 88' lang='lat' dir='ltr'><strong>notas</strong></span> <span class='ocrx_word' id='word_1_330' title='bbox 603 4227 742 4293; x_wconf 87' lang='lat' dir='ltr'><strong>musicas</strong></span> <span class='ocrx_word' id='word_1_331' title='bbox 769 4226 949 4310; x_wconf 88' lang='lat' dir='ltr'><strong>primorum</strong></span> <span class='ocrx_word' id='word_1_332' title='bbox 973 4249 1125 4293; x_wconf 90' lang='lat' dir='ltr'><strong>versuum</strong></span> <span class='ocrx_word' id='word_1_333' title='bbox 1149 4227 1301 4292; x_wconf 90' lang='lat' dir='ltr'><strong>carminis</strong></span> <span class='ocrx_word' id='word_1_334' title='bbox 1325 4225 1360 4290; x_wconf 87' lang='lat' dir='ltr'><strong>P.</strong></span> <span class='ocrx_word' id='word_1_335' title='bbox 1380 4245 1391 4290; x_wconf 87' lang='lat'>1</span> <span class='ocrx_word' id='word_1_336' title='bbox 1415 4251 1434 4290; x_wconf 91' lang='lat' dir='ltr'><strong>a</strong></span> 
     </span>
    </p>
   </div>
   <div class='ocr_carea' id='block_1_3' title="bbox 154 4374 365 4381">
    <p class='ocr_par' dir='ltr' id='par_1_3' title="bbox 154 4374 365 4381">
     <span class='ocr_line' id='line_1_37' title="bbox 154 4374 365 4381; baseline -0.005 0"><span class='ocrx_word' id='word_1_337' title='bbox 154 4374 365 4381; x_wconf 53' lang='grc' dir='ltr'>-..ω-...η-</span> 
     </span>
    </p>
   </div>
   <div class='ocr_carea' id='block_1_4' title="bbox 152 4455 1437 4941">
    <p class='ocr_par' dir='ltr' id='par_1_4' title="bbox 152 4455 1437 4941">
     <span class='ocr_line' id='line_1_38' title="bbox 244 4455 1431 4561; baseline 0.001 -52"><span class='ocrx_word' id='word_1_338' title='bbox 244 4456 637 4561; x_wconf 44' lang='lat' dir='ltr'><strong>1)Viderechol.0.v1148.</strong></span> <span class='ocrx_word' id='word_1_339' title='bbox 662 4475 691 4509; x_wconf 82' lang='lat' dir='ltr'><strong>rx</strong></span> <span class='ocrx_word' id='word_1_340' title='bbox 707 4462 765 4511; x_wconf 85' lang='lat'>163.</span> <span class='ocrx_word' id='word_1_341' title='bbox 798 4456 828 4512; x_wconf 88' lang='lat' dir='ltr'><strong>P.</strong></span> <span class='ocrx_word' id='word_1_342' title='bbox 844 4461 902 4511; x_wconf 86' lang='lat'>116.</span> <span class='ocrx_word' id='word_1_343' title='bbox 932 4463 1004 4511; x_wconf 67' lang='lat' dir='ltr'><strong>vhe.</strong></span> <span class='ocrx_word' id='word_1_344' title='bbox 1021 4464 1062 4512; x_wconf 84' lang='grc'><strong>96.</strong></span> <span class='ocrx_word' id='word_1_345' title='bbox 1079 4461 1138 4511; x_wconf 87' lang='grc'><strong>138.</strong></span> <span class='ocrx_word' id='word_1_346' title='bbox 1166 4463 1233 4511; x_wconf 84' lang='lat' dir='ltr'><strong>v11.</strong></span> <span class='ocrx_word' id='word_1_347' title='bbox 1258 4460 1364 4510; x_wconf 72' lang='lat' dir='ltr'><strong>mnae.</strong></span> <span class='ocrx_word' id='word_1_348' title='bbox 1398 4455 1431 4510; x_wconf 92' lang='lat' dir='ltr'><strong>N.</strong></span> 
     </span>
     <span class='ocr_line' id='line_1_39' title="bbox 152 4529 1430 4669; baseline -0.004 -16"><span class='ocrx_word' id='word_1_349' title='bbox 152 4548 181 4582; x_wconf 61' lang='grc' dir='ltr'><strong><em>Ν</em></strong></span> <span class='ocrx_word' id='word_1_350' title='bbox 197 4529 623 4669; x_wconf 49' lang='lat' dir='ltr'><strong>1a2){Hpqcsqpportunitatem</strong></span> <span class='ocrx_word' id='word_1_351' title='bbox 638 4599 750 4669; x_wconf 79' lang='lat' dir='ltr'><strong>mythos</strong></span> <span class='ocrx_word' id='word_1_352' title='bbox 765 4598 935 4653; x_wconf 87' lang='lat' dir='ltr'><strong>carminibus</strong></span> <span class='ocrx_word' id='word_1_353' title='bbox 950 4599 1067 4669; x_wconf 87' lang='lat' dir='ltr'><strong>epinicis</strong></span> <span class='ocrx_word' id='word_1_354' title='bbox 1082 4598 1224 4654; x_wconf 84' lang='lat' dir='ltr'><strong>inserendi</strong></span> <span class='ocrx_word' id='word_1_355' title='bbox 1238 4599 1351 4669; x_wconf 74' lang='lat' dir='ltr'><strong>egregie</strong></span> <span class='ocrx_word' id='word_1_356' title='bbox 1366 4597 1430 4649; x_wconf 89' lang='lat' dir='ltr'><strong>illu-</strong></span> 
     </span>
     <span class='ocr_line' id='line_1_40' title="bbox 153 4668 1431 4742; baseline -0.002 -16"><span class='ocrx_word' id='word_1_357' title='bbox 153 4671 255 4726; x_wconf 87' lang='lat' dir='ltr'><strong>stravit</strong></span> <span class='ocrx_word' id='word_1_358' title='bbox 273 4674 302 4725; x_wconf 91' lang='lat' dir='ltr'><strong>et</strong></span> <span class='ocrx_word' id='word_1_359' title='bbox 316 4674 415 4725; x_wconf 90' lang='lat' dir='ltr'><strong>contra</strong></span> <span class='ocrx_word' id='word_1_360' title='bbox 429 4671 545 4727; x_wconf 85' lang='lat' dir='ltr'><strong>subtiles</strong></span> <span class='ocrx_word' id='word_1_361' title='bbox 559 4672 683 4727; x_wconf 88' lang='lat' dir='ltr'><strong>rationes</strong></span> <span class='ocrx_word' id='word_1_362' title='bbox 699 4670 833 4725; x_wconf 83' lang='lat' dir='ltr'><strong>Boeclrhii</strong></span> <span class='ocrx_word' id='word_1_363' title='bbox 848 4671 1088 4739; x_wconf 86' lang='lat' dir='ltr'><strong>recentiorumque</strong></span> <span class='ocrx_word' id='word_1_364' title='bbox 1103 4671 1288 4742; x_wconf 83' lang='lat' dir='ltr'><strong>interpretum</strong></span> <span class='ocrx_word' id='word_1_365' title='bbox 1304 4668 1431 4723; x_wconf 87' lang='lat' dir='ltr'><strong>defendit</strong></span> 
     </span>
     <span class='ocr_line' id='line_1_41' title="bbox 152 4740 1437 4813; baseline -0.002 -15"><span class='ocrx_word' id='word_1_366' title='bbox 152 4744 365 4798; x_wconf 85' lang='lat' dir='ltr'><strong>Dracbmannus</strong></span> <span class='ocrx_word' id='word_1_367' title='bbox 388 4743 418 4796; x_wconf 92' lang='lat' dir='ltr'><strong>in</strong></span> <span class='ocrx_word' id='word_1_368' title='bbox 441 4743 512 4797; x_wconf 89' lang='lat' dir='ltr'><strong>libro</strong></span> <span class='ocrx_word' id='word_1_369' title='bbox 532 4745 636 4798; x_wconf 89' lang='lat' dir='ltr'><strong>Danice</strong></span> <span class='ocrx_word' id='word_1_370' title='bbox 660 4743 778 4813; x_wconf 88' lang='lat' dir='ltr'><strong>scripto,</strong></span> <span class='ocrx_word' id='word_1_371' title='bbox 802 4742 852 4797; x_wconf 89' lang='lat' dir='ltr'><strong>sed</strong></span> <span class='ocrx_word' id='word_1_372' title='bbox 874 4742 977 4811; x_wconf 88' lang='lat' dir='ltr'><strong>partim</strong></span> <span class='ocrx_word' id='word_1_373' title='bbox 1002 4743 1093 4796; x_wconf 87' lang='lat' dir='ltr'><strong>latina</strong></span> <span class='ocrx_word' id='word_1_374' title='bbox 1116 4744 1243 4798; x_wconf 86' lang='lat' dir='ltr'><strong>oratione</strong></span> <span class='ocrx_word' id='word_1_375' title='bbox 1263 4740 1437 4809; x_wconf 81' lang='lat' dir='ltr'><strong>alienigenis</strong></span> 
     </span>
     <span class='ocr_line' id='line_1_42' title="bbox 152 4813 1432 4941; baseline -0.002 -72"><span class='ocrx_word' id='word_1_376' title='bbox 152 4815 312 4941; x_wconf 60' lang='lat' dir='ltr'><strong>lpqpplinihus</strong></span> <span class='ocrx_word' id='word_1_377' title='bbox 340 4814 483 4884; x_wconf 82' lang='lat' dir='ltr'><strong>patefacto</strong></span> <span class='ocrx_word' id='word_1_378' title='bbox 511 4818 551 4869; x_wconf 82' lang='lat' dir='ltr'><strong>he</strong></span> <span class='ocrx_word' id='word_1_379' title='bbox 578 4815 763 4870; x_wconf 88' lang='lat' dir='ltr'><strong>recentiorum</strong></span> <span class='ocrx_word' id='word_1_380' title='bbox 791 4813 1023 4883; x_wconf 87' lang='lat' dir='ltr'><strong>interpretatione</strong></span> <span class='ocrx_word' id='word_1_381' title='bbox 1046 4814 1209 4883; x_wconf 90' lang='lat' dir='ltr'><strong>Pindarica,</strong></span> <span class='ocrx_word' id='word_1_382' title='bbox 1237 4813 1432 4883; x_wconf 85' lang='lat' dir='ltr'><strong>Kopenhagen</strong></span> 
     </span>
    </p>
   </div>
   <div class='ocr_carea' id='block_1_5' title="bbox 207 4987 1221 5051">
    <p class='ocr_par' dir='ltr' id='par_1_5' title="bbox 207 4987 1221 5051">
     <span class='ocr_line' id='line_1_43' title="bbox 207 4987 1221 5051; baseline -0.003 -25"><span class='ocrx_word' id='word_1_383' title='bbox 207 4988 332 5029; x_wconf 74' lang='lat' dir='ltr'><strong>annasrs</strong></span> <span class='ocrx_word' id='word_1_384' title='bbox 345 4989 380 5029; x_wconf 80' lang='lat' dir='ltr'><strong>sd.</strong></span> <span class='ocrx_word' id='word_1_385' title='bbox 395 4987 502 5028; x_wconf 74' lang='lat' dir='ltr'><strong>christ.</strong></span> <span class='ocrx_word' id='word_1_386' title='bbox 1202 4994 1221 5051; x_wconf 78' lang='lat' dir='ltr'><strong>g</strong></span> 
     </span>
    </p>
   </div>
   <div class='ocr_carea' id='block_1_6' title="bbox 0 0 1726 5550">
    <p class='ocr_par' dir='ltr' id='par_1_6' title="bbox 0 0 1726 5550">
     <span class='ocr_line' id='line_1_44' title="bbox 0 0 1726 5550; baseline 0 0"><span class='ocrx_word' id='word_1_387' title='bbox 0 0 1726 5550; x_wconf 95' lang='lat' dir='ltr'><strong> </strong></span> 
     </span>
    </p>
   </div>
  </div>
 </body>
</html>
