3442 5550
753 387 901 437 PINDARI
920 386 1086 436 EPlNlClA.

369 553 497 628 γνῶναί
518 546 549 611 τ’
575 545 687 621 ἔπειτ’,
712 545 850 630 ἀρχαῖον
872 547 1001 622 ὄνειδος
1024 546 1186 611 ἀλαθέσιν

371 657 482 735 λόγοις
500 656 531 718 εί
549 656 725 738 φεύγομεν.
745 656 911 717 Βοιωτίαν
932 649 981 717 ὗν.
1025 651 1093 716 ἐσσί
1115 654 1177 737 γὰρ
1197 654 1334 734 ἀγγελος
1357 653 1471 736 ὀρθός,

369 762 523 845 ἠυκόμων
556 761 701 825 σκυτιίλα
736 765 886 839 Μοισᾶν,
919 764 1042 841 γλυκὺς
1073 762 1197 844 κρατὴρ
1228 759 1470 842 ἀγαφθέγκτων

917 864 1049 930 ἀοιδᾶν·
1509 884 1559 930 rna

1341 1007 1425 1072 Ἀντ.
1449 1008 1487 1072 ε’.

370 1102 464 1164 εἰπὸν
488 1096 524 1164 δὲ·
547 1105 733 1183 μεμνᾶσθαι
760 1102 982 1182 Συρακοσσᾶν
1005 1120 1038 1160 τε
1063 1096 1115 1160 καί
1139 1096 1322 1181 Ὀρτυγίας·

370 1209 430 1270 τάν
449 1204 562 1288 Ἰίρων
586 1212 724 1293 καθαρῷ
749 1205 881 1291 σκιίπτφ
906 1202 1044 1281 διόπων,

369 1316 464 1398 ι’ίρτιιι
488 1315 687 1397 μηδόμενος,
711 1315 944 1396 φοινικόπεζαν

371 1420 511 1504 ἀμφέπει
536 1421 713 1504 Δάματρα,
737 1422 918 1483 λευκίππου
942 1441 976 1482 τε
999 1419 1168 1502 θυγατρὸς
1191 1415 1323 1502 ἑορτάν,
1509 1438 1559 1485 160

368 1527 420 1591 καί
448 1529 555 1609 Ζηνὸς
578 1529 740 1590 Αἰτναίου
763 1526 891 1609 κρότος.
937 1524 1095 1605 ἁδύλογοι
1120 1524 1160 1588 δέ
1179 1550 1235 1589 νιν

370 1636 468 1718 λύραι
500 1638 626 1718 μολπαί
655 1658 689 1698 τε
721 1634 928 1714 γινώσκουσι.
973 1634 1017 1716 μὴ
1047 1632 1189 1716 θράσσοι
1220 1636 1339 1716 χρόνος
1369 1637 1471 1718 ὄλβον

921 1738 1081 1823 ἐφέρπων.

370 1851 433 1912 σὺν
457 1846 492 1912 δὲ
517 1848 783 1931 φιλοφροσύναις
805 1847 978 1931 εὐηράτοις
998 1844 1131 1928 Ἀγησιά
1156 1845 1283 1924 δέξαιτο
1307 1860 1419 1933 κῶμον
1509 1869 1558 1913 rue

353 2066 395 2112 90.
420 2059 489 2114 e'ool:
515 2058 567 2111 ἔστι
593 2057 664 2111 coni.
684 2057 874 2110 Wilamowitz
903 2089 935 2095 -
965 2063 1006 2111 91.
1035 2054 1244 2125 ἀγαφθέγκτων
1272 2059 1312 2113 B:
1340 2056 1497 2129 ἁφθόγγων
1524 2062 1560 2123 Α,

281 2128 473 2200 ἀγαφθέκτων
494 2131 548 2182 t'D
576 2162 590 2167 -
638 2135 680 2182 92.
710 2129 790 2183 εἰπὸν
809 2128 934 2183 Boeclrh:
963 2124 1043 2181 εἶπον
1063 2128 1142 2181 codd.
1165 2128 1243 2181 -δ’
1270 2129 1316 2199 ἐμὲ
1339 2135 1465 2200 μνᾶσθαι
1487 2130 1559 2185 coni.

282 2201 402 2255 lureuka
423 2235 453 2241 —
474 2208 651 2268 σνρακουσᾶν
670 2202 696 2253 A
722 2232 753 2239 —
778 2206 820 2256 93,
845 2199 975 2272 σκόπτρῳ
995 2200 1056 2253 RD
1133 2205 1175 2253 95.
1200 2199 1298 2267 ἑορτὰς
1316 2204 1342 2255 Α
1363 2234 1395 2240 -
1416 2208 1458 2256 9ῖ.
1479 2204 1557 2269 λύραι

281 2274 374 2327 codd.:
394 2271 481 2327 πνοαί
500 2271 595 2335 schol,
614 2272 688 2339 qnod
710 2271 988 2340 interpretamentum
1008 2272 1180 2339 depravatae
1199 2272 1353 2341 scriptume
1373 2276 1481 2327 Areu
1499 2289 1560 2326 esse

282 2344 422 2398 divinavit
436 2345 510 2412 Bury
526 2343 555 2396 iu
569 2342 636 2396 edit.
653 2343 731 2397 Pind.
748 2342 826 2395 Nem.
840 2362 886 2393 nur
909 2376 938 2381 -
959 2344 1061 2411 μολπαί
1078 2342 1186 2396 ABD:
1204 2347 1307 2396 πολλαί
1320 2347 1348 2407 t',
1366 2346 1446 2412 λύραι
1462 2342 1561 2398 πνοιαί

281 2418 403 2469 veterem
431 2415 579 2468 lectionem
602 2414 689 2466 titisse
712 2414 784 2468 coni.
804 2414 902 2479 Lelrrs,
931 2414 1158 2466 Pimlursclrolieu
1179 2430 1204 2466 ιο
1229 2446 1259 2452 -
1284 2416 1403 2482 θράσσοι
1435 2416 1561 2470 Boeckb:

281 2487 404 2554 θραύσοι
423 2486 556 2552 ABCI),
574 2486 698 2554 θραύσαι
721 2485 861 2538 Hermann
881 2517 913 2523 -
935 2492 976 2539 98.
997 2484 1189 2552 euisceratam
1210 2486 1313 2555 scriptu
1334 2504 1418 2555 supra
1437 2502 1465 2553 κγ
1485 2491 1510 2541 A
1526 2519 1558 2526 -

282 2630 404 2682 Aeneam
415 2646 470 2682 nou
482 2646 598 2696 semper,
609 2629 657 2680 sert
668 2628 720 2680 hoc
732 2627 791 2681 uolo
802 2627 863 2680 luen
874 2627 1098 2680 chorsuiunscati
1110 2644 1222 2680 munere
1233 2629 1359 2681 functum
1370 2645 1431 2684 esse
1441 2633 1559 2684 statuas.
1637 2640 1640 2647 ’

282 2700 389 2753 Nomen
409 2700 483 2753 enim
498 2702 609 2752 Aeneae
630 2699 657 2752 iu
673 2699 794 2752 Arcadia
814 2699 943 2766 frequens
963 2702 1032 2765 erat,
1053 2698 1125 2751 umlc
1144 2699 1218 2752 lmue
1236 2701 1360 2753 Aeneam
1375 2702 1513 2755 Arcadem
1532 2705 1559 2755 et

283 2775 433 2841 cognatum
453 2771 498 2825 sel
513 2770 653 2840 hospitem
667 2771 788 2839 Agesiae
807 2770 894 2823 fuisse
909 2770 1085 2823 llemmnuus
1104 2770 1204 2823 merito
1223 2771 1332 2826 statuit.
1361 2772 1451 2825 Simili
1466 2778 1561 2826 antem

282 2859 396 2897 munere
409 2843 559 2914 Agrigenti
574 2841 758 2911 Nicasippum
772 2841 897 2895 iunctum
912 2859 973 2894 esse
989 2845 1070 2910 poeta
1088 2841 1227 2909 significat
1244 2842 1263 2895 l.
1274 2862 1293 2894 ιι
1303 2860 1343 2911 ιτς
1362 2844 1396 2898 cf.
1408 2844 1464 2898 Vit.
1480 2844 1560 2898 Piud.

281 2915 309 2966 in
330 2913 401 2968 Prol.
416 2933 443 2984 p.
459 2934 485 2966 cr
500 2930 532 2967 su.
549 2932 593 2966 cri
608 2930 634 2969 as
655 2945 685 2951 —
711 2918 753 2965 88.
776 2909 867 2981 Ἥραν
892 2911 1059 2980 Παρθενίαν
1082 2912 1224 2966 celebrare
1244 2913 1371 2981 iubetur,
1389 2916 1463 2983 quod
1484 2915 1561 2969 teriia

283 2986 396 3039 lnnenis
411 2986 481 3039 baec
496 2984 619 3055 epinicia
638 2985 805 3055 agebantur,
825 2988 856 3037 ut
875 2984 996 3053 epinicia
1010 2983 1145 3037 'l'lreronis
1161 2990 1193 3037 tt.
1209 3004 1238 3035 ιιι
1254 2986 1340 3039 sacris
1355 2986 1561 3053 Dioscurorum,

282 3057 418 3111 Arcesilai
440 3057 468 3112 P.
489 3076 505 3109 ι’
524 3056 639 3110 t'arneis
658 3055 798 3125 Apollinis
817 3060 881 3109 ncta
901 3072 962 3109 esse
982 3058 1100 3108 constat.
1139 3055 1250 3108 Etenim
1270 3057 1334 3109 inde
1354 3075 1386 3111 ex
1406 3058 1561 3112 Homericis

282 3128 457 3198 temporibus
481 3128 620 3181 sancitum
645 3128 712 3196 luit,
737 3131 765 3180 ut
786 3127 863 3180 feriis
883 3127 997 3179 deorum
1017 3127 1136 3195 priumm
1156 3126 1233 3194 «leus,
1253 3128 1333 3180 cuius
1353 3129 1440 3183 feriae
1459 3133 1562 3197 essent,

283 3200 387 3268 hymno
415 3200 461 3253 rel
490 3199 631 3269 prooemio
659 3200 860 3264 celebraretur,
890 3198 993 3252 deinde
1021 3198 1057 3250 ml
1085 3197 1183 3250 laudes
1214 3199 1357 3253 hominum
1386 3201 1560 3256 transiretur.

283 3270 371 3335 Quem
391 3275 486 3324 nartem
506 3271 598 3324 locum
619 3270 703 3340 vulgo
723 3270 892 3338 rlrapsecliac
913 3269 1033 3334 llomeri,
1053 3271 1084 3322 ut
1102 3270 1267 3338 raupjan,
1284 3270 1482 3341 Ἀγαμέμνονος
1500 3275 1559 3340 ἀρι-

282 3340 373 3407 στείιι,
393 3344 550 3408 notavere,
569 3340 750 3409 abtinebant,
770 3359 833 3394 eum
857 3343 918 3393 tum
936 3340 1050 3392 Pindari
1071 3340 1223 3409 epinicium
1243 3342 1270 3393 iu
1290 3343 1422 3397 bonorem
1442 3344 1563 3415 Agesiae

282 3414 388 3465 tactum
409 3413 548 3482 explebat.
587 3415 679 3480 Atque
698 3413 823 3481 Heynius
847 3415 875 3465 et
894 3414 1003 3465 Gratius
1022 3412 1073 3479 qlte
1095 3411 1192 3466 Graec.
1208 3418 1263 3466 ret.
1280 3431 1309 3467 re
1329 3432 1398 3469 mus.
1414 3419 1450 3483 ω)
1469 3416 1562 3469 verbis

283 3492 395 3552 πρῶτον
415 3484 466 3553 μὲν
479 3481 570 3551 Ἦραν
589 3482 757 3551 Παρθενίαν
776 3486 926 3552 κελαδῆσαι
947 3482 1014 3537 solis
1035 3484 1166 3537 lunonem
1186 3484 1332 3538 laudatam
1352 3502 1413 3539 esse
1432 3487 1562 3551 creclunt3

283 3554 359 3622 quod
380 3562 411 3607 ut·
430 3555 489 3609 lieri
508 3572 590 3624 posse
606 3556 737 3623 concedo,
758 3555 797 3607 ita
813 3554 904 3625 magis
924 3559 1018 3607 tamen
1037 3554 1158 3608 llissenii
1179 3555 1248 3608 milri
1267 3557 1403 3625 probatur
1422 3558 1562 3612 sententia

284 3628 396 3696 praeter
415 3627 466 3679 troc
486 3627 638 3695 epinicium
657 3626 790 3694 hymnum
811 3626 924 3679 Iunonis
943 3626 1127 3695 peculiarem,
1153 3626 1226 3679 alius
1246 3628 1345 3696 upiuor
1363 3633 1477 3698 poetae,
1497 3648 1562 3683 can·

283 3701 375 3751 tatum
395 3714 456 3751 esse
476 3698 635 3751 statuentis.
666 3697 711 3749 Sic
727 3698 799 3751 enim
816 3697 916 3751 ruelius
931 3704 1058 3766 apparet,
1078 3715 1127 3749 cur
1141 3717 1196 3751 nou
1210 3716 1243 3750 ex
1260 3700 1371 3753 lunonis
1385 3701 1498 3768 hymno,
1513 3702 1562 3753 secl

284 3786 316 3822 ex
350 3786 398 3835 eo,
432 3769 507 3855 ιμιοιλ
541 3787 602 3823 eum
637 3771 819 3837 sequebatur,
852 3769 975 3823 carmine
1007 3787 1053 3822 ars
1086 3768 1200 3822 Pindari
1230 3771 1360 3840 cognosci
1389 3771 1501 3824 dicat-ur
1529 3804 1560 3811 -

283 3846 326 3894 90.
348 3845 485 3894 Βοιωτιαν
505 3836 549 3895 δν·
570 3840 670 3895 sclrol:
689 3839 859 3910 Ἀρίσταρχος
877 3840 954 3907 παρὰ
969 3840 1000 3893 τὸ
1015 3838 1176 3910 λεγόμενον
1197 3840 1227 3894 ἐν
1244 3840 1360 3915 Βοιωτίᾳ
1377 3839 1418 3904 ὗς·
1439 3842 1472 3895 cs.
1489 3844 1520 3896 t'r.
1537 3861 1564 3897 sa

285 3943 317 3950 -
338 3918 380 3964 al.
401 3914 524 3979 Aeneas,
549 3912 738 3965 internuntius
756 3920 870 3981 poetae,
895 3912 1019 3965 carruina
1045 3930 1196 3980 eorumque
1215 3914 1312 3967 modos
1336 3932 1353 3967 a
1376 3914 1498 3968 Pindaro
1517 3932 1563 3967 ac·

284 3986 380 4052 ceptos
399 3988 543 4052 tamquam
562 3984 672 4037 scutula
687 3984 824 4038 Laconica
841 3984 869 4036 in
884 3984 1034 4037 Arcadiam
1054 3984 1152 4037 uttcrru
1172 3984 1262 4053 iisque
1281 3985 1362 4053 quasi
1382 3988 1489 4039 cratere
1503 3986 1562 4039 sini

285 4054 426 4108 laetitiam
441 4055 563 4109 convivii
579 4072 682 4126 augere
698 4054 808 4110 dicitur.
830 4087 860 4093 —
882 4061 916 4107 92
927 4072 948 4110 s.
969 4061 1084 4109 venuste
1100 4059 1183 4125 poeta
1199 4056 1341 4125 convivas,
1355 4074 1418 4110 cum
1433 4057 1563 4111 Hieronis

285 4142 423 4179 memores
448 4144 495 4180 cos
522 4144 582 4180 esse
609 4127 700 4193 iubet,
728 4126 787 4195 ipse
807 4126 952 4194 carminis,
978 4145 1033 4195 quo
1053 4132 1136 4180 antea
1157 4127 1286 4182 llieronis
1306 4128 1404 4181 laudes
1423 4128 1564 4184 cecinerat

284 4196 327 4259 (Ο.
343 4216 351 4248 ι
373 4202 416 4264 ιε),
435 4202 594 4251 commonet
613 4232 642 4237 —
666 4206 707 4253 aa.
728 4197 938 4266 φοινικόπεζαν,
957 4216 1096 4268 purpureo
1115 4216 1195 4253 socco
1215 4199 1344 4252 indutam
1363 4201 1565 4270 iuterpretatur

286 4268 520 4322 Wilamowitzius
540 4272 574 4324 ad
596 4270 703 4323 colores
723 4274 875 4338 tigurarmu
894 4270 1054 4339 figlinarum
1074 4287 1242 4338 pruniceum
1267 4271 1396 4339 equidem
1422 4290 1472 4325 cur
1493 4274 1563 4326 baec

287 4338 483 4408 interpretatio
502 4341 613 4412 vulgari
634 4343 788 4410 ‘purpureo
807 4342 893 4411 pcdc’
914 4341 1009 4411 potior
1032 4342 1071 4395 sit
1089 4361 1143 4395 mm
1164 4341 1298 4411 intellego
1389 4349 1431 4399 95.
1463 4344 1563 4398 schel:

289 4410 443 4480 ἱερωσύνην
462 4408 536 4482 εἶχεν
555 4413 570 4466 ὁ
587 4411 680 4480 ’λε’ρων
700 4413 846 4483 Δήμητρος
864 4413 910 4465 καί
931 4411 1024 4482 Κόρης
1043 4414 1088 4466 καὶ
1110 4414 1178 4475 Διὸς
1198 4413 1329 4468 Αἰτναίου
1349 4415 1380 4469 ἐν
1399 4413 1514 4489 Σικελίᾳ
1534 4416 1563 4469 ἐκ

287 4484 423 4552 διαδοχῆς
440 4482 561 4552 Τηλίνου
575 4493 625 4537 τοῦ
639 4484 780 4553 προγόνου
795 4487 888 4538 αὐτῶν
904 4485 995 4537 ...τά
1013 4483 1184 4555 προκείμενα
1203 4504 1290 4553 φησιν
1305 4486 1320 4541 ci
1334 4484 1501 4560 <Δίδυμσς>
1517 4488 1563 4540 καλ

287 4553 475 4622 παρατίθεται
496 4555 531 4608 τὰ
551 4554 680 4609 Φιλίστου
703 4558 750 4609 καὶ
774 4556 808 4609 ui
830 4558 957 4625 Τιμαίου.
996 4556 1125 4610 llicronis
1152 4558 1340 4612 sacerdotium
1368 4564 1563 4627 pnrcterquam

289 4626 341 4679 hoc
367 4626 429 4679 locu
454 4630 538 4696 poeta
565 4626 736 4695 significavit
762 4628 791 4681 Ρ.
811 4647 829 4679 u
852 4646 889 4681 ιιῑ.
908 4631 937 4681 et
956 4628 987 4680 fr.
1010 4646 1059 4693 ιιιις
1086 4632 1176 4681 tetam
1196 4648 1253 4683 rem
1273 4630 1411 4683 uterrime
1429 4630 1566 4683 tractavit

290 4697 437 4762 huntheri,
458 4698 497 4751 lle
518 4698 646 4751 llieronis
665 4699 738 4767 regis·
759 4699 916 4753 satcerclotio
935 4698 1052 4764 Cereali,
1075 4699 1187 4753 llnunae
1208 4706 1276 4753 1887
1298 4734 1327 4740 --
1350 4709 1390 4754 aa.
1411 4699 1565 4755 λευκίππου

285 4768 442 4837 θυγατρός,
468 4769 664 4838 Proserpinae,
684 4788 756 4838 quae
775 4773 939 4844 λευκοπώλω
957 4770 1058 4839 ἅρματι
1086 4773 1122 4825 ad
1148 4772 1257 4825 caelum
1285 4776 1364 4827 vecta
1390 4790 1451 4827 esse
1478 4774 1565 4826 t'ertur

285 4838 315 4892 in
335 4840 447 4894 scholii>
467 4872 501 4880 -
520 4848 562 4895 bb.
583 4841 684 4898 schol:
704 4842 735 4897 ἐν
753 4851 786 4915 τῇ
806 4843 890 4913 Αἴτνη
910 4843 978 4906 Διὸς
997 4843 1129 4897 Αἰτναίου
1149 4843 1258 4914 ἄγαλμα
1278 4846 1397 4913 ἵδρυται,
1417 4845 1463 4899 καί
1484 4844 1564 4913 teeti,
