3442 5550
313 414 335 476 L
812 420 1090 477 Paonnoonnns.

315 588 422 672 specie
450 584 597 673 rhythmi
625 584 673 651 ita
695 585 856 672 recedere,
883 591 921 652 ut
944 586 1209 671 aequabilitatem
1232 586 1395 652 intervalli
1418 585 1454 651 in
1476 586 1601 674 simpli-

314 695 406 759 cibus
430 695 567 780 pedibus
591 700 733 781 servent,
760 695 795 758 in
819 695 1009 780 compositis
1032 716 1097 758 non
1121 694 1213 778 item,
1240 717 1282 759 an
1302 694 1497 780 rhythmicis
1522 696 1600 759 arti-

313 802 396 867 ficiis
428 825 604 887 passarum
636 807 670 868 et
702 803 875 888 longarum
905 802 1104 887 syllabarum
1133 801 1263 887 longius
1290 802 1522 886 productarum
1549 803 1600 867 ita

313 914 458 995 utamur,
485 915 523 974 ut
550 910 649 974 etiam
678 931 734 973 cos
757 932 883 995 versus,
911 909 966 993 qui
990 931 1028 974 ex
1053 908 1192 992 dipodiis
1216 914 1249 972 et
1272 908 1422 992 tripudiis
1446 914 1597 974 constare

312 1017 480 1103 videntur,
506 1017 542 1081 in
570 1016 751 1102 dipodicam
780 1039 965 1082 mensuram
995 1016 1173 1101 cogamus?
1217 1014 1378 1098 Equidem
1400 1037 1505 1100 neque
1527 1022 1597 1081 tam

313 1123 446 1189 timidus
480 1147 566 1208 sum,
598 1129 635 1188 ut
662 1123 798 1188 alteram
825 1124 1001 1208 rationem,
1029 1122 1148 1207 quippe
1177 1144 1257 1208 quae
1285 1128 1318 1187 et
1342 1145 1451 1188 rerum
1477 1130 1598 1189 natura

313 1236 346 1295 et
378 1254 439 1295 usu
472 1232 644 1296 modernae
671 1231 813 1296 musicae
840 1232 1097 1314 commendetur,
1128 1229 1340 1314 spernendam
1369 1230 1595 1317 fugiendumve

313 1338 510 1423 existimem,
546 1360 650 1422 neque
688 1342 757 1402 tam
794 1338 958 1422 pertinax,
989 1341 1027 1401 ut
1064 1336 1215 1401 omnibus
1251 1337 1286 1400 in
1323 1337 1520 1403 carminibus
1557 1361 1597 1403 ea

313 1446 405 1511 abuti
438 1445 580 1510 sudeam.
632 1443 827 1509 Praesertim
859 1444 894 1508 in
930 1445 1036 1530 longis
1074 1449 1107 1508 et
1145 1444 1248 1528 magis
1279 1443 1464 1509 recitationi
1497 1467 1596 1529 quam

312 1553 422 1618 cantui
446 1552 542 1618 factis
567 1552 651 1635 odis,
680 1550 784 1635 qualis
808 1554 858 1615 est
881 1550 1018 1636 Pythica
1042 1555 1158 1633 quarta
1180 1551 1393 1616 ducentorum
1415 1552 1597 1637 nonaginta

311 1684 428 1726 novem
465 1682 631 1744 versuum,
667 1679 779 1724 vereor
810 1680 851 1723 ne
884 1658 1005 1722 derisui
1041 1657 1097 1741 sit,
1135 1657 1190 1741 qui
1227 1662 1294 1721 tam
1329 1657 1442 1723 crebro
1480 1658 1596 1745 longas

311 1767 454 1854 syllabas
492 1789 591 1851 supra
627 1767 758 1831 modum
796 1765 977 1851 quotidiani
1019 1764 1178 1829 sermonis
1218 1787 1320 1849 usque
1357 1765 1398 1830 ad
1435 1767 1596 1833 ambitum

312 1881 506 1960 quaternum
530 1895 694 1938 morarum
717 1875 893 1959 producere
916 1872 1003 1937 velit.
1049 1870 1172 1936 Contra
1196 1872 1383 1958 logaoedica
1406 1874 1491 1960 cola,
1513 1898 1596 1961 quae

311 1984 431 2048 fidibus
464 1986 497 2046 et
529 1981 621 2046 tibiis
652 1986 730 2046 nata
762 1986 854 2046 erant
882 1984 915 2045 et
943 1981 1059 2065 longas
1091 1978 1192 2044 trium
1224 1985 1407 2064 temporum
1439 1981 1595 2047 facillime

311 2090 543 2173 admittebant,
579 2110 657 2152 num
690 2088 799 2152 naevis
832 2088 1053 2172 dipodicarum
1086 2091 1119 2150 et
1153 2086 1384 2172 tripodicarum
1414 2091 1595 2172 percussio·

309 2217 388 2261 num
426 2196 674 2261 commixtarum
712 2194 947 2260 commaculare
983 2194 1094 2278 liceat,
1130 2216 1226 2277 quam
1264 2194 1403 2259 maxime
1443 2197 1594 2280 equidem

311 2304 433 2369 dubito.
472 2304 586 2387 ltaque
609 2302 663 2367 hic
687 2324 815 2387 quoquc
839 2303 968 2388 singula
991 2322 1110 2386 genera
1133 2303 1312 2366 carminum
1336 2303 1537 2391 distinguere
1562 2314 1595 2372 et

312 2433 394 2495 quae
423 2411 495 2475 aliis
524 2410 629 2495 magis
659 2409 819 2494 tripodiae
847 2409 925 2474 ferri
952 2431 1048 2494 posse
1076 2408 1245 2471 videantur
1273 2414 1382 2475 mente
1409 2433 1475 2477 non
1503 2436 1594 2498 prae-

313 2524 470 2603 occupata
493 2516 676 2581 examinare
700 2517 796 2582 nobis
818 2518 924 2582 visum
948 2522 1006 2582 est.

398 2624 507 2707 Atque
536 2624 643 2688 minus
666 2646 726 2689 nos
750 2622 929 2687 sollicitant
953 2622 1112 2708 tripodiae
1135 2624 1169 2687 in
1192 2625 1255 2688 fine
1279 2646 1432 2691 versuum
1455 2627 1591 2713 positae,

310 2732 400 2795 velut
423 2731 536 2795 statim
559 2731 594 2795 in
616 2730 721 2814 primo
745 2730 888 2795 carmine
911 2730 978 2793 0.1
1002 2732 1099 2795 strss

311 2946 444 3012 Etenim
471 2946 534 3010 hoc
561 2944 634 3010 loco
662 2942 804 3028 tripodis
829 2966 933 3028 pausa
960 2943 1108 3029 legitima
1134 2949 1209 3029 post
1237 2946 1334 3010 finem
1359 2970 1472 3013 versus
1495 2949 1592 3015 facile

310 3054 360 3119 ita
379 3053 522 3138 suppleri
540 3057 664 3137 potest,
682 3057 719 3116 ut
737 3050 870 3115 adscitis
888 3050 1041 3115 inanibus
1060 3052 1262 3136 temporibus
1280 3054 1423 3138 tripodis
1440 3055 1475 3119 in
1491 3056 1592 3121 ambi-

310 3166 381 3226 tum
406 3161 606 3246 tetrapodiae
630 3160 795 3225 adcrescat
817 3159 880 3223 hoc
903 3160 998 3223 modo

1301 3258 1325 3275 h-

523 3285 1344 3340 ὶυ-υὺυυ-υὲυ-υ;υυί-Ξ.υ-υιζ.Λ.

397 3392 510 3476 Neque
538 3391 674 3456 initialis
701 3391 858 3476 tripodis,
885 3391 913 3455 si
941 3390 1047 3474 primo
1075 3390 1229 3456 trochaeo
1256 3392 1306 3458 vel
1335 3394 1464 3478 dactylo
1490 3395 1589 3483 longa

308 3501 435 3586 syllaba
456 3498 636 3584 praemissa
659 3502 722 3581 cst,
746 3499 885 3562 multum
908 3497 1008 3561 habet
1031 3497 1234 3583 offensionis,
1261 3501 1538 3587 quandoquidem,
1561 3504 1588 3569 si

307 3609 447 3695 primam
481 3606 639 3691 syllabam
668 3628 735 3670 non
763 3606 831 3670 vice
860 3605 1025 3670 anscrusis
1052 3604 1161 3689 fungi,
1193 3605 1249 3669 sed
1277 3606 1376 3669 trium
1406 3612 1589 3691 temporum

307 3740 378 3782 esse
402 3714 592 3798 statuimus,
615 3736 653 3776 ex
678 3712 820 3796 tripodis
842 3713 880 3776 fit
903 3711 1098 3797 tetrapodia,
1121 3716 1159 3775 ut
1181 3710 1215 3775 P.
1234 3728 1257 3774 x
1281 3733 1329 3797 ep.
1349 3713 1370 3776 3

689 3821 1188 3870 marcor-ammae-

306 3931 432 3995 Eodem
451 3934 560 3993 autem
579 3927 743 4012 pertinent
761 3950 873 3991 versus
893 3926 1068 4011 ἀκέφαλοι,
1087 3926 1279 4012 praesertim
1293 3927 1321 3992 si
1341 3950 1468 3993 versum
1484 3935 1590 3995 acata-

306 4036 441 4119 lectum,
468 4036 504 4099 in
532 4035 623 4100 cuius
652 4038 715 4098 line
741 4057 860 4119 pausas
884 4036 975 4100 locus
999 4057 1065 4100 non
1087 4035 1220 4101 relictus
1244 4039 1307 4120 est,
1331 4041 1523 4122 sequuntur,
1551 4042 1589 4103 ut

308 4143 437 4208 P.vr2

706 4240 947 4281 cromaco
976 4244 1189 4283 -υυ;υ-ῦ

740 4339 1047 4389 Λύ-υιυυ-

395 4447 563 4512 Facillime
587 4468 663 4512 vero
687 4445 847 4529 tripodiae
869 4445 1031 4530 perfectae
1056 4443 1316 4532 (ἀκατάληκτοι),
1345 4470 1427 4532 quae
1449 4447 1484 4513 in
1508 4450 1587 4515 duas

306 4554 422 4641 longas
446 4554 588 4639 syllabas
606 4557 794 4637 excurrunt,
817 4553 984 4638 dipodieae
1003 4575 1172 4617 mensurae
1192 4554 1430 4620 adcommodsri
1449 4563 1587 4641 possunt

306 4666 444 4746 utraque
472 4661 572 4746 longa
598 4660 633 4725 in
660 4659 821 4725 ambitum
848 4665 977 4725 ternum
1004 4665 1188 4745 temporum
1215 4661 1373 4745 producta
1400 4663 1462 4728 hoc
1490 4664 1585 4727 modo

573 4796 620 4823 -:
680 4799 733 4837 --
759 4796 825 4836 :vv
851 4828 869 4836 ,
904 4810 922 4837 υ
948 4786 1037 4836 l.'.t..
1061 4765 1170 4854 (LVII
1194 4766 1304 4856 Str-3)

608 4896 787 4947 Lar-utJ.
841 4906 876 4946 l..
947 4877 985 4946 dm
1010 4918 1029 4945 υ
1064 4936 1082 4946 ..
1114 4874 1347 4967 (P.Xlep.5)
1409 4880 1429 4915 ·
