<?xml version="1.0" encoding="UTF-8"?>
<!DOCTYPE html PUBLIC "-//W3C//DTD XHTML 1.0 Transitional//EN"
    "http://www.w3.org/TR/xhtml1/DTD/xhtml1-transitional.dtd">
<html xmlns="http://www.w3.org/1999/xhtml" xml:lang="en" lang="en">
 <head>
  <title>
</title>
<meta http-equiv="Content-Type" content="text/html;charset=utf-8" />
  <meta name='ocr-system' content='tesseract 3.04.00' />
  <meta name='ocr-capabilities' content='ocr_page ocr_carea ocr_par ocr_line ocrx_word'/>
</head>
<body>
  <div class='ocr_page' id='page_1' title='image "./pindaricarminap00chrigoog_0276.png"; bbox 0 0 3442 5550; ppageno 0'>
   <div class='ocr_carea' id='block_1_1' title="bbox 710 369 1442 432">
    <p class='ocr_par' dir='ltr' id='par_1_1' title="bbox 710 369 1442 432">
     <span class='ocr_line' id='line_1_1' title="bbox 710 369 1442 432; baseline 0.011 -8"><span class='ocrx_word' id='word_1_1' title='bbox 710 374 841 425; x_wconf 76' lang='lat' dir='ltr'>rrrffla</span> <span class='ocrx_word' id='word_1_2' title='bbox 860 374 895 425; x_wconf 89' lang='lat'>11.</span> <span class='ocrx_word' id='word_1_3' title='bbox 1380 369 1442 432; x_wconf 79' lang='lat'>127</span> 
     </span>
    </p>
   </div>
   <div class='ocr_carea' id='block_1_2' title="bbox 164 538 1443 1686">
    <p class='ocr_par' dir='ltr' id='par_1_2' title="bbox 164 538 1443 1686">
     <span class='ocr_line' id='line_1_2' title="bbox 167 538 1443 617; baseline 0 -19"><span class='ocrx_word' id='word_1_4' title='bbox 167 544 203 599; x_wconf 91' lang='lat' dir='ltr'>ut</span> <span class='ocrx_word' id='word_1_5' title='bbox 233 541 362 617; x_wconf 87' lang='lat' dir='ltr'>priorem</span> <span class='ocrx_word' id='word_1_6' title='bbox 392 541 571 600; x_wconf 74' lang='lat' dir='ltr'><strong>sententiam</strong></span> <span class='ocrx_word' id='word_1_7' title='bbox 602 560 687 599; x_wconf 90' lang='lat' dir='ltr'>nemo</span> <span class='ocrx_word' id='word_1_8' title='bbox 720 558 810 598; x_wconf 89' lang='lat' dir='ltr'>sanus</span> <span class='ocrx_word' id='word_1_9' title='bbox 840 539 1047 615; x_wconf 74' lang='lat' dir='ltr'>amplectatur.</span> <span class='ocrx_word' id='word_1_10' title='bbox 1098 538 1156 596; x_wconf 82' lang='lat' dir='ltr'>Sed</span> <span class='ocrx_word' id='word_1_11' title='bbox 1185 558 1221 596; x_wconf 90' lang='lat' dir='ltr'>ne</span> <span class='ocrx_word' id='word_1_12' title='bbox 1253 538 1294 597; x_wconf 89' lang='lat' dir='ltr'>sic</span> <span class='ocrx_word' id='word_1_13' title='bbox 1323 539 1443 615; x_wconf 92' lang='lat' dir='ltr'>quidem</span> 
     </span>
     <span class='ocr_line' id='line_1_3' title="bbox 167 627 1443 705; baseline -0.001 -17"><span class='ocrx_word' id='word_1_14' title='bbox 167 632 300 689; x_wconf 86' lang='lat' dir='ltr'>extrema</span> <span class='ocrx_word' id='word_1_15' title='bbox 329 648 398 705; x_wconf 86' lang='lat' dir='ltr'>pars</span> <span class='ocrx_word' id='word_1_16' title='bbox 429 630 568 689; x_wconf 79' lang='lat' dir='ltr'><strong>carminis</strong></span> <span class='ocrx_word' id='word_1_17' title='bbox 599 629 760 689; x_wconf 89' lang='lat' dir='ltr'>offensione</span> <span class='ocrx_word' id='word_1_18' title='bbox 791 631 885 703; x_wconf 87' lang='lat' dir='ltr'>caret;</span> <span class='ocrx_word' id='word_1_19' title='bbox 920 646 981 704; x_wconf 89' lang='lat' dir='ltr'>qua</span> <span class='ocrx_word' id='word_1_20' title='bbox 1012 628 1047 685; x_wconf 90' lang='lat' dir='ltr'>de</span> <span class='ocrx_word' id='word_1_21' title='bbox 1078 646 1168 686; x_wconf 86' lang='lat' dir='ltr'>causa</span> <span class='ocrx_word' id='word_1_22' title='bbox 1198 627 1338 686; x_wconf 89' lang='lat' dir='ltr'>ultimam</span> <span class='ocrx_word' id='word_1_23' title='bbox 1367 629 1443 687; x_wconf 87' lang='lat' dir='ltr'>banc</span> 
     </span>
     <span class='ocr_line' id='line_1_4' title="bbox 165 712 1442 799; baseline -0.002 -22"><span class='ocrx_word' id='word_1_24' title='bbox 165 722 281 795; x_wconf 88' lang='lat' dir='ltr'>partem</span> <span class='ocrx_word' id='word_1_25' title='bbox 306 712 366 799; x_wconf 81' lang='lat' dir='ltr'>(vv.</span> <span class='ocrx_word' id='word_1_26' title='bbox 389 712 507 799; x_wconf 75' lang='lat'>72-96)</span> <span class='ocrx_word' id='word_1_27' title='bbox 532 719 595 797; x_wconf 82' lang='lat' dir='ltr'>regi</span> <span class='ocrx_word' id='word_1_28' title='bbox 619 738 677 778; x_wconf 92' lang='lat' dir='ltr'>non</span> <span class='ocrx_word' id='word_1_29' title='bbox 701 721 737 776; x_wconf 90' lang='lat' dir='ltr'>ut</span> <span class='ocrx_word' id='word_1_30' title='bbox 759 736 858 777; x_wconf 85' lang='lat' dir='ltr'>coram</span> <span class='ocrx_word' id='word_1_31' title='bbox 882 717 950 775; x_wconf 91' lang='lat' dir='ltr'>aliis</span> <span class='ocrx_word' id='word_1_32' title='bbox 973 719 1160 785; x_wconf 79' lang='lat' dir='ltr'>cantaretur,</span> <span class='ocrx_word' id='word_1_33' title='bbox 1185 716 1235 775; x_wconf 90' lang='lat' dir='ltr'>sed</span> <span class='ocrx_word' id='word_1_34' title='bbox 1258 719 1293 774; x_wconf 94' lang='lat' dir='ltr'>ut</span> <span class='ocrx_word' id='word_1_35' title='bbox 1316 718 1353 775; x_wconf 89' lang='lat' dir='ltr'>ab</span> <span class='ocrx_word' id='word_1_36' title='bbox 1377 717 1442 793; x_wconf 91' lang='lat' dir='ltr'>ipso</span> 
     </span>
     <span class='ocr_line' id='line_1_5' title="bbox 165 805 1442 886; baseline -0.002 -20"><span class='ocrx_word' id='word_1_37' title='bbox 165 809 377 886; x_wconf 79' lang='lat' dir='ltr'>perlegeretur,</span> <span class='ocrx_word' id='word_1_38' title='bbox 393 811 515 884; x_wconf 85' lang='lat' dir='ltr'>apoeta</span> <span class='ocrx_word' id='word_1_39' title='bbox 533 809 655 866; x_wconf 90' lang='lat' dir='ltr'>missam</span> <span class='ocrx_word' id='word_1_40' title='bbox 675 826 737 866; x_wconf 87' lang='lat' dir='ltr'>esse</span> <span class='ocrx_word' id='word_1_41' title='bbox 757 805 938 866; x_wconf 83' lang='lat' dir='ltr'>crediderim.</span> <span class='ocrx_word' id='word_1_42' title='bbox 966 805 1031 876; x_wconf 83' lang='lat' dir='ltr'>Qua</span> <span class='ocrx_word' id='word_1_43' title='bbox 1050 805 1081 863; x_wconf 92' lang='lat' dir='ltr'>in</span> <span class='ocrx_word' id='word_1_44' title='bbox 1100 825 1131 863; x_wconf 85' lang='lat' dir='ltr'>re</span> <span class='ocrx_word' id='word_1_45' title='bbox 1149 805 1221 864; x_wconf 90' lang='lat' dir='ltr'>baec</span> <span class='ocrx_word' id='word_1_46' title='bbox 1240 824 1301 863; x_wconf 88' lang='lat' dir='ltr'>una</span> <span class='ocrx_word' id='word_1_47' title='bbox 1320 807 1442 865; x_wconf 83' lang='lat' dir='ltr'>offensio</span> 
     </span>
     <span class='ocr_line' id='line_1_6' title="bbox 165 894 1441 975; baseline -0.002 -20"><span class='ocrx_word' id='word_1_48' title='bbox 165 901 274 975; x_wconf 89' lang='lat' dir='ltr'>manet,</span> <span class='ocrx_word' id='word_1_49' title='bbox 294 897 375 973; x_wconf 93' lang='lat' dir='ltr'>qnod</span> <span class='ocrx_word' id='word_1_50' title='bbox 392 899 483 973; x_wconf 82' lang='lat' dir='ltr'>poete</span> <span class='ocrx_word' id='word_1_51' title='bbox 503 916 569 956; x_wconf 87' lang='lat' dir='ltr'>eam</span> <span class='ocrx_word' id='word_1_52' title='bbox 585 897 725 956; x_wconf 82' lang='lat' dir='ltr'>carminis</span> <span class='ocrx_word' id='word_1_53' title='bbox 738 898 864 971; x_wconf 81' lang='lat' dir='ltr'>partem,</span> <span class='ocrx_word' id='word_1_54' title='bbox 880 914 957 970; x_wconf 88' lang='lat' dir='ltr'>quae</span> <span class='ocrx_word' id='word_1_55' title='bbox 972 914 1071 954; x_wconf 90' lang='lat' dir='ltr'>coram</span> <span class='ocrx_word' id='word_1_56' title='bbox 1087 894 1154 952; x_wconf 89' lang='lat' dir='ltr'>aliis</span> <span class='ocrx_word' id='word_1_57' title='bbox 1169 895 1284 972; x_wconf 83' lang='lat' dir='ltr'>agenda</span> <span class='ocrx_word' id='word_1_58' title='bbox 1299 896 1366 971; x_wconf 88' lang='lat' dir='ltr'>fuit,</span> <span class='ocrx_word' id='word_1_59' title='bbox 1383 915 1441 955; x_wconf 92' lang='lat' dir='ltr'>non</span> 
     </span>
     <span class='ocr_line' id='line_1_7' title="bbox 167 976 1442 1063; baseline 0 -20"><span class='ocrx_word' id='word_1_60' title='bbox 167 1004 261 1061; x_wconf 89' lang='lat' dir='ltr'>usque</span> <span class='ocrx_word' id='word_1_61' title='bbox 285 986 324 1044; x_wconf 89' lang='lat' dir='ltr'>ad</span> <span class='ocrx_word' id='word_1_62' title='bbox 347 985 436 1045; x_wconf 88' lang='lat' dir='ltr'>finem</span> <span class='ocrx_word' id='word_1_63' title='bbox 455 985 543 1063; x_wconf 91' lang='lat' dir='ltr'>epodi</span> <span class='ocrx_word' id='word_1_64' title='bbox 561 985 709 1063; x_wconf 84' lang='lat' dir='ltr'>perduxit,</span> <span class='ocrx_word' id='word_1_65' title='bbox 729 986 779 1044; x_wconf 89' lang='lat' dir='ltr'>sed</span> <span class='ocrx_word' id='word_1_66' title='bbox 799 1004 817 1043; x_wconf 92' lang='lat' dir='ltr'>a</span> <span class='ocrx_word' id='word_1_67' title='bbox 835 984 933 1043; x_wconf 89' lang='lat' dir='ltr'>media</span> <span class='ocrx_word' id='word_1_68' title='bbox 952 984 1046 1060; x_wconf 92' lang='lat' dir='ltr'>epodo</span> <span class='ocrx_word' id='word_1_69' title='bbox 1065 983 1155 1042; x_wconf 84' lang='lat' dir='ltr'>tertia</span> <span class='ocrx_word' id='word_1_70' title='bbox 1170 976 1211 1062; x_wconf 84' lang='lat' dir='ltr'>(v.</span> <span class='ocrx_word' id='word_1_71' title='bbox 1230 976 1277 1063; x_wconf 71' lang='grc' dir='ltr'><em>τε)</em></span> <span class='ocrx_word' id='word_1_72' title='bbox 1292 984 1442 1060; x_wconf 89' lang='lat' dir='ltr'>privatam</span> 
     </span>
     <span class='ocr_line' id='line_1_8' title="bbox 164 1072 1441 1151; baseline 0.001 -20"><span class='ocrx_word' id='word_1_73' title='bbox 164 1074 254 1133; x_wconf 87' lang='lat' dir='ltr'>istam</span> <span class='ocrx_word' id='word_1_74' title='bbox 281 1078 398 1151; x_wconf 88' lang='lat' dir='ltr'>partem</span> <span class='ocrx_word' id='word_1_75' title='bbox 420 1075 582 1135; x_wconf 88' lang='lat' dir='ltr'>incohavit.</span> <span class='ocrx_word' id='word_1_76' title='bbox 628 1075 728 1150; x_wconf 80' lang='lat' dir='ltr'>Atque</span> <span class='ocrx_word' id='word_1_77' title='bbox 756 1077 823 1132; x_wconf 88' lang='lat' dir='ltr'>tum</span> <span class='ocrx_word' id='word_1_78' title='bbox 850 1072 972 1149; x_wconf 89' lang='lat' dir='ltr'>quidem</span> <span class='ocrx_word' id='word_1_79' title='bbox 1000 1072 1142 1147; x_wconf 90' lang='lat' dir='ltr'>temporis</span> <span class='ocrx_word' id='word_1_80' title='bbox 1170 1072 1318 1132; x_wconf 87' lang='lat' dir='ltr'>Pindarus</span> <span class='ocrx_word' id='word_1_81' title='bbox 1346 1076 1441 1132; x_wconf 89' lang='lat' dir='ltr'>artem</span> 
     </span>
     <span class='ocr_line' id='line_1_9' title="bbox 164 1159 1441 1240; baseline 0 -19"><span class='ocrx_word' id='word_1_82' title='bbox 164 1181 249 1222; x_wconf 92' lang='lat' dir='ltr'>snam</span> <span class='ocrx_word' id='word_1_83' title='bbox 272 1163 405 1222; x_wconf 90' lang='lat' dir='ltr'>nondum</span> <span class='ocrx_word' id='word_1_84' title='bbox 428 1165 466 1223; x_wconf 91' lang='lat' dir='ltr'>ad</span> <span class='ocrx_word' id='word_1_85' title='bbox 489 1183 567 1240; x_wconf 90' lang='lat' dir='ltr'>eum,</span> <span class='ocrx_word' id='word_1_86' title='bbox 591 1183 681 1239; x_wconf 88' lang='lat' dir='ltr'>quem</span> <span class='ocrx_word' id='word_1_87' title='bbox 699 1163 729 1221; x_wconf 92' lang='lat' dir='ltr'>in</span> <span class='ocrx_word' id='word_1_88' title='bbox 749 1162 931 1221; x_wconf 86' lang='lat' dir='ltr'>carminibus</span> <span class='ocrx_word' id='word_1_89' title='bbox 952 1159 1131 1221; x_wconf 82' lang='lat' dir='ltr'>O.v11.x111.</span> <span class='ocrx_word' id='word_1_90' title='bbox 1156 1161 1191 1220; x_wconf 90' lang='lat' dir='ltr'>N.</span> <span class='ocrx_word' id='word_1_91' title='bbox 1206 1180 1227 1218; x_wconf 83' lang='lat' dir='ltr'>x</span> <span class='ocrx_word' id='word_1_92' title='bbox 1251 1162 1441 1240; x_wconf 80' lang='lat' dir='ltr'>admiramur,</span> 
     </span>
     <span class='ocr_line' id='line_1_10' title="bbox 164 1250 1441 1330; baseline -0.001 -20"><span class='ocrx_word' id='word_1_93' title='bbox 164 1252 354 1328; x_wconf 86' lang='lat' dir='ltr'>perfectionis</span> <span class='ocrx_word' id='word_1_94' title='bbox 381 1253 508 1330; x_wconf 80' lang='lat' dir='ltr'>gradum</span> <span class='ocrx_word' id='word_1_95' title='bbox 537 1253 695 1311; x_wconf 83' lang='lat' dir='ltr'>adduxisse</span> <span class='ocrx_word' id='word_1_96' title='bbox 723 1251 854 1328; x_wconf 83' lang='lat' dir='ltr'>videtur,</span> <span class='ocrx_word' id='word_1_97' title='bbox 878 1255 914 1309; x_wconf 92' lang='lat' dir='ltr'>ut</span> <span class='ocrx_word' id='word_1_98' title='bbox 941 1269 1123 1327; x_wconf 87' lang='lat' dir='ltr'>unaquaque</span> <span class='ocrx_word' id='word_1_99' title='bbox 1151 1250 1291 1326; x_wconf 90' lang='lat' dir='ltr'>pericopa</span> <span class='ocrx_word' id='word_1_100' title='bbox 1314 1251 1441 1309; x_wconf 87' lang='lat' dir='ltr'>triadica</span> 
     </span>
     <span class='ocr_line' id='line_1_11' title="bbox 164 1332 1441 1423; baseline 0 -25"><span class='ocrx_word' id='word_1_101' title='bbox 164 1332 302 1420; x_wconf 85' lang='lat' dir='ltr'>(stropha</span> <span class='ocrx_word' id='word_1_102' title='bbox 329 1341 519 1417; x_wconf 88' lang='lat' dir='ltr'>antistropha</span> <span class='ocrx_word' id='word_1_103' title='bbox 546 1335 657 1423; x_wconf 88' lang='lat' dir='ltr'>epodo)</span> <span class='ocrx_word' id='word_1_104' title='bbox 684 1342 803 1417; x_wconf 90' lang='lat' dir='ltr'>plenam</span> <span class='ocrx_word' id='word_1_105' title='bbox 827 1340 911 1398; x_wconf 89' lang='lat' dir='ltr'>etin</span> <span class='ocrx_word' id='word_1_106' title='bbox 936 1359 965 1398; x_wconf 91' lang='lat' dir='ltr'>se</span> <span class='ocrx_word' id='word_1_107' title='bbox 988 1339 1148 1398; x_wconf 89' lang='lat' dir='ltr'>rotundam</span> <span class='ocrx_word' id='word_1_108' title='bbox 1177 1339 1356 1398; x_wconf 89' lang='lat' dir='ltr'>sententiam</span> <span class='ocrx_word' id='word_1_109' title='bbox 1380 1360 1441 1398; x_wconf 88' lang='lat' dir='ltr'>am·</span> 
     </span>
     <span class='ocr_line' id='line_1_12' title="bbox 165 1427 1441 1507; baseline -0.002 -19"><span class='ocrx_word' id='word_1_110' title='bbox 165 1430 352 1504; x_wconf 86' lang='lat' dir='ltr'>plecteretur.</span> <span class='ocrx_word' id='word_1_111' title='bbox 399 1431 512 1490; x_wconf 88' lang='lat' dir='ltr'>Dubito</span> <span class='ocrx_word' id='word_1_112' title='bbox 541 1433 641 1489; x_wconf 89' lang='lat' dir='ltr'>tamen</span> <span class='ocrx_word' id='word_1_113' title='bbox 669 1449 708 1489; x_wconf 92' lang='lat' dir='ltr'>an</span> <span class='ocrx_word' id='word_1_114' title='bbox 735 1429 875 1489; x_wconf 86' lang='lat' dir='ltr'>carminis</span> <span class='ocrx_word' id='word_1_115' title='bbox 902 1429 1020 1504; x_wconf 91' lang='lat' dir='ltr'>publice</span> <span class='ocrx_word' id='word_1_116' title='bbox 1049 1428 1156 1507; x_wconf 81' lang='lat' dir='ltr'>agendi</span> <span class='ocrx_word' id='word_1_117' title='bbox 1185 1429 1246 1486; x_wconf 89' lang='lat' dir='ltr'>alia</span> <span class='ocrx_word' id='word_1_118' title='bbox 1274 1429 1345 1487; x_wconf 94' lang='lat' dir='ltr'>olim</span> <span class='ocrx_word' id='word_1_119' title='bbox 1373 1427 1441 1487; x_wconf 89' lang='lat' dir='ltr'>finis</span> 
     </span>
     <span class='ocr_line' id='line_1_13' title="bbox 166 1510 1441 1597; baseline 0.002 -22"><span class='ocrx_word' id='word_1_120' title='bbox 166 1518 258 1576; x_wconf 91' lang='lat' dir='ltr'>fuerit</span> <span class='ocrx_word' id='word_1_121' title='bbox 280 1521 311 1578; x_wconf 89' lang='lat' dir='ltr'>et</span> <span class='ocrx_word' id='word_1_122' title='bbox 332 1519 364 1576; x_wconf 90' lang='lat' dir='ltr'>in</span> <span class='ocrx_word' id='word_1_123' title='bbox 386 1520 463 1578; x_wconf 90' lang='lat' dir='ltr'>hanc</span> <span class='ocrx_word' id='word_1_124' title='bbox 486 1520 547 1578; x_wconf 89' lang='lat' dir='ltr'>fere</span> <span class='ocrx_word' id='word_1_125' title='bbox 572 1519 751 1578; x_wconf 88' lang='lat' dir='ltr'>sententiam</span> <span class='ocrx_word' id='word_1_126' title='bbox 774 1518 892 1578; x_wconf 82' lang='lat' dir='ltr'>exierit:</span> <span class='ocrx_word' id='word_1_127' title='bbox 921 1510 1011 1597; x_wconf 81' lang='grc' dir='ltr'><em>γένοι’</em></span> <span class='ocrx_word' id='word_1_128' title='bbox 1039 1510 1101 1588; x_wconf 91' lang='grc' dir='ltr'><em>οίος</em></span> <span class='ocrx_word' id='word_1_129' title='bbox 1123 1515 1185 1576; x_wconf 79' lang='grc' dir='ltr'><em>ἐσσί</em></span> <span class='ocrx_word' id='word_1_130' title='bbox 1208 1516 1327 1594; x_wconf 86' lang='grc' dir='ltr'><em>μαθών·</em></span> <span class='ocrx_word' id='word_1_131' title='bbox 1352 1517 1441 1589; x_wconf 85' lang='grc' dir='ltr'><em>καλὸς</em></span> 
     </span>
     <span class='ocr_line' id='line_1_14' title="bbox 165 1603 601 1686; baseline 0.002 -21"><span class='ocrx_word' id='word_1_132' title='bbox 165 1603 299 1686; x_wconf 84' lang='grc' dir='ltr'><em>κάγαθὸς</em></span> <span class='ocrx_word' id='word_1_133' title='bbox 322 1606 401 1685; x_wconf 78' lang='grc' dir='ltr'><em>παρὰ</em></span> <span class='ocrx_word' id='word_1_134' title='bbox 423 1617 514 1667; x_wconf 82' lang='grc' dir='ltr'><em>πᾶσιν</em></span> <span class='ocrx_word' id='word_1_135' title='bbox 538 1607 601 1667; x_wconf 85' lang='grc' dir='ltr'><em>αίεί.</em></span> 
     </span>
    </p>
   </div>
   <div class='ocr_carea' id='block_1_3' title="bbox 166 1794 1372 2734">
    <p class='ocr_par' dir='ltr' id='par_1_3' title="bbox 166 1794 1372 2734">
     <span class='ocr_line' id='line_1_15' title="bbox 221 1794 1372 1882; baseline 0.001 -21"><span class='ocrx_word' id='word_1_136' title='bbox 221 1801 469 1879; x_wconf 88' lang='grc' dir='ltr'><em>Μεγαλοπόλιες</em></span> <span class='ocrx_word' id='word_1_137' title='bbox 492 1794 517 1863; x_wconf 85' lang='grc' dir='ltr'>ὦ</span> <span class='ocrx_word' id='word_1_138' title='bbox 543 1799 750 1882; x_wconf 78' lang='grc' dir='ltr'><em>Συράκοσαι,</em></span> <span class='ocrx_word' id='word_1_139' title='bbox 773 1795 1011 1881; x_wconf 76' lang='grc' dir='ltr'><em>βαθυπολέμου</em></span> <span class='ocrx_word' id='word_1_140' title='bbox 1226 1801 1306 1880; x_wconf 89' lang='grc' dir='ltr'><em>Στρ.</em></span> <span class='ocrx_word' id='word_1_141' title='bbox 1330 1796 1372 1862; x_wconf 88' lang='grc' dir='ltr'>α’.</span> 
     </span>
     <span class='ocr_line' id='line_1_16' title="bbox 219 1901 664 1990; baseline 0.004 -23"><span class='ocrx_word' id='word_1_142' title='bbox 219 1901 351 1989; x_wconf 90' lang='grc' dir='ltr'><em>τέμενος</em></span> <span class='ocrx_word' id='word_1_143' title='bbox 374 1902 505 1988; x_wconf 67' lang='grc' dir='ltr'><em>Ἄρεος,</em></span> <span class='ocrx_word' id='word_1_144' title='bbox 529 1904 664 1990; x_wconf 89' lang='grc' dir='ltr'><em>ἀνδρῶν</em></span> 
     </span>
     <span class='ocr_line' id='line_1_17' title="bbox 263 2011 702 2097; baseline 0.005 -23"><span class='ocrx_word' id='word_1_145' title='bbox 263 2011 373 2075; x_wconf 85' lang='grc' dir='ltr'><em>ίππων</em></span> <span class='ocrx_word' id='word_1_146' title='bbox 397 2034 430 2075; x_wconf 92' lang='grc' dir='ltr'>τε</span> <span class='ocrx_word' id='word_1_147' title='bbox 454 2012 702 2097; x_wconf 78' lang='grc' dir='ltr'><em>σιδαροχαρμᾶν</em></span> 
     </span>
     <span class='ocr_line' id='line_1_18' title="bbox 263 2118 588 2202; baseline 0.003 -21"><span class='ocrx_word' id='word_1_148' title='bbox 263 2118 433 2202; x_wconf 80' lang='grc' dir='ltr'><em>δαιμόνιαι</em></span> <span class='ocrx_word' id='word_1_149' title='bbox 455 2122 588 2202; x_wconf 86' lang='grc' dir='ltr'><em>τροφοί,</em></span> 
     </span>
     <span class='ocr_line' id='line_1_19' title="bbox 218 2223 1048 2310; baseline 0.002 -23"><span class='ocrx_word' id='word_1_150' title='bbox 218 2223 321 2307; x_wconf 83' lang='grc' dir='ltr'><em>ὔμμιν</em></span> <span class='ocrx_word' id='word_1_151' title='bbox 344 2224 420 2289; x_wconf 85' lang='grc' dir='ltr'><em>τόδε</em></span> <span class='ocrx_word' id='word_1_152' title='bbox 443 2234 503 2289; x_wconf 87' lang='grc' dir='ltr'><em>τάν</em></span> <span class='ocrx_word' id='word_1_153' title='bbox 527 2229 670 2309; x_wconf 86' lang='grc' dir='ltr'><em>λιπαρᾶν</em></span> <span class='ocrx_word' id='word_1_154' title='bbox 693 2224 756 2290; x_wconf 88' lang='grc' dir='ltr'>ἀπὸ</span> <span class='ocrx_word' id='word_1_155' title='bbox 782 2229 912 2310; x_wconf 81' lang='grc' dir='ltr'><em>Θη-βᾶν</em></span> <span class='ocrx_word' id='word_1_156' title='bbox 935 2223 1048 2309; x_wconf 86' lang='grc' dir='ltr'><em>φέρων</em></span> 
     </span>
     <span class='ocr_line' id='line_1_20' title="bbox 218 2328 1112 2418; baseline 0.001 -25"><span class='ocrx_word' id='word_1_157' title='bbox 218 2328 314 2413; x_wconf 79' lang='grc' dir='ltr'><em>μέλος</em></span> <span class='ocrx_word' id='word_1_158' title='bbox 337 2334 472 2415; x_wconf 82' lang='grc' dir='ltr'><em>ἔρχομαι</em></span> <span class='ocrx_word' id='word_1_159' title='bbox 495 2330 652 2414; x_wconf 79' lang='grc' dir='ltr'><em>ἀγγελίαν</em></span> <span class='ocrx_word' id='word_1_160' title='bbox 674 2336 865 2418; x_wconf 78' lang='grc' dir='ltr'><em>τετραορίας</em></span> <span class='ocrx_word' id='word_1_161' title='bbox 888 2331 1112 2415; x_wconf 74' lang='grc' dir='ltr'><em>ἐλελίχθονος,</em></span> 
     </span>
     <span class='ocr_line' id='line_1_21' title="bbox 166 2431 806 2525; baseline 0.006 -27"><span class='ocrx_word' id='word_1_162' title='bbox 166 2454 181 2498; x_wconf 81' lang='lat' dir='ltr'>o</span> <span class='ocrx_word' id='word_1_163' title='bbox 218 2435 400 2521; x_wconf 78' lang='grc' dir='ltr'><em>εὐάρματος</em></span> <span class='ocrx_word' id='word_1_164' title='bbox 423 2437 533 2522; x_wconf 79' lang='grc' dir='ltr'><em>Ἱέρων</em></span> <span class='ocrx_word' id='word_1_165' title='bbox 557 2436 593 2502; x_wconf 85' lang='grc' dir='ltr'><em>έν</em></span> <span class='ocrx_word' id='word_1_166' title='bbox 617 2431 637 2525; x_wconf 81' lang='grc' dir='ltr'><strong><em>ᾇ</em></strong></span> <span class='ocrx_word' id='word_1_167' title='bbox 659 2437 806 2522; x_wconf 83' lang='grc' dir='ltr'><em>κρατέων</em></span> 
     </span>
     <span class='ocr_line' id='line_1_22' title="bbox 218 2541 1005 2630; baseline 0.004 -24"><span class='ocrx_word' id='word_1_168' title='bbox 218 2542 415 2625; x_wconf 81' lang='grc' dir='ltr'><em>τηλαυγέσιν</em></span> <span class='ocrx_word' id='word_1_169' title='bbox 438 2543 597 2626; x_wconf 76' lang='grc' dir='ltr'><em>ἀνέδησεν</em></span> <span class='ocrx_word' id='word_1_170' title='bbox 618 2541 792 2630; x_wconf 87' lang='grc' dir='ltr'><em>Ὀρτυγίαν</em></span> <span class='ocrx_word' id='word_1_171' title='bbox 815 2545 1005 2628; x_wconf 83' lang='grc' dir='ltr'><em>στεφάνοις,</em></span> 
     </span>
     <span class='ocr_line' id='line_1_23' title="bbox 209 2648 556 2734; baseline 0.006 -22"><span class='ocrx_word' id='word_1_172' title='bbox 209 2653 369 2733; x_wconf 83' lang='grc' dir='ltr'><em>ποταμίας</em></span> <span class='ocrx_word' id='word_1_173' title='bbox 391 2649 465 2725; x_wconf 80' lang='grc' dir='ltr'><em>ἕδος</em></span> <span class='ocrx_word' id='word_1_174' title='bbox 485 2648 556 2734; x_wconf 83' lang='grc' dir='ltr'>Ἀρ-</span> 
     </span>
    </p>
   </div>
   <div class='ocr_carea' id='block_1_4' title="bbox 217 2752 1438 3056">
    <p class='ocr_par' dir='ltr' id='par_1_4' title="bbox 217 2752 1438 3056">
     <span class='ocr_line' id='line_1_24' title="bbox 261 2752 689 2844; baseline 0.009 -25"><span class='ocrx_word' id='word_1_175' title='bbox 261 2754 407 2839; x_wconf 85' lang='grc' dir='ltr'><em>τέμιδος,</em></span> <span class='ocrx_word' id='word_1_176' title='bbox 431 2752 469 2833; x_wconf 84' lang='grc' dir='ltr'>ἇς</span> <span class='ocrx_word' id='word_1_177' title='bbox 492 2797 505 2806; x_wconf 95' lang='grc'>-</span> <span class='ocrx_word' id='word_1_178' title='bbox 530 2757 590 2822; x_wconf 84' lang='grc' dir='ltr'>οὐκ</span> <span class='ocrx_word' id='word_1_179' title='bbox 613 2759 689 2844; x_wconf 89' lang='grc' dir='ltr'><em>άτερ</em></span> 
     </span>
     <span class='ocr_line' id='line_1_25' title="bbox 217 2861 585 2945; baseline 0.003 -18"><span class='ocrx_word' id='word_1_180' title='bbox 217 2866 327 2938; x_wconf 87' lang='grc' dir='ltr'><em>κείνας</em></span> <span class='ocrx_word' id='word_1_181' title='bbox 350 2861 525 2945; x_wconf 81' lang='grc' dir='ltr'><em>ἀγαναῖσιν</em></span> <span class='ocrx_word' id='word_1_182' title='bbox 549 2863 585 2928; x_wconf 84' lang='grc' dir='ltr'><em>έν</em></span> 
     </span>
     <span class='ocr_line' id='line_1_26' title="bbox 261 2967 1438 3056; baseline 0 -22"><span class='ocrx_word' id='word_1_183' title='bbox 261 2967 352 3053; x_wconf 84' lang='grc' dir='ltr'><em>χερσί</em></span> <span class='ocrx_word' id='word_1_184' title='bbox 375 2975 602 3046; x_wconf 83' lang='grc' dir='ltr'><em>ποικιλανίους</em></span> <span class='ocrx_word' id='word_1_185' title='bbox 626 2970 786 3056; x_wconf 83' lang='grc' dir='ltr'><em>ἐδάμασσε</em></span> <span class='ocrx_word' id='word_1_186' title='bbox 809 2973 949 3046; x_wconf 87' lang='grc' dir='ltr'><em>πώλους.</em></span> <span class='ocrx_word' id='word_1_187' title='bbox 1406 2988 1438 3034; x_wconf 81' lang='lat' dir='ltr'>lo</span> 
     </span>
    </p>
   </div>
   <div class='ocr_carea' id='block_1_5' title="bbox 166 3113 377 3121">
    <p class='ocr_par' dir='ltr' id='par_1_5' title="bbox 166 3113 377 3121">
     <span class='ocr_line' id='line_1_27' title="bbox 166 3113 377 3121; baseline 0.005 -2"><span class='ocrx_word' id='word_1_188' title='bbox 166 3113 377 3121; x_wconf 46' lang='grc' dir='ltr'><strong><em>...φ-ψ...-</em></strong></span> 
     </span>
    </p>
   </div>
   <div class='ocr_carea' id='block_1_6' title="bbox 160 3178 1440 3891">
    <p class='ocr_par' dir='ltr' id='par_1_6' title="bbox 160 3178 1440 3891">
     <span class='ocr_line' id='line_1_28' title="bbox 237 3178 1440 3253; baseline 0.002 -21"><span class='ocrx_word' id='word_1_189' title='bbox 237 3198 318 3233; x_wconf 78' lang='lat' dir='ltr'>vanu</span> <span class='ocrx_word' id='word_1_190' title='bbox 336 3198 441 3235; x_wconf 79' lang='lat' dir='ltr'>cremo.</span> <span class='ocrx_word' id='word_1_191' title='bbox 477 3181 562 3236; x_wconf 91' lang='lat' dir='ltr'>lnscr.</span> <span class='ocrx_word' id='word_1_192' title='bbox 596 3179 703 3250; x_wconf 75' lang='grc' dir='ltr'><em>Ἱέρωνι</em></span> <span class='ocrx_word' id='word_1_193' title='bbox 721 3185 758 3234; x_wconf 82' lang='lat' dir='ltr'>roi</span> <span class='ocrx_word' id='word_1_194' title='bbox 778 3181 852 3252; x_wconf 79' lang='grc' dir='ltr'><em>αὐτῷ</em></span> <span class='ocrx_word' id='word_1_195' title='bbox 871 3178 973 3250; x_wconf 77' lang='grc' dir='ltr'><em>ἅρματι</em></span> <span class='ocrx_word' id='word_1_196' title='bbox 994 3181 1022 3249; x_wconf 84' lang='lat' dir='ltr'>G,</span> <span class='ocrx_word' id='word_1_197' title='bbox 1041 3184 1078 3252; x_wconf 78' lang='grc' dir='ltr'><em>τῷ</em></span> <span class='ocrx_word' id='word_1_198' title='bbox 1098 3181 1172 3253; x_wconf 83' lang='grc' dir='ltr'><em>αὐτῷ</em></span> <span class='ocrx_word' id='word_1_199' title='bbox 1190 3182 1228 3249; x_wconf 87' lang='lat' dir='ltr'>D,</span> <span class='ocrx_word' id='word_1_200' title='bbox 1247 3180 1330 3234; x_wconf 88' lang='lat' dir='ltr'>inser.</span> <span class='ocrx_word' id='word_1_201' title='bbox 1349 3182 1379 3234; x_wconf 89' lang='lat' dir='ltr'>et</span> <span class='ocrx_word' id='word_1_202' title='bbox 1397 3199 1440 3235; x_wconf 82' lang='lat' dir='ltr'>vv.</span> 
     </span>
     <span class='ocr_line' id='line_1_29' title="bbox 165 3235 1440 3342; baseline 0.002 -38"><span class='ocrx_word' id='word_1_203' title='bbox 165 3267 231 3305; x_wconf 78' lang='lat' dir='ltr'>1-so</span> <span class='ocrx_word' id='word_1_204' title='bbox 253 3268 307 3305; x_wconf 92' lang='lat' dir='ltr'>om.</span> <span class='ocrx_word' id='word_1_205' title='bbox 328 3253 352 3304; x_wconf 81' lang='lat' dir='ltr'><em>B</em></span> <span class='ocrx_word' id='word_1_206' title='bbox 377 3282 410 3291; x_wconf 89' lang='lat'>-</span> <span class='ocrx_word' id='word_1_207' title='bbox 435 3251 540 3308; x_wconf 82' lang='lat' dir='ltr'>Sobel:</span> <span class='ocrx_word' id='word_1_208' title='bbox 564 3254 612 3306; x_wconf 84' lang='grc' dir='ltr'><em>καί</em></span> <span class='ocrx_word' id='word_1_209' title='bbox 636 3249 715 3315; x_wconf 76' lang='grc' dir='ltr'><em>οὗτος</em></span> <span class='ocrx_word' id='word_1_210' title='bbox 734 3235 749 3305; x_wconf 88' lang='grc' dir='ltr'><em>δ</em></span> <span class='ocrx_word' id='word_1_211' title='bbox 770 3249 893 3315; x_wconf 81' lang='grc' dir='ltr'><em>ἐπίνικος</em></span> <span class='ocrx_word' id='word_1_212' title='bbox 916 3250 1070 3342; x_wconf 84' lang='grc' dir='ltr'><em>γέγραπται</em></span> <span class='ocrx_word' id='word_1_213' title='bbox 1094 3251 1146 3322; x_wconf 75' lang='grc' dir='ltr'><em>μὲν</em></span> <span class='ocrx_word' id='word_1_214' title='bbox 1165 3251 1270 3321; x_wconf 78' lang='grc' dir='ltr'><em>Ἱέρωνι</em></span> <span class='ocrx_word' id='word_1_215' title='bbox 1294 3250 1440 3320; x_wconf 72' lang='grc' dir='ltr'><em>νικήσαντι</em></span> 
     </span>
     <span class='ocr_line' id='line_1_30' title="bbox 163 3320 1440 3394; baseline 0.002 -20"><span class='ocrx_word' id='word_1_216' title='bbox 163 3320 278 3391; x_wconf 82' lang='grc' dir='ltr'><em>ἅρματι,</em></span> <span class='ocrx_word' id='word_1_217' title='bbox 304 3322 411 3390; x_wconf 78' lang='grc' dir='ltr'><em>ἄδηλον</em></span> <span class='ocrx_word' id='word_1_218' title='bbox 436 3321 467 3376; x_wconf 75' lang='grc' dir='ltr'>δὲ</span> <span class='ocrx_word' id='word_1_219' title='bbox 494 3324 533 3386; x_wconf 81' lang='grc' dir='ltr'>είς</span> <span class='ocrx_word' id='word_1_220' title='bbox 558 3332 641 3378; x_wconf 87' lang='grc' dir='ltr'><em>ποῖον</em></span> <span class='ocrx_word' id='word_1_221' title='bbox 666 3325 774 3393; x_wconf 83' lang='grc' dir='ltr'><em>ἀγῶνα·</em></span> <span class='ocrx_word' id='word_1_222' title='bbox 802 3326 1009 3377; x_wconf 84' lang='grc' dir='ltr'><em>διεστασιασται</em></span> <span class='ocrx_word' id='word_1_223' title='bbox 1034 3322 1088 3393; x_wconf 85' lang='grc' dir='ltr'><em>γὰρ</em></span> <span class='ocrx_word' id='word_1_224' title='bbox 1112 3324 1145 3377; x_wconf 80' lang='grc' dir='ltr'>οὐ</span> <span class='ocrx_word' id='word_1_225' title='bbox 1168 3321 1283 3394; x_wconf 85' lang='grc' dir='ltr'><em>μετρίως</em></span> <span class='ocrx_word' id='word_1_226' title='bbox 1305 3331 1363 3387; x_wconf 73' lang='grc' dir='ltr'><em>τοῖς</em></span> <span class='ocrx_word' id='word_1_227' title='bbox 1385 3323 1440 3392; x_wconf 86' lang='grc' dir='ltr'>πρὸ</span> 
     </span>
     <span class='ocr_line' id='line_1_31' title="bbox 161 3389 1439 3465; baseline 0 -17"><span class='ocrx_word' id='word_1_228' title='bbox 161 3391 248 3462; x_wconf 77' lang='grc' dir='ltr'><em>ἡμῶν.</em></span> <span class='ocrx_word' id='word_1_229' title='bbox 286 3393 312 3447; x_wconf 74' lang='lat' dir='ltr'>oi</span> <span class='ocrx_word' id='word_1_230' title='bbox 335 3392 386 3463; x_wconf 71' lang='grc' dir='ltr'><em>μὲν</em></span> <span class='ocrx_word' id='word_1_231' title='bbox 410 3392 463 3462; x_wconf 83' lang='grc' dir='ltr'><em>γάρ</em></span> <span class='ocrx_word' id='word_1_232' title='bbox 487 3394 553 3449; x_wconf 72' lang='grc' dir='ltr'><em>οὐδὲ</em></span> <span class='ocrx_word' id='word_1_233' title='bbox 577 3395 645 3458; x_wconf 83' lang='grc' dir='ltr'><em>ὅλως</em></span> <span class='ocrx_word' id='word_1_234' title='bbox 668 3392 795 3449; x_wconf 75' lang='grc' dir='ltr'><em>ἐπίνικον</em></span> <span class='ocrx_word' id='word_1_235' title='bbox 818 3393 905 3448; x_wconf 86' lang='grc' dir='ltr'><em>αὐτὸν</em></span> <span class='ocrx_word' id='word_1_236' title='bbox 929 3389 1001 3448; x_wconf 88' lang='grc' dir='ltr'><em>είναί</em></span> <span class='ocrx_word' id='word_1_237' title='bbox 1024 3413 1107 3463; x_wconf 84' lang='grc' dir='ltr'><em>φασι,</em></span> <span class='ocrx_word' id='word_1_238' title='bbox 1134 3393 1250 3465; x_wconf 87' lang='grc' dir='ltr'><em>Τίμαιος</em></span> <span class='ocrx_word' id='word_1_239' title='bbox 1278 3393 1309 3449; x_wconf 74' lang='grc' dir='ltr'>δὲ</span> <span class='ocrx_word' id='word_1_240' title='bbox 1337 3399 1439 3449; x_wconf 86' lang='grc' dir='ltr'><em>θυσια-</em></span> 
     </span>
     <span class='ocr_line' id='line_1_32' title="bbox 163 3462 1439 3537; baseline 0.002 -20"><span class='ocrx_word' id='word_1_241' title='bbox 163 3463 286 3531; x_wconf 83' lang='grc' dir='ltr'><em>στήριον,</em></span> <span class='ocrx_word' id='word_1_242' title='bbox 305 3462 481 3535; x_wconf 83' lang='grc' dir='ltr'><em>Καλλίμαχος</em></span> <span class='ocrx_word' id='word_1_243' title='bbox 499 3464 530 3520; x_wconf 74' lang='grc' dir='ltr'>δὲ</span> <span class='ocrx_word' id='word_1_244' title='bbox 550 3464 712 3537; x_wconf 85' lang='grc' dir='ltr'><em>Νεμεακόν,</em></span> <span class='ocrx_word' id='word_1_245' title='bbox 734 3465 881 3535; x_wconf 81' lang='grc' dir='ltr'><em>’λμμώνιος</em></span> <span class='ocrx_word' id='word_1_246' title='bbox 905 3464 1003 3519; x_wconf 77' lang='grc' dir='ltr'><em>δὲκαὶ</em></span> <span class='ocrx_word' id='word_1_247' title='bbox 1023 3464 1228 3533; x_wconf 84' lang='grc' dir='ltr'><em>Καλλίστρατος</em></span> <span class='ocrx_word' id='word_1_248' title='bbox 1244 3465 1439 3536; x_wconf 87' lang='grc' dir='ltr'><em>Ὀλυμπιακόν,</em></span> 
     </span>
     <span class='ocr_line' id='line_1_33' title="bbox 165 3533 1439 3607; baseline 0.002 -19"><span class='ocrx_word' id='word_1_249' title='bbox 165 3533 235 3589; x_wconf 77' lang='grc' dir='ltr'><em>ἔνιοι</em></span> <span class='ocrx_word' id='word_1_250' title='bbox 254 3534 399 3603; x_wconf 81' lang='grc' dir='ltr'><em>Πυθικόν,</em></span> <span class='ocrx_word' id='word_1_251' title='bbox 418 3537 455 3599; x_wconf 87' lang='grc' dir='ltr'>ὡς</span> <span class='ocrx_word' id='word_1_252' title='bbox 475 3535 652 3600; x_wconf 79' lang='grc' dir='ltr'><em>Ἀπολλώνιος</em></span> <span class='ocrx_word' id='word_1_253' title='bbox 674 3537 689 3591; x_wconf 88' lang='grc' dir='ltr'><em>δ</em></span> <span class='ocrx_word' id='word_1_254' title='bbox 715 3537 895 3606; x_wconf 85' lang='grc' dir='ltr'><em>είδογράφος,</em></span> <span class='ocrx_word' id='word_1_255' title='bbox 920 3536 990 3590; x_wconf 78' lang='grc' dir='ltr'><em>ἔνιοι</em></span> <span class='ocrx_word' id='word_1_256' title='bbox 1013 3535 1044 3590; x_wconf 79' lang='grc' dir='ltr'>δὲ</span> <span class='ocrx_word' id='word_1_257' title='bbox 1064 3537 1300 3607; x_wconf 81' lang='grc' dir='ltr'><em>Παναθηναϊκόν.</em></span> <span class='ocrx_word' id='word_1_258' title='bbox 1338 3535 1439 3591; x_wconf 76' lang='grc' dir='ltr'><em>αὐτίκα</em></span> 
     </span>
     <span class='ocr_line' id='line_1_34' title="bbox 163 3605 1438 3681; baseline 0.002 -22"><span class='ocrx_word' id='word_1_259' title='bbox 163 3613 233 3674; x_wconf 86' lang='grc' dir='ltr'><em>γοῦν</em></span> <span class='ocrx_word' id='word_1_260' title='bbox 248 3607 396 3670; x_wconf 80' lang='grc' dir='ltr'><em>Διονύσιος</em></span> <span class='ocrx_word' id='word_1_261' title='bbox 410 3607 424 3661; x_wconf 87' lang='grc' dir='ltr'><em>δ</em></span> <span class='ocrx_word' id='word_1_262' title='bbox 441 3606 595 3678; x_wconf 78' lang='grc' dir='ltr'><em>Φασηλίτης</em></span> <span class='ocrx_word' id='word_1_263' title='bbox 613 3610 665 3662; x_wconf 78' lang='grc' dir='ltr'>οὐκ</span> <span class='ocrx_word' id='word_1_264' title='bbox 680 3608 769 3663; x_wconf 78' lang='grc' dir='ltr'><em>οἴεται</em></span> <span class='ocrx_word' id='word_1_265' title='bbox 783 3610 844 3662; x_wconf 82' lang='grc' dir='ltr'><em>δεῖν</em></span> <span class='ocrx_word' id='word_1_266' title='bbox 859 3605 1020 3677; x_wconf 78' lang='grc' dir='ltr'><em>γράφεσθαι</em></span> <span class='ocrx_word' id='word_1_267' title='bbox 1037 3613 1098 3663; x_wconf 86' lang='grc' dir='ltr'><em>Τᾶν</em></span> <span class='ocrx_word' id='word_1_268' title='bbox 1116 3613 1239 3676; x_wconf 85' lang='grc' dir='ltr'><em>λιπαρᾶν</em></span> <span class='ocrx_word' id='word_1_269' title='bbox 1257 3608 1314 3663; x_wconf 85' lang='grc' dir='ltr'>ἀπὸ</span> <span class='ocrx_word' id='word_1_270' title='bbox 1331 3610 1438 3681; x_wconf 80' lang='grc' dir='ltr'><em>Θηβᾶν,</em></span> 
     </span>
     <span class='ocr_line' id='line_1_35' title="bbox 162 3676 1434 3749; baseline 0.003 -20"><span class='ocrx_word' id='word_1_271' title='bbox 162 3676 232 3730; x_wconf 83' lang='grc' dir='ltr'><em>ἀλλὰ</em></span> <span class='ocrx_word' id='word_1_272' title='bbox 253 3681 278 3730; x_wconf 90' lang='grc' dir='ltr'><strong>Τ</strong></span> <span class='ocrx_word' id='word_1_273' title='bbox 277 3686 313 3732; x_wconf 88' lang='grc' dir='ltr'><em>ᾶν</em></span> <span class='ocrx_word' id='word_1_274' title='bbox 336 3682 459 3747; x_wconf 83' lang='grc' dir='ltr'><em>λιπαρᾶν</em></span> <span class='ocrx_word' id='word_1_275' title='bbox 482 3677 534 3733; x_wconf 82' lang='grc' dir='ltr'>ἀπ’</span> <span class='ocrx_word' id='word_1_276' title='bbox 553 3679 688 3749; x_wconf 74' lang='grc' dir='ltr'><em>Ἀθηνᾶν,</em></span> <span class='ocrx_word' id='word_1_277' title='bbox 716 3679 765 3733; x_wconf 86' lang='grc' dir='ltr'>διά</span> <span class='ocrx_word' id='word_1_278' title='bbox 787 3678 818 3732; x_wconf 87' lang='grc' dir='ltr'><em>τὸ</em></span> <span class='ocrx_word' id='word_1_279' title='bbox 842 3679 1070 3747; x_wconf 84' lang='grc' dir='ltr'><em>Παναθηναϊκὸν</em></span> <span class='ocrx_word' id='word_1_280' title='bbox 1093 3676 1167 3734; x_wconf 85' lang='grc' dir='ltr'><em>είναι</em></span> <span class='ocrx_word' id='word_1_281' title='bbox 1185 3680 1235 3735; x_wconf 89' lang='grc' dir='ltr'>τὸν</span> <span class='ocrx_word' id='word_1_282' title='bbox 1258 3678 1385 3735; x_wconf 76' lang='grc' dir='ltr'><em>ἐπίνικον</em></span> <span class='ocrx_word' id='word_1_283' title='bbox 1405 3711 1434 3719; x_wconf 95' lang='grc'>-</span> 
     </span>
     <span class='ocr_line' id='line_1_36' title="bbox 163 3747 1436 3823; baseline 0.003 -23"><span class='ocrx_word' id='word_1_284' title='bbox 163 3753 187 3801; x_wconf 85' lang='lat'>1.</span> <span class='ocrx_word' id='word_1_285' title='bbox 215 3747 362 3816; x_wconf 86' lang='grc' dir='ltr'><em>σνράκονσ.</em></span> <span class='ocrx_word' id='word_1_286' title='bbox 391 3751 424 3818; x_wconf 84' lang='lat'>0,</span> <span class='ocrx_word' id='word_1_287' title='bbox 450 3754 596 3818; x_wconf 69' lang='lat' dir='ltr'>accoluere.</span> <span class='ocrx_word' id='word_1_288' title='bbox 623 3752 653 3804; x_wconf 88' lang='lat' dir='ltr'><strong><em>D</em></strong></span> <span class='ocrx_word' id='word_1_289' title='bbox 677 3783 712 3790; x_wconf 94' lang='lat'>—</span> <span class='ocrx_word' id='word_1_290' title='bbox 738 3752 860 3823; x_wconf 86' lang='grc' dir='ltr'><em>βαθυπτ.</em></span> <span class='ocrx_word' id='word_1_291' title='bbox 887 3750 929 3819; x_wconf 88' lang='lat' dir='ltr'>D,</span> <span class='ocrx_word' id='word_1_292' title='bbox 955 3750 1150 3822; x_wconf 82' lang='grc' dir='ltr'><em>βαρυπολέμον</em></span> <span class='ocrx_word' id='word_1_293' title='bbox 1176 3751 1247 3807; x_wconf 91' lang='lat' dir='ltr'>coni.</span> <span class='ocrx_word' id='word_1_294' title='bbox 1268 3751 1378 3806; x_wconf 77' lang='lat' dir='ltr'>Becker</span> <span class='ocrx_word' id='word_1_295' title='bbox 1404 3783 1436 3790; x_wconf 96' lang='lat'>—</span> 
     </span>
     <span class='ocr_line' id='line_1_37' title="bbox 160 3817 1276 3891; baseline 0.004 -19"><span class='ocrx_word' id='word_1_296' title='bbox 160 3824 186 3873; x_wconf 74' lang='lat'>2.</span> <span class='ocrx_word' id='word_1_297' title='bbox 206 3817 279 3874; x_wconf 82' lang='grc' dir='ltr'><em>ίπαν</em></span> <span class='ocrx_word' id='word_1_298' title='bbox 297 3821 326 3874; x_wconf 89' lang='lat' dir='ltr'><em>D</em></span> <span class='ocrx_word' id='word_1_299' title='bbox 345 3853 380 3861; x_wconf 91' lang='lat'>—</span> <span class='ocrx_word' id='word_1_300' title='bbox 400 3826 423 3876; x_wconf 80' lang='grc'>7,</span> <span class='ocrx_word' id='word_1_301' title='bbox 443 3817 476 3885; x_wconf 83' lang='grc' dir='ltr'>ἇς</span> <span class='ocrx_word' id='word_1_302' title='bbox 495 3821 565 3877; x_wconf 91' lang='lat' dir='ltr'>coni.</span> <span class='ocrx_word' id='word_1_303' title='bbox 581 3822 734 3877; x_wconf 86' lang='lat' dir='ltr'>Hermann:</span> <span class='ocrx_word' id='word_1_304' title='bbox 754 3830 803 3884; x_wconf 84' lang='grc' dir='ltr'>τᾶς</span> <span class='ocrx_word' id='word_1_305' title='bbox 822 3821 902 3876; x_wconf 92' lang='lat' dir='ltr'>codd.</span> <span class='ocrx_word' id='word_1_306' title='bbox 922 3853 955 3861; x_wconf 95' lang='lat'>—</span> <span class='ocrx_word' id='word_1_307' title='bbox 975 3828 999 3876; x_wconf 87' lang='lat'>8.</span> <span class='ocrx_word' id='word_1_308' title='bbox 1019 3824 1096 3891; x_wconf 79' lang='grc' dir='ltr'><em>χερσὶ</em></span> <span class='ocrx_word' id='word_1_309' title='bbox 1114 3839 1168 3876; x_wconf 89' lang='lat' dir='ltr'>om.</span> <span class='ocrx_word' id='word_1_310' title='bbox 1186 3824 1208 3877; x_wconf 82' lang='grc' dir='ltr'><em>Ο</em></span> <span class='ocrx_word' id='word_1_311' title='bbox 1215 3823 1223 3853; x_wconf 91' lang='lat'>¹</span> <span class='ocrx_word' id='word_1_312' title='bbox 1243 3855 1276 3862; x_wconf 97' lang='lat'>—</span> 
     </span>
    </p>
   </div>
   <div class='ocr_carea' id='block_1_7' title="bbox 157 3960 1437 4889">
    <p class='ocr_par' dir='ltr' id='par_1_7' title="bbox 157 3960 1437 4889">
     <span class='ocr_line' id='line_1_38' title="bbox 233 3960 1437 4034; baseline 0.002 -19"><span class='ocrx_word' id='word_1_313' title='bbox 233 3981 421 4017; x_wconf 74' lang='lat' dir='ltr'>counnrnanu.</span> <span class='ocrx_word' id='word_1_314' title='bbox 450 3980 474 4017; x_wconf 88' lang='lat' dir='ltr'>v.</span> <span class='ocrx_word' id='word_1_315' title='bbox 494 3973 514 4017; x_wconf 83' lang='lat' dir='ltr'>l.</span> <span class='ocrx_word' id='word_1_316' title='bbox 535 3962 742 4034; x_wconf 78' lang='grc' dir='ltr'><em>μεγαλοπόλιες·</em></span> <span class='ocrx_word' id='word_1_317' title='bbox 764 3963 863 4019; x_wconf 83' lang='lat' dir='ltr'>schol:</span> <span class='ocrx_word' id='word_1_318' title='bbox 882 3961 1085 4034; x_wconf 86' lang='grc' dir='ltr'><em>μεγαλοπόλιας</em></span> <span class='ocrx_word' id='word_1_319' title='bbox 1105 3960 1164 4018; x_wconf 85' lang='grc' dir='ltr'><em>είπε</em></span> <span class='ocrx_word' id='word_1_320' title='bbox 1179 3964 1229 4027; x_wconf 83' lang='grc' dir='ltr'>τὰς</span> <span class='ocrx_word' id='word_1_321' title='bbox 1244 3964 1437 4033; x_wconf 75' lang='grc' dir='ltr'><em>Συρακούσας,</em></span> 
     </span>
     <span class='ocr_line' id='line_1_39' title="bbox 160 4030 1436 4105; baseline 0.004 -20"><span class='ocrx_word' id='word_1_322' title='bbox 160 4030 258 4102; x_wconf 77' lang='grc' dir='ltr'><em>ἐπειδὴ</em></span> <span class='ocrx_word' id='word_1_323' title='bbox 279 4031 383 4103; x_wconf 73' lang='grc' dir='ltr'><em>Ἀρχίας</em></span> <span class='ocrx_word' id='word_1_324' title='bbox 406 4032 540 4103; x_wconf 82' lang='grc' dir='ltr'><em>τέσσαρας</em></span> <span class='ocrx_word' id='word_1_325' title='bbox 563 4034 656 4098; x_wconf 84' lang='grc' dir='ltr'><em>πόλεις</em></span> <span class='ocrx_word' id='word_1_326' title='bbox 681 4034 945 4104; x_wconf 78' lang='grc' dir='ltr'><em>καταστρεψάμενος</em></span> <span class='ocrx_word' id='word_1_327' title='bbox 971 4036 1010 4098; x_wconf 87' lang='grc' dir='ltr'>είς</span> <span class='ocrx_word' id='word_1_328' title='bbox 1035 4038 1103 4105; x_wconf 80' lang='grc' dir='ltr'><em>μίαν</em></span> <span class='ocrx_word' id='word_1_329' title='bbox 1129 4035 1297 4105; x_wconf 80' lang='grc' dir='ltr'><em>συνήγαγεν·</em></span> <span class='ocrx_word' id='word_1_330' title='bbox 1327 4036 1379 4090; x_wconf 75' lang='lat' dir='ltr'>eloi</span> <span class='ocrx_word' id='word_1_331' title='bbox 1405 4035 1436 4090; x_wconf 75' lang='lat' dir='ltr'>di</span> 
     </span>
     <span class='ocr_line' id='line_1_40' title="bbox 160 4100 1437 4176; baseline 0.002 -19"><span class='ocrx_word' id='word_1_332' title='bbox 160 4100 258 4158; x_wconf 74' lang='grc' dir='ltr'><em>αὗται·</em></span> <span class='ocrx_word' id='word_1_333' title='bbox 279 4103 436 4176; x_wconf 80' lang='grc' dir='ltr'><em>Ἀχραδίνη,</em></span> <span class='ocrx_word' id='word_1_334' title='bbox 457 4105 610 4175; x_wconf 83' lang='grc' dir='ltr'><em>Νεάπολις,</em></span> <span class='ocrx_word' id='word_1_335' title='bbox 628 4104 786 4175; x_wconf 89' lang='grc' dir='ltr'><em>Ἐπιπολαί,</em></span> <span class='ocrx_word' id='word_1_336' title='bbox 808 4107 892 4176; x_wconf 83' lang='grc' dir='ltr'><em>Τύχη,</em></span> <span class='ocrx_word' id='word_1_337' title='bbox 912 4107 988 4175; x_wconf 88' lang='lat' dir='ltr'>quod</span> <span class='ocrx_word' id='word_1_338' title='bbox 1006 4110 1038 4160; x_wconf 86' lang='lat' dir='ltr'>ut</span> <span class='ocrx_word' id='word_1_339' title='bbox 1055 4106 1127 4161; x_wconf 86' lang='lat' dir='ltr'>bene</span> <span class='ocrx_word' id='word_1_340' title='bbox 1146 4106 1305 4176; x_wconf 80' lang='lat' dir='ltr'>expositum</span> <span class='ocrx_word' id='word_1_341' title='bbox 1324 4111 1375 4176; x_wconf 84' lang='lat' dir='ltr'>est,</span> <span class='ocrx_word' id='word_1_342' title='bbox 1394 4106 1437 4160; x_wconf 86' lang='lat' dir='ltr'>itu</span> 
     </span>
     <span class='ocr_line' id='line_1_41' title="bbox 160 4173 1437 4249; baseline 0.003 -21"><span class='ocrx_word' id='word_1_343' title='bbox 160 4173 215 4230; x_wconf 90' lang='lat' dir='ltr'>hac</span> <span class='ocrx_word' id='word_1_344' title='bbox 233 4175 363 4230; x_wconf 86' lang='lat' dir='ltr'>doctrina</span> <span class='ocrx_word' id='word_1_345' title='bbox 379 4176 462 4232; x_wconf 87' lang='lat' dir='ltr'>l&#39;acile</span> <span class='ocrx_word' id='word_1_346' title='bbox 481 4193 615 4246; x_wconf 86' lang='lat' dir='ltr'>caremus,</span> <span class='ocrx_word' id='word_1_347' title='bbox 635 4177 862 4246; x_wconf 90' lang='lat' dir='ltr'>qnandoquidem</span> <span class='ocrx_word' id='word_1_348' title='bbox 881 4177 968 4230; x_wconf 87' lang='lat' dir='ltr'>ctiam</span> <span class='ocrx_word' id='word_1_349' title='bbox 986 4176 1112 4231; x_wconf 83' lang='lat' dir='ltr'>Athenas</span> <span class='ocrx_word' id='word_1_350' title='bbox 1131 4178 1333 4247; x_wconf 83' lang='grc' dir='ltr'><em>μεγαλοπόλιας</em></span> <span class='ocrx_word' id='word_1_351' title='bbox 1352 4182 1437 4249; x_wconf 88' lang='lat' dir='ltr'>poeta</span> 
     </span>
     <span class='ocr_line' id='line_1_42' title="bbox 161 4246 1436 4320; baseline -0.001 -21"><span class='ocrx_word' id='word_1_352' title='bbox 161 4246 234 4300; x_wconf 88' lang='lat' dir='ltr'>dixit</span> <span class='ocrx_word' id='word_1_353' title='bbox 251 4246 281 4303; x_wconf 90' lang='lat' dir='ltr'>P.</span> <span class='ocrx_word' id='word_1_354' title='bbox 296 4266 359 4302; x_wconf 83' lang='lat' dir='ltr'>vni</span> <span class='ocrx_word' id='word_1_355' title='bbox 377 4280 408 4288; x_wconf 93' lang='lat'><em>-</em></span> <span class='ocrx_word' id='word_1_356' title='bbox 425 4246 636 4320; x_wconf 75' lang='grc' dir='ltr'><em>βαθυπολέμου·</em></span> <span class='ocrx_word' id='word_1_357' title='bbox 656 4248 871 4315; x_wconf 82' lang='lat' dir='ltr'>bellicosissimi,</span> <span class='ocrx_word' id='word_1_358' title='bbox 891 4251 923 4301; x_wconf 89' lang='lat' dir='ltr'>ut</span> <span class='ocrx_word' id='word_1_359' title='bbox 946 4248 1116 4319; x_wconf 75' lang='grc' dir='ltr'><em>βαθύδοξοι,</em></span> <span class='ocrx_word' id='word_1_360' title='bbox 1135 4248 1309 4303; x_wconf 88' lang='lat' dir='ltr'>celeberrimi</span> <span class='ocrx_word' id='word_1_361' title='bbox 1332 4250 1363 4305; x_wconf 92' lang='lat' dir='ltr'>P.</span> <span class='ocrx_word' id='word_1_362' title='bbox 1377 4269 1387 4302; x_wconf 94' lang='lat'>1</span> <span class='ocrx_word' id='word_1_363' title='bbox 1402 4267 1436 4318; x_wconf 79' lang='grc' dir='ltr'><em>αι,</em></span> 
     </span>
     <span class='ocr_line' id='line_1_43' title="bbox 159 4318 1435 4390; baseline 0.002 -18"><span class='ocrx_word' id='word_1_364' title='bbox 159 4319 320 4389; x_wconf 75' lang='grc' dir='ltr'><em>βαθυμῆτα,</em></span> <span class='ocrx_word' id='word_1_365' title='bbox 340 4318 565 4389; x_wconf 86' lang='lat' dir='ltr'>sapientissimus</span> <span class='ocrx_word' id='word_1_366' title='bbox 580 4319 613 4374; x_wconf 90' lang='lat' dir='ltr'>N.</span> <span class='ocrx_word' id='word_1_367' title='bbox 628 4339 660 4372; x_wconf 90' lang='lat' dir='ltr'>1n</span> <span class='ocrx_word' id='word_1_368' title='bbox 674 4337 700 4374; x_wconf 78' lang='lat' dir='ltr'>se</span> <span class='ocrx_word' id='word_1_369' title='bbox 714 4352 749 4359; x_wconf 96' lang='lat'><strong>—</strong></span> <span class='ocrx_word' id='word_1_370' title='bbox 763 4326 787 4373; x_wconf 80' lang='lat'>3.</span> <span class='ocrx_word' id='word_1_371' title='bbox 809 4321 918 4390; x_wconf 87' lang='grc' dir='ltr'><em>Θηβᾶν·</em></span> <span class='ocrx_word' id='word_1_372' title='bbox 939 4335 995 4372; x_wconf 94' lang='lat' dir='ltr'>non</span> <span class='ocrx_word' id='word_1_373' title='bbox 1014 4319 1104 4373; x_wconf 88' lang='lat' dir='ltr'>solum</span> <span class='ocrx_word' id='word_1_374' title='bbox 1124 4320 1199 4388; x_wconf 88' lang='lat' dir='ltr'>quod</span> <span class='ocrx_word' id='word_1_375' title='bbox 1218 4320 1356 4374; x_wconf 88' lang='lat' dir='ltr'>Pindarus</span> <span class='ocrx_word' id='word_1_376' title='bbox 1375 4339 1435 4375; x_wconf 89' lang='lat' dir='ltr'>car-</span> 
     </span>
     <span class='ocr_line' id='line_1_44' title="bbox 160 4389 1435 4461; baseline 0.002 -18"><span class='ocrx_word' id='word_1_377' title='bbox 160 4406 225 4444; x_wconf 89' lang='lat' dir='ltr'>men</span> <span class='ocrx_word' id='word_1_378' title='bbox 243 4389 347 4444; x_wconf 83' lang='lat' dir='ltr'>Thebis</span> <span class='ocrx_word' id='word_1_379' title='bbox 366 4390 455 4458; x_wconf 87' lang='lat' dir='ltr'>misit,</span> <span class='ocrx_word' id='word_1_380' title='bbox 475 4391 524 4444; x_wconf 87' lang='lat' dir='ltr'>aed</span> <span class='ocrx_word' id='word_1_381' title='bbox 543 4390 629 4445; x_wconf 84' lang='lat' dir='ltr'>etiarn</span> <span class='ocrx_word' id='word_1_382' title='bbox 649 4391 724 4459; x_wconf 91' lang='lat' dir='ltr'>quod</span> <span class='ocrx_word' id='word_1_383' title='bbox 743 4390 827 4444; x_wconf 90' lang='lat' dir='ltr'>Hiero</span> <span class='ocrx_word' id='word_1_384' title='bbox 847 4389 988 4443; x_wconf 81' lang='lat' dir='ltr'>Thebanis</span> <span class='ocrx_word' id='word_1_385' title='bbox 1007 4389 1104 4444; x_wconf 90' lang='lat' dir='ltr'>Iolaiis</span> <span class='ocrx_word' id='word_1_386' title='bbox 1124 4391 1270 4445; x_wconf 84' lang='lat' dir='ltr'>victoriam</span> <span class='ocrx_word' id='word_1_387' title='bbox 1289 4392 1435 4461; x_wconf 80' lang='lat' dir='ltr'>quadrigis</span> 
     </span>
     <span class='ocr_line' id='line_1_45' title="bbox 160 4460 1435 4532; baseline 0 -17"><span class='ocrx_word' id='word_1_388' title='bbox 160 4464 366 4531; x_wconf 75' lang='lat' dir='ltr'>reportaverat3</span> <span class='ocrx_word' id='word_1_389' title='bbox 385 4480 410 4514; x_wconf 85' lang='lat' dir='ltr'>v.</span> <span class='ocrx_word' id='word_1_390' title='bbox 424 4478 482 4532; x_wconf 80' lang='lat' dir='ltr'>arg.</span> <span class='ocrx_word' id='word_1_391' title='bbox 503 4493 536 4502; x_wconf 93' lang='lat'><em>-</em></span> <span class='ocrx_word' id='word_1_392' title='bbox 556 4467 581 4516; x_wconf 84' lang='grc'>4,</span> <span class='ocrx_word' id='word_1_393' title='bbox 601 4462 784 4531; x_wconf 87' lang='lat' dir='ltr'>anapaestico</span> <span class='ocrx_word' id='word_1_394' title='bbox 798 4464 887 4515; x_wconf 90' lang='lat' dir='ltr'>metro</span> <span class='ocrx_word' id='word_1_395' title='bbox 902 4461 973 4514; x_wconf 93' lang='lat' dir='ltr'>bene</span> <span class='ocrx_word' id='word_1_396' title='bbox 987 4460 1116 4532; x_wconf 87' lang='lat' dir='ltr'>depingit</span> <span class='ocrx_word' id='word_1_397' title='bbox 1130 4462 1308 4517; x_wconf 88' lang='lat' dir='ltr'>velocitatem</span> <span class='ocrx_word' id='word_1_398' title='bbox 1324 4463 1435 4531; x_wconf 86' lang='lat' dir='ltr'>quadri-</span> 
     </span>
     <span class='ocr_line' id='line_1_46' title="bbox 159 4527 1437 4606; baseline 0.003 -22"><span class='ocrx_word' id='word_1_399' title='bbox 159 4548 259 4601; x_wconf 79' lang='lat' dir='ltr'>garum</span> <span class='ocrx_word' id='word_1_400' title='bbox 272 4564 302 4572; x_wconf 91' lang='lat'>-</span> <span class='ocrx_word' id='word_1_401' title='bbox 315 4538 338 4586; x_wconf 86' lang='grc'>6.</span> <span class='ocrx_word' id='word_1_402' title='bbox 347 4531 504 4602; x_wconf 89' lang='grc' dir='ltr'><em>Ὀρτυγίαν·</em></span> <span class='ocrx_word' id='word_1_403' title='bbox 520 4532 597 4587; x_wconf 86' lang='lat' dir='ltr'>schol</span> <span class='ocrx_word' id='word_1_404' title='bbox 612 4557 618 4588; x_wconf 77' lang='grc' dir='ltr'><em>ι</em></span> <span class='ocrx_word' id='word_1_405' title='bbox 635 4533 665 4588; x_wconf 85' lang='grc' dir='ltr'><em>έν</em></span> <span class='ocrx_word' id='word_1_406' title='bbox 674 4542 708 4604; x_wconf 77' lang='grc' dir='ltr'><em>τῇ</em></span> <span class='ocrx_word' id='word_1_407' title='bbox 717 4530 842 4606; x_wconf 81' lang='grc' dir='ltr'><em>’Ὀρτυγίᾳ</em></span> <span class='ocrx_word' id='word_1_408' title='bbox 853 4527 888 4601; x_wconf 79' lang='grc' dir='ltr'><em>ἦν</em></span> <span class='ocrx_word' id='word_1_409' title='bbox 897 4531 932 4585; x_wconf 88' lang='grc' dir='ltr'><em>τά</em></span> <span class='ocrx_word' id='word_1_410' title='bbox 943 4529 1276 4602; x_wconf 72' lang='grc' dir='ltr'><em>ι’πποτροφεῐαἾέροινος·</em></span> <span class='ocrx_word' id='word_1_411' title='bbox 1291 4533 1437 4602; x_wconf 84' lang='grc' dir='ltr'><em>Ὀρτυγίαν</em></span> 
     </span>
     <span class='ocr_line' id='line_1_47' title="bbox 160 4601 1435 4675; baseline 0.002 -19"><span class='ocrx_word' id='word_1_412' title='bbox 160 4602 192 4657; x_wconf 72' lang='grc' dir='ltr'>δὲ</span> <span class='ocrx_word' id='word_1_413' title='bbox 214 4602 267 4671; x_wconf 78' lang='grc' dir='ltr'>τὴν</span> <span class='ocrx_word' id='word_1_414' title='bbox 291 4603 336 4656; x_wconf 80' lang='grc' dir='ltr'><em>ἐπί</em></span> <span class='ocrx_word' id='word_1_415' title='bbox 359 4611 407 4672; x_wconf 80' lang='grc' dir='ltr'>τῆς</span> <span class='ocrx_word' id='word_1_416' title='bbox 431 4602 560 4665; x_wconf 84' lang='grc' dir='ltr'><em>Σικελίας</em></span> <span class='ocrx_word' id='word_1_417' title='bbox 583 4602 754 4675; x_wconf 78' lang='grc' dir='ltr'><em>χερρόνησότ</em></span> <span class='ocrx_word' id='word_1_418' title='bbox 776 4621 875 4672; x_wconf 84' lang='grc' dir='ltr'><em>φασιν·</em></span> <span class='ocrx_word' id='word_1_419' title='bbox 900 4601 970 4672; x_wconf 77' lang='grc' dir='ltr'><em>αὕτη</em></span> <span class='ocrx_word' id='word_1_420' title='bbox 995 4607 1048 4673; x_wconf 80' lang='grc' dir='ltr'><em>γάρ</em></span> <span class='ocrx_word' id='word_1_421' title='bbox 1071 4613 1155 4674; x_wconf 75' lang='grc' dir='ltr'><em>νῆσος</em></span> <span class='ocrx_word' id='word_1_422' title='bbox 1178 4602 1248 4658; x_wconf 75' lang='grc' dir='ltr'><em>οὖσα</em></span> <span class='ocrx_word' id='word_1_423' title='bbox 1266 4604 1435 4671; x_wconf 85' lang='grc' dir='ltr'><em>τοπράτερον</em></span> 
     </span>
     <span class='ocr_line' id='line_1_48' title="bbox 157 4672 1435 4745; baseline 0.002 -19"><span class='ocrx_word' id='word_1_424' title='bbox 157 4672 294 4742; x_wconf 75' lang='grc' dir='ltr'><em>τννήφθη</em></span> <span class='ocrx_word' id='word_1_425' title='bbox 321 4682 383 4737; x_wconf 77' lang='grc' dir='ltr'><em>ταῖς</em></span> <span class='ocrx_word' id='word_1_426' title='bbox 411 4675 613 4741; x_wconf 77' lang='grc' dir='ltr'><em>Συρακούσαις.</em></span> <span class='ocrx_word' id='word_1_427' title='bbox 658 4676 699 4729; x_wconf 92' lang='lat' dir='ltr'>De</span> <span class='ocrx_word' id='word_1_428' title='bbox 725 4674 778 4728; x_wconf 90' lang='lat' dir='ltr'>hac</span> <span class='ocrx_word' id='word_1_429' title='bbox 804 4673 971 4745; x_wconf 86' lang='lat' dir='ltr'>paeninsula</span> <span class='ocrx_word' id='word_1_430' title='bbox 997 4675 1074 4729; x_wconf 86' lang='lat' dir='ltr'>urbia</span> <span class='ocrx_word' id='word_1_431' title='bbox 1101 4677 1301 4744; x_wconf 80' lang='lat' dir='ltr'>Syracusarum</span> <span class='ocrx_word' id='word_1_432' title='bbox 1326 4675 1435 4729; x_wconf 87' lang='lat' dir='ltr'>Dianae</span> 
     </span>
     <span class='ocr_line' id='line_1_49' title="bbox 159 4743 1435 4814; baseline 0.002 -17"><span class='ocrx_word' id='word_1_433' title='bbox 159 4743 229 4799; x_wconf 86' lang='lat' dir='ltr'>deae</span> <span class='ocrx_word' id='word_1_434' title='bbox 249 4761 329 4800; x_wconf 88' lang='lat' dir='ltr'>sacra</span> <span class='ocrx_word' id='word_1_435' title='bbox 344 4765 369 4800; x_wconf 89' lang='lat' dir='ltr'>v.</span> <span class='ocrx_word' id='word_1_436' title='bbox 384 4746 417 4799; x_wconf 88' lang='lat' dir='ltr'>N.</span> <span class='ocrx_word' id='word_1_437' title='bbox 433 4765 442 4797; x_wconf 93' lang='lat'>1</span> <span class='ocrx_word' id='word_1_438' title='bbox 458 4766 467 4800; x_wconf 90' lang='lat'>1</span> <span class='ocrx_word' id='word_1_439' title='bbox 483 4778 517 4786; x_wconf 95' lang='lat'>—</span> <span class='ocrx_word' id='word_1_440' title='bbox 537 4753 562 4800; x_wconf 84' lang='lat'>8.</span> <span class='ocrx_word' id='word_1_441' title='bbox 580 4748 689 4809; x_wconf 82' lang='grc' dir='ltr'><em>πώλους</em></span> <span class='ocrx_word' id='word_1_442' title='bbox 707 4762 793 4814; x_wconf 88' lang='lat' dir='ltr'>equos</span> <span class='ocrx_word' id='word_1_443' title='bbox 812 4747 865 4799; x_wconf 90' lang='lat' dir='ltr'>boc</span> <span class='ocrx_word' id='word_1_444' title='bbox 884 4746 995 4799; x_wconf 90' lang='lat' dir='ltr'>nomine</span> <span class='ocrx_word' id='word_1_445' title='bbox 1015 4746 1118 4800; x_wconf 82' lang='lat' dir='ltr'>dixisse</span> <span class='ocrx_word' id='word_1_446' title='bbox 1138 4747 1256 4814; x_wconf 85' lang='lat' dir='ltr'>videtur,</span> <span class='ocrx_word' id='word_1_447' title='bbox 1276 4750 1308 4799; x_wconf 90' lang='lat' dir='ltr'>ut</span> <span class='ocrx_word' id='word_1_448' title='bbox 1326 4746 1435 4800; x_wconf 88' lang='lat' dir='ltr'>iuveni·</span> 
     </span>
     <span class='ocr_line' id='line_1_50' title="bbox 158 4813 1435 4889; baseline 0.002 -19"><span class='ocrx_word' id='word_1_449' title='bbox 158 4813 214 4870; x_wconf 89' lang='lat' dir='ltr'>lem</span> <span class='ocrx_word' id='word_1_450' title='bbox 233 4832 329 4870; x_wconf 86' lang='lat' dir='ltr'>eorum</span> <span class='ocrx_word' id='word_1_451' title='bbox 348 4817 472 4888; x_wconf 80' lang='lat' dir='ltr'>vigorem</span> <span class='ocrx_word' id='word_1_452' title='bbox 491 4817 676 4889; x_wconf 84' lang='lat' dir='ltr'>praedicaret,</span> <span class='ocrx_word' id='word_1_453' title='bbox 693 4833 784 4886; x_wconf 89' lang='lat' dir='ltr'>neque</span> <span class='ocrx_word' id='word_1_454' title='bbox 798 4818 873 4871; x_wconf 89' lang='lat' dir='ltr'>enim</span> <span class='ocrx_word' id='word_1_455' title='bbox 887 4816 945 4871; x_wconf 85' lang='lat' dir='ltr'>iam</span> <span class='ocrx_word' id='word_1_456' title='bbox 959 4819 1018 4870; x_wconf 89' lang='lat' dir='ltr'>tum</span> <span class='ocrx_word' id='word_1_457' title='bbox 1032 4817 1167 4888; x_wconf 85' lang='lat' dir='ltr'>temporis</span> <span class='ocrx_word' id='word_1_458' title='bbox 1182 4817 1337 4871; x_wconf 67' lang='lat' dir='ltr'>conamina</span> <span class='ocrx_word' id='word_1_459' title='bbox 1351 4834 1435 4888; x_wconf 89' lang='lat' dir='ltr'>equo·</span> 
     </span>
    </p>
   </div>
   <div class='ocr_carea' id='block_1_8' title="bbox 0 0 1726 5550">
    <p class='ocr_par' dir='ltr' id='par_1_8' title="bbox 0 0 1726 5550">
     <span class='ocr_line' id='line_1_51' title="bbox 0 0 1726 5550; baseline 0 3"><span class='ocrx_word' id='word_1_460' title='bbox 0 0 1726 5550; x_wconf 95' lang='lat' dir='ltr'> </span> 
     </span>
    </p>
   </div>
  </div>
 </body>
</html>
