3442 5550
747 379 877 429 PY'l'HIA
897 379 956 430 XII.

268 539 404 616 Παλλάς
427 538 544 624 ἐφεῦρε
569 547 732 624 θρασειᾶν
756 543 934 623 Γοργόνων

271 647 386 711 οὔλιον
408 652 539 731 θρῆνον
562 645 763 725 διαπλέξαισ’
786 646 926 712 Ἀθάνα·

270 843 328 907 τὸν
350 847 545 927 παρθενίοις
569 843 633 908 ὑπὸ
657 842 688 908 τ’
715 843 872 921 ἀπλάτοις
895 843 1003 928 ὀφίων
1025 850 1184 930 κεφαλαῖς
1274 850 1354 929 Στρ.
1373 841 1417 927 β’.
1456 858 1489 906 15

218 968 250 1015 ιο
270 951 321 1014 ἄιε
345 953 537 1035 λειβόμενον
561 949 743 1016 δυσπενθέι
767 952 831 1016 σὺν
852 950 1001 1040 καμάτῳ,
1085 961 1087 966 ’

271 1060 420 1142 Περσεὺς
442 1057 538 1122 ὁπότε
562 1062 675 1143 τρίτον
698 1059 842 1123 ἄνυσσεν
865 1068 1066 1142 κασιγνητᾶν
1089 1056 1201 1144 μέρος,
1456 1074 1489 1121 ευ

270 1167 397 1252 εἰναλία
422 1169 558 1253 Σερίφῳ
583 1169 695 1230 λαοῖσί
715 1189 749 1230 τε
772 1178 893 1251 μοῖραν
915 1167 1015 1249 ἄγων.

271 1266 341 1354 ἦτοι
366 1274 403 1335 τό
427 1295 458 1335 τε
483 1271 662 1336 θεσπέσιον
688 1275 831 1357 Φόρκοιο
855 1272 1030 1356 μαύρωσεν
1054 1270 1162 1355 γένος,

271 1382 395 1463 λυγρόν
418 1375 445 1442 τ’
474 1381 593 1463 ἔρανον
617 1378 812 1467 Πολυδέκτᾳ
835 1386 918 1463 θῆκε
941 1382 1064 1464 ματρός
1087 1378 1114 1443 τ’
1138 1381 1278 1464 ἔμπεδον
1457 1396 1491 1443 25

218 1503 250 1550 15
270 1487 479 1550 δουλοσύναν
503 1489 539 1550 τό
563 1485 589 1551 τ’
618 1485 799 1569 ἀναγκαῖον
823 1486 930 1569 λέχος,

270 1593 438 1677 εὐπαράου
462 1603 565 1677 κρᾶτα
589 1594 749 1670 συλάσαις
773 1595 942 1669 Μεδοίσας

270 1791 342 1866 υίὸς
365 1790 514 1866 Δανάας·
539 1791 597 1853 τὸν
620 1789 684 1854 άπὸ
708 1799 834 1874 χρυσοῦ
857 1786 966 1875 φαμὲν
990 1790 1176 1874 αὐτορύτου
1276 1795 1356 1875 Στρ.
1376 1787 1418 1872 γ’.
1456 1806 1490 1853 30

270 1900 413 1981 ἔμμεναι.
460 1895 529 1961 ἄλλ’
559 1895 624 1961 ἐπεὶ
651 1897 685 1961 ἐκ
708 1898 837 1962 τούτων
860 1900 961 1982 φίλον
984 1899 1091 1982 ἄνδρα
1113 1901 1227 1962 πόνων

271 2004 430 2089 ἐρρύσατο
454 2003 622 2088 παρθένος
645 2005 758 2069 αὐλῶν
780 2013 874 2088 τεῦχε
896 2005 1082 2090 πάμφωνον
1105 2003 1217 2089 μέλος,

215 2128 251 2176 20
270 2112 359 2194 ὄφρα
383 2111 442 2174 τὸν
465 2110 643 2195 Εὐρυάλας
666 2109 700 2175 ἐκ
723 2116 933 2198 καρπαλιμᾶν
955 2113 1084 2194 γενύων
1459 2129 1492 2176 35

270 2216 480 2303 χριμφθέντα
504 2219 567 2283 σὺν
591 2221 695 2283 ἔντεσι
720 2217 886 2303 μιμήσαιτ’
915 2218 1130 2303 ἐρικλάγκταν
1153 2223 1246 2303 γόον·

271 2322 368 2410 εὗρεν
391 2328 482 2402 θεός·
507 2325 589 2390 ἄλλά
613 2350 668 2390 νιν
691 2325 814 2410 εὐροῑσ’
843 2325 983 2411 ἀνδράσι
1006 2334 1146 2403 θνατοῖς
1168 2330 1270 2410 ἔχειν,
1459 2345 1494 2391 40

291 2490 314 2538 7.
334 2481 476 2553 ’γοργόνων
497 2485 551 2554 MR
570 2487 600 2538 et
618 2483 717 2540 schol:
737 2501 790 2538 om.
810 2484 909 2539 BDE
924 2517 957 2524 —
977 2489 1001 2538 8.
1022 2482 1209 2550 διαπλέξασθ’
1230 2484 1333 2556 &dms
1342 2485 1393 2539 τὸν
1411 2484 1441 2538 D
1461 2517 1492 2525 -

217 2562 233 2608 9
249 2552 339 2623 ὀφίων
354 2572 406 2609 om.
425 2557 534 2608 11⁸⁰—
551 2561 592 2608 10.
609 2555 679 2610 ἄιε
695 2557 724 2610 D
739 2588 769 2595 --
787 2561 827 2610 11.
844 2555 963 2610 ἄνυσσεν
978 2556 1102 2611 Boeclrh:
1123 2555 1208 2610 ἄασεν
1224 2560 1278 2625 (-σε
1294 2556 1370 2617 ΒΕ)
1390 2557 1494 2623 ΒΠΕ,

216 2627 321 2681 ἄνυσεν
340 2629 369 2680 et
387 2626 454 2680 ἄασε
475 2625 570 2695 schol,
590 2626 668 2692 άιξεν
687 2627 757 2681 coni.
777 2626 887 2694 Kaibel‚
907 2628 998 2683 Herm.
1016 2645 1053 2695 ro,
1069 2644 1106 2681 ν-ιτ
1127 2661 1159 2667 -
1180 2633 1221 2681 12.
1243 2625 1338 2702 ἐναλίᾳ
1357 2629 1434 2694 Βίλς
1458 2626 1493 2681 ci.

217 2699 248 2754 0.
268 2718 296 2751 rx
310 2716 336 2753 eo
354 2729 388 2739 -
408 2695 512 2770 αερίφφ
528 2697 597 2767 (sine
612 2702 653 2766 τε)
666 2699 741 2753 BD:
761 2716 802 2752 τε·
822 2697 910 2766 πέτρα
925 2699 995 2753 coni.
1011 2699 1153 2753 Hermann
1160 2700 1179 2768 ³,
1198 2718 1226 2753 τε
1242 2697 1356 2772 Σερίφῳ
1372 2697 1492 2767 Boeclrh‚

214 2768 252 2825 ft
273 2766 386 2841 Σερίφῳ
405 2770 573 2833 Mommsen;
595 2770 630 2823 de
648 2769 764 2824 licentia
783 2770 931 2840 prosodica
949 2771 1092 2825 nominum
1111 2770 1285 2840 propriorum
1305 2788 1330 2823 v.
1347 2771 1366 2823 I.
1383 2790 1399 2822 v
1413 2786 1439 2823 ss
1458 2802 1493 2809 —

216 2846 309 2895 λαοῖσι
326 2841 452 2908 Boeclrh‚
477 2845 539 2895 λασι
557 2841 706 2908 Boehmer‚
729 2850 800 2896 τοῖσι
818 2842 975 2897 Hermann²
998 2874 1030 2882 -
1056 2848 1097 2896 13.
1117 2839 1226 2909 φόρκοί
1250 2841 1398 2911 άμαύρωσε
1418 2841 1494 2896 BD:

219 2895 339 2982 Φόρκοιο
358 2914 504 2982 μαύρωσεν
524 2913 664 2966 Hermann
685 2946 717 2952 —
739 2920 778 2968 16.
799 2913 944 2981 εὐπαράον
963 2915 992 2968 D
1017 2947 1047 2954 —
1073 2913 1165 2981 συλήσ.
1181 2916 1208 2968 Β
1216 2915 1251 2967 l).
1278 2912 1312 2966 cf.
1329 2913 1443 2967 O.1xas
1460 2944 1492 2952 -

219 2990 259 3039 17.
280 2984 452 3053 αὐτορρύτου
466 2986 529 3039 131)
548 3016 580 3024 —
602 2990 643 3039 19.
663 2986 753 3039 αὐλάν
771 2986 839 3039 Deo
856 3017 884 3025 -
903 2992 944 3040 21,
966 2983 1148 3054 ἐρικλάγκταν
1167 2986 1200 3054 (l)
1214 2984 1244 3038 D
1265 3017 1296 3023 -

290 3133 313 3182 7.
333 3126 434 3196 ἐφεῦρε
454 3159 486 3167 -
506 3133 548 3180 22.
569 3122 644 3194 εὐρε·
669 3126 767 3181 eodem
791 3126 875 3181 verbo
898 3126 942 3180 bis
968 3126 1060 3196 posito
1084 3126 1197 3181 initium
1223 3130 1253 3182 et
1274 3128 1359 3181 finem
1380 3125 1493 3181 fabulae

218 3198 308 3252 facete
323 3202 407 3268 poeta
422 3198 541 3266 indicat3
557 3200 592 3253 cf.
605 3197 657 3252 O.1
671 3216 705 3253 ss.
720 3198 749 3252 Ρ.
760 3218 777 3251 x
792 3215 816 3253 ει
828 3231 861 3239 -
872 3204 913 3252 10.
930 3199 1103 3280 λειβόμενον·
1118 3199 1152 3253 cl.
1165 3198 1247 3268 ἔχεαν
1256 3202 1367 3266 θρῆνον
1377 3198 1397 3252 Ι.
1410 3217 1459 3252 rm
1469 3215 1496 3253 ss

220 3303 251 3310 —
273 3277 304 3324 11
324 3288 358 3323 ss.
379 3269 517 3323 Pindarus
536 3270 649 3323 Hesiod.
669 3270 762 3337 theog.
783 3285 820 3324 ιιι
840 3286 875 3324 ss.
896 3273 1030 3339 sequitur,
1049 3270 1104 3324 nisi
1123 3270 1199 3339 quod
1218 3269 1374 3324 Minervam
1394 3269 1494 3324 Perseo

217 3342 443 3413 patrocinantem
467 3341 537 3395 lacit
560 3341 605 3395 hic
629 3344 658 3395 et
681 3341 711 3396 Ρ.
730 3359 805 3410 145,
829 3358 885 3410 qua
907 3341 937 3394 in
958 3358 987 3395 re
1011 3359 1073 3396 eum
1097 3342 1196 3396 ducem
1221 3341 1310 3397 secuti
1329 3344 1395 3395 sunt
1413 3341 1494 3396 Ovid.

218 3417 283 3467 met.
303 3432 320 3465 v
339 3429 378 3467 rso
401 3414 531 3467 hacteuus
553 3416 703 3483 σπείραντα
726 3415 846 3468 συναίτιοι
873 3413 1000 3467 Tritonia
1022 3416 1108 3481 tratri
1130 3416 1135 3484 1
1157 3432 1184 3468 sc
1207 3415 1294 3480 dedit,
1314 3415 1343 3467 et
1367 3412 1493 3483 Apollod.

218 3502 281 3538 1141
303 3517 336 3524 -
355 3484 449 3553 μέρος·
469 3485 503 3538 cf.
523 3484 552 3536 P.
573 3503 600 3536 ιν
619 3501 645 3538 ss
664 3517 698 3524 -
718 3490 759 3539 13.
778 3485 956 3553 ἄμαύρωαεν·
982 3485 1146 3539 obcaecavit
1164 3484 1261 3539 ablato
1280 3502 1336 3538 uno
1356 3484 1494 3539 communi

219 3556 308 3624 oculo,
323 3573 378 3625 quo
393 3555 555 3610 alternatim
570 3554 671 3609 Phorci
689 3555 765 3609 filiae
784 3555 802 3609 i.
817 3572 840 3609 e.
856 3555 998 3625 Gorgones
1013 3557 1063 3626 (sic
1079 3557 1163 3611 schol.
1179 3558 1208 3611 ct
1223 3555 1304 3610 Orid.
1320 3560 1385 3610 met.
1400 3576 1428 3608 ιν
1443 3572 1494 3621 νιος

219 3627 369 3682 Phorcidas
384 3630 413 3681 et
427 3627 570 3697 Gorgones
584 3626 714 3680 distinxit
729 3626 858 3697 Apollod.
872 3647 893 3680 11
907 3631 943 3695 ar)
957 3629 1158 3682 utebantur-
1173 3634 1214 3683 14.
1234 3628 1360 3695 Perseus,
1380 3628 1495 3680 Danaae

219 3698 306 3768 lilius,
325 3698 507 3767 Polydectae,
529 3698 589 3769 regi
609 3697 719 3769 Seriphi
742 3698 864 3766 insulae,
884 3716 1005 3753 amorem
1030 3699 1128 3753 matris
1147 3699 1263 3753 Danaae
1282 3702 1311 3753 et
1330 3698 1494 3768 symbolum,

218 3770 294 3839 quod
312 3788 363 3840 pro
383 3770 489 3841 nuptiis
508 3787 571 3823 cum
586 3769 776 3840 Hippodamia
795 3787 859 3824 eum
877 3774 1052 3840 poposcerat,
1071 3771 1101 3824 in
1119 3771 1270 3840 perniciem
1290 3770 1386 3836 vertit3
1407 3769 1495 3823 allato

220 3841 294 3895 enim
308 3845 366 3895 tam
389 3859 452 3894 uam
469 3842 595 3910 symbolo
610 3841 744 3896 Medusae
760 3841 851 3911 capite
867 3842 988 3895 insulam
1003 3845 1032 3896 et
1045 3841 1227 3911 Polydectem
1246 3842 1276 3895 in
1290 3859 1359 3896 saxa
1373 3859 1495 3895 commu-

218 3913 305 3980 tavit;
320 3913 354 3966 cf.
366 3860 446 3968 grid.
461 3917 572 3968 metam.
585 3933 601 3966 v
616 3929 655 3967 sle
666 3932 700 3967 ss.
716 3945 751 3953 -
766 3920 807 3968 16.
825 3912 981 3981 εὐπαράου·
999 3913 1100 3968 Ouidio
1114 3917 1179 3968 met.
1190 3933 1217 3967 ιν
1233 3930 1271 3967 ros
1286 3916 1329 3968 est
1343 3915 1495 3969 clarissima

217 3987 315 4052 ιὀνιιιο.
357 3984 430 4038 Hinc
458 3985 577 4055 profecti
602 3988 631 4039 et
655 3984 775 4039 artifices
804 3987 890 4055 caput
916 3985 1049 4040 Medusae
1078 3984 1198 4054 speciem
1225 4002 1349 4039 summae
1371 3982 1495 4056 pulchri-

220 4056 326 4110 tudinis
344 4073 380 4111 ne
399 4060 488 4111 morte
507 4056 621 4126 quidem
644 4055 785 4110 extinctae
813 4074 880 4138 prae
900 4074 929 4112 se
948 4057 1018 4110 lerro
1037 4056 1197 4123 voluerunt,
1222 4059 1251 4109 et
1273 4060 1373 4125 poetae
1391 4055 1494 4109 novicii

221 4144 284 4182 cum
298 4126 426 4182 Minerva
440 4128 586 4183 Medusam
602 4129 636 4182 de
650 4127 861 4196 pulchritudine
875 4131 996 4182 certasse
1011 4130 1149 4181 linxerunt
1162 4130 1197 4195 (v.
1214 4128 1299 4181 schol.
1315 4128 1343 4181 P.
1359 4147 1396 4180 111
1411 4131 1447 4195 ει)
1462 4159 1494 4166 -

221 4206 261 4254 17.
280 4199 342 4262 υίὸς
366 4200 495 4267 Δανάας,
521 4218 584 4253 cum
608 4199 735 4269 emphasi
759 4199 788 4252 in
812 4199 950 4270 principio
973 4215 1062 4254 norae
1086 4199 1217 4268 strophae
1240 4199 1362 4269 positum
1386 4201 1441 4265 est,
1465 4200 1497 4251 ut

221 4271 355 4340 Θήρωνος
375 4271 405 4325 Ο.
425 4291 445 4324 11
462 4287 511 4337 loa,
531 4270 713 4340 ἀγλαόκωμον
733 4272 763 4324 Ο.
780 4291 809 4323 ni
824 4289 849 4338 ο,
873 4274 1013 4332 Μολίονες
1032 4272 1062 4324 0.
1083 4290 1099 4323 x
1114 4286 1153 4337 at,
1172 4270 1258 4340 άρχδς
1277 4271 1382 4323 οἰωνῶν
1401 4270 1430 4324 Ρ.
1450 4286 1495 4336 ιτ,

220 4343 287 4406 ναδς
303 4340 413 4412 Ἀργοῦς
431 4343 459 4397 P.
475 4361 503 4394 ιν
517 4359 566 4410 185,
586 4342 671 4410 νηλὴς
689 4342 761 4411 γυνά
779 4342 809 4397 Ρ.
830 4362 857 4395 x1
875 4360 912 4405 ar,
929 4340 1081 4410 Ἡρακλέης
1099 4341 1118 4396 Ι.
1134 4360 1161 4394 vr
1175 4358 1213 4408 35,
1232 4341 1293 4404 υλδς
1308 4340 1456 4410 Ἀλκμήνας
1475 4341 1495 4393 l.

218 4432 249 4466 m
264 4431 290 4469 τε
310 4446 341 4454 -
363 4414 411 4467 τὸν
432 4457 436 4466 .
457 4455 463 4466 .
484 4455 489 4466 .
510 4412 637 4483 ἔμμεναι·
659 4412 720 4480 hoc,
740 4414 815 4482 quod
834 4414 871 4467 ad
892 4432 950 4468 rem
968 4431 1018 4483 pro
1039 4412 1140 4467 ositam
1159 4413 1231 4466 nihil
1246 4412 1394 4471 attinebat.
1414 4410 1496 4479 quasi

220 4484 248 4539 in
271 4484 392 4539 transitu
416 4487 500 4555 poeta
524 4484 644 4553 adlevit,
669 4487 702 4538 ut
724 4485 815 4540 simile
844 4485 912 4554 quid
943 4486 977 4539 de
1028 4484 1120 4539 ercule
1145 4486 1194 4540 1.1
1214 4501 1239 4539 is
1262 4482 1411 4537 interserit.
1454 4482 1494 4535 De

220 4557 283 4612 love
302 4574 401 4611 aurum
419 4556 533 4626 pluente
553 4557 587 4611 cl'.
605 4559 623 4610 l.
638 4575 676 4608 vn
693 4574 717 4611 ιο
736 4589 769 4596 -
791 4563 831 4612 19.
849 4554 994 4624 παρθένος
1012 4555 1105 4611 medio
1119 4555 1181 4610 loco
1201 4554 1359 4621 collocavit,
1380 4556 1412 4607 ut
1431 4554 1494 4607 suh-

220 4627 322 4684 iectum
339 4629 455 4682 duorum
469 4629 626 4694 verborum,
646 4627 780 4695 ἐρρύσατο
796 4633 824 4683 et
837 4637 925 4699 τεῦχε,
941 4631 1015 4682 esset
1030 4661 1063 4668 —
1077 4627 1235 4698 πάμφωνον
1249 4625 1340 4694 μέλος·
1360 4626 1394 4679 cl.
1411 4626 1441 4680 Ο.
1457 4644 1495 4678 vn

221 4717 245 4754 ιε
269 4733 301 4740 -
326 4707 367 4753 20.
390 4698 548 4767 Εὐρυάλας·
572 4715 674 4752 nomen
697 4700 813 4754 alterius
832 4699 984 4770 Gorgonis3
1007 4699 1109 4754 tertiae
1132 4699 1233 4752 sororis
1254 4714 1355 4751 nomen
1375 4697 1495 4750 Sthenus

238 4771 409 4826 raetermisit
437 4803 469 4810 —
499 4777 531 4823 22
561 4770 682 4837 ἀνδράσι
709 4775 827 4834 θνατοῖς
851 4771 936 4842 ἔχειν·
961 4790 1028 4824 num
1052 4772 1104 4824 hoc
1131 4771 1168 4824 ad
1194 4771 1291 4822 notam
1314 4767 1441 4822 fabulam
1460 4769 1495 4823 de

220 4789 299 4897 iibiis
319 4859 337 4896 a
356 4841 417 4911 dea,
437 4842 511 4910 quod
530 4840 640 4895 vultum
660 4842 855 4914 deformarent,
875 4843 994 4898 abiectis
1014 4842 1129 4914 spectet,
1147 4840 1285 4896 incertum
1303 4841 1347 4893 est
1365 4871 1400 4879 -
