3442 5550
333 410 395 474 118
805 413 954 464 inunum
972 413 1138 465 eunucu.

332 589 366 638 45
421 575 529 659 μακρά
552 570 588 638 δέ
612 575 725 659 ῥίψαις
748 573 926 658 άμεύσεσθ’
953 573 1095 651 ἀντίους.

421 683 452 745 εί
474 682 536 766 γάρ
560 681 577 746 ὁ
601 694 664 757 πᾶς
686 683 806 767 χρόνος
829 683 882 746 ol-

466 791 528 871 βον
550 784 611 871 μὲν
634 787 721 852 οὕτω
745 786 799 853 καὶ
825 789 971 853 κτεάνων
995 789 1091 853 δόσιν
1114 789 1215 854 εὐθύ-

467 917 535 976 νοι,
557 893 712 977 καμάτων
736 892 767 958 δ’
793 893 902 959 έπίλα-
917 912 972 959 σιν
994 895 1166 980 παράσχοι.

422 1099 442 1188 ή
465 1129 522 1169 κεν
546 1105 736 1192 ἀμνάσειεν,
760 1108 846 1183 οἵαις
869 1107 905 1172 έν
928 1106 1098 1191 πολέμοισι
1121 1108 1240 1191 μάχαις
1382 1105 1465 1172 Ἀντ.
1489 1107 1532 1190 γ’.

423 1212 559 1296 τλάμονι
583 1223 673 1300 ψυχᾷ
695 1213 876 1298 παρέμειν’,

467 1318 554 1403 ἁνίχ’
579 1320 772 1405 εὑρίσκοντο
795 1328 887 1386 θεῶν
909 1322 1073 1405 παλάμαις
1096 1322 1210 1405 τιμάν,

424 1427 499 1490 οἵαν
522 1427 613 1503 οὔτις
632 1424 801 1492 Ἑλλάνων
824 1427 951 1514 δρέπει,

335 1551 368 1598 50
424 1534 570 1598 πλούτου
594 1531 781 1618 στεφάνωμ’
807 1532 984 1621 άγέρωχον.
1032 1545 1095 1600 νῦν
1118 1559 1155 1618 γε
1177 1536 1244 1619 μάν

469 1641 530 1704 τάν
556 1642 760 1723 Φιλοκτήταο
784 1641 881 1706 δίκαν
905 1639 1037 1726 ἐφέπων

407 1875 450 1925 45.
470 1866 575 1940 μακραί
595 1870 667 1925 G-
688 1867 773 1939 όίφας
793 1868 1186 1940 01),ίρίφαιςΜοαιωεοῃ;
1206 1871 1240 1925 de
1261 1870 1372 1939 syllaba·
1409 1870 1529 1925 roduetu
1548 1874 1616 1926 unte

336 1939 352 2009 ό
371 1942 442 1995 cons.
461 1941 495 1995 N.
512 1958 630 2008 v15.5o,
649 1960 699 1994 vrri
713 1958 751 2009 ro,
771 1942 800 1996 P.
815 1962 843 1994 rx
858 1958 884 1996 re
902 1975 936 1982 —
955 1941 1110 2012 ἀμεύσεσθ’
1132 1944 1181 1998 (7¹2
1205 1940 1363 2012 ἀμεύσασθ’
1423 1941 1462 1997 0¹
1478 1975 1514 1982 -
1534 1941 1615 1997 ἔναν-

335 2011 411 2075 τίους
437 2013 461 2068 C
484 2045 516 2052 -
543 2017 585 2066 4⁷.
610 2011 781 2082 ἀμμνάσειεν
804 2030 838 2067 ex
862 2012 976 2068 scholiis
1000 2013 1127 2068 Schmid:
1151 2011 1188 2069 ἂν
1211 2012 1343 2082 μνάσειεν
1370 2012 1428 2068 01)
1451 2045 1484 2053 -
1510 2012 1615 2069 οἵαισιν

335 2084 467 2155 πολέμοιο
494 2083 564 2138 coni.
584 2083 704 2148 Heclrer,
730 2083 803 2147 οίαις
821 2084 872 2138 σόν
890 2084 955 2139 ποτ’
977 2085 1064 2139 iratos
1083 2084 1143 2154 ipse
1162 2084 1272 2139 tentavi
1291 2084 1616 2140 sitzb.d.b.Alr.1⁸ee

335 2174 362 2225 p.
382 2172 419 2210 uel
440 2187 474 2196 -
493 2160 536 2209 48.
559 2159 702 2224 παλάμαις
721 2155 818 2212 Trici:
842 2155 997 2226 παλάμαισι
1019 2157 1086 2223 01);
1113 2155 1240 2224 εὕρισκεν
1263 2153 1419 2226 παλάμαισι
1441 2159 1521 2211 θεῶν
1543 2156 1615 2211 coni,

336 2227 450 2281 Boeclrh
469 2258 503 2266 -
522 2231 564 2279 50.
585 2226 765 2294 Φιλοκτήτοιο
786 2228 841 2282 0²⁰
860 2260 893 2267 —

337 2368 403 2421 liter
421 2368 454 2421 N.
471 2386 508 2420 vn
524 2384 548 2421 u
563 2370 653 2421 artem
666 2368 759 2422 verbis
774 2369 857 2422 finem
875 2368 1050 2439 propositum
1069 2368 1237 2437 assequendi
1256 2386 1319 2422 cum
1337 2368 1428 2424 milite
1447 2368 1541 2424 iseulo
1556 2387 1615 2425 eco-

336 2457 403 2508 pum
422 2438 540 2492 feriente
560 2442 704 2508 comparui
720 2470 752 2479 -
768 2438 967 2509 χαλκοπάραον
981 2439 1100 2495 ἄκοντα·
1121 2440 1215 2495 aeneis
1230 2440 1311 2511 genis
1326 2444 1466 2495 armet-um
1481 2441 1614 2509 iaculum,

337 2509 417 2563 euius
436 2508 528 2580 cuspis
548 2527 636 2564 aeneu
656 2511 750 2564 aeneis
769 2510 862 2564 fibulis
882 2529 945 2565 eum
959 2511 1053 2581 ligneo
1068 2530 1115 2565 sce
1136 2528 1152 2565 o
1167 2511 1317 2567 coniuncte
1332 2515 1376 2566 est
1389 2544 1424 2553 -
1439 2511 1492 2578 ἔξω
1506 2513 1616 2582 ἀγῶνος

337 2584 432 2653 βαλεῖν
455 2581 564 2634 scholio
586 2580 808 2651 interpretentur
828 2582 906 2651 παρὰ
931 2583 1036 2637 σκοπὸν
1054 2583 1090 2652 μή
1111 2530 1217 2652 δίψαν·
1242 2586 1328 2651 atque
1350 2582 1532 2637 iaculationis
1552 2600 1612 2639 seo·

337 2671 403 2722 pum
427 2652 555 2705 disertim
578 2656 663 2722 poet-e
686 2657 886 2707 commemorat
908 2654 942 2708 N.
958 2674 986 2706 rx
1005 2670 1030 2707 55
1049 2652 1201 2720 ἀκοντίζων
1225 2663 1332 2709 σκοποῦ
1356 2654 1487 2725 ἄγχιστα,
1506 2656 1538 2710 0.
1553 2674 1571 2709 x
1590 2672 1613 2711 τι

338 2723 434 2777 άκοντι
459 2723 537 2777 έλασε
557 2721 674 2791 σκοπόν,
695 2724 725 2779 Ο,
741 2743 789 2776 rur
808 2741 834 2778 ur
852 2723 931 2791 παρὰ
954 2726 1060 2779 σκοπὸν
1084 2727 1116 2779 οὐ
1140 2726 1191 2797 χρὴ
1215 2724 1250 2779 τὰ
1274 2724 1356 2798 βέλεα
1378 2726 1541 2796 καρτύνειν·
1566 2726 1615 2782 sed

337 2813 400 2849 eum
423 2812 495 2863 quoe
519 2795 571 2849 hoe
594 2795 655 2849 loco
680 2797 832 2863 sequuntur
854 2796 942 2850 verbe
964 2795 1058 2865 μακρὰ
1081 2793 1179 2865 όίψαις
1202 2795 1361 2866 ἀμεύσασθ’
1386 2794 1501 2860 ἀντίους
1518 2800 1615 2868 aperte

337 2866 462 2921 indicent
484 2866 514 2920 in
537 2865 688 2920 iaculando
712 2884 774 2920 eum
797 2867 846 2936 qni
868 2867 1032 2939 longissime
1055 2868 1143 2922 telum
1167 2867 1272 2936 mittat,
1291 2885 1348 2922 non
1365 2866 1413 2937 qui
1433 2884 1551 2939 scopum
1569 2868 1614 2923 de·

337 2938 448 2993 finitum
466 2940 569 3006 tangat
587 2937 706 3006 vincere,
727 2938 777 3004 ἔξω
796 2939 905 3007 ἀγῶνος
924 2942 1019 3011 βαλεῖν
1037 2955 1093 2992 non
1113 2956 1175 2993 enm
1194 2939 1338 3009 intellego,
1357 2938 1406 3008 qui
1425 2956 1541 3010 scopum
1560 2957 1616 2995 nou

338 3009 474 3081 attigerit,
494 3010 543 3064 sed
562 3008 610 3078 qni
628 3027 690 3063 eum
705 3027 760 3064 non
775 3027 918 3079 quousque
933 3009 1038 3064 aemuli
1052 3009 1192 3065 iaculatus
1207 3009 1252 3078 sit,
1268 3010 1297 3063 iu
1312 3027 1426 3065 censum
1440 3028 1497 3066 non
1511 3010 1614 3066 reniet

338 3082 418 3146 Quod
435 3086 530 3136 nutem
549 3080 648 3137 ceteris
667 3080 736 3136 loeis
755 3085 841 3163 poeto
860 3082 894 3136 de
913 3099 997 3152 scopo
1012 3081 1157 3136 iecnlnndi
1175 3080 1307 3150 loquitur,
1327 3082 1369 3136 ilo
1387 3082 1566 3151 interpretor,
1584 3084 1617 3136 ut

338 3157 388 3207 eut
407 3154 462 3206 duo
481 3169 585 3223 genera
603 3152 784 3207 iaculatioms
803 3152 889 3207 fuisse
909 3156 959 3207 aut
997 3157 1090 3207 oetam
1108 3152 1237 3206 notiones
1256 3152 1353 3224 procul
1371 3151 1495 3208 inciendi
1514 3156 1545 3208 et
1558 3170 1614 3209 ecr-

337 3228 397 3278 tum
422 3226 505 3278 linem
528 3223 647 3278 feriendi
671 3223 834 3293 (Weitwurf
853 3225 910 3278 und
935 3172 1080 3291 Zielwurf)
1103 3224 1262 3278 confudisse
1287 3241 1411 3295 arguam.
1450 3224 1615 3295 Numquae

338 3295 476 3348 Martinus
495 3294 598 3362 Faber,
627 3295 694 3348 an
714 3294 857 3350 Fflnfkem
879 3295 893 3348 f
909 3295 958 3350 der
976 3294 1114 3350 Griechen
1132 3295 1243 3364 (Philol.
1260 3300 1327 3350 1891
1341 3314 1370 3378 p.
1385 3312 1425 3351 rro
1439 3299 1487 3366 ss.)
1506 3295 1615 3367 excogi-

338 3366 412 3419 tavit
437 3365 571 3433 artificia,
597 3369 630 3418 nt
654 3367 774 3419 eundem
800 3367 829 3419 et
854 3315 937 3436 ίόυμε
962 3365 1081 3420 iaculari
1107 3368 1136 3420 et
1159 3383 1273 3437 scopum
1296 3367 1379 3421 ferire
1398 3384 1481 3437 posse
1499 3370 1615 3435 teneret,

338 3436 422 3490 nimis
437 3438 503 3489 eunt
517 3440 620 3505 arguta
635 3469 667 3476 -
683 3442 724 3491 45.
744 3435 870 3500 ἀντίους
888 3437 1027 3507 αεωυλοε;
1046 3437 1111 3492 inde
1127 3440 1268 3492 certamen
1282 3440 1429 3507 poetarum
1444 3439 1481 3493 eb
1495 3438 1616 3495 Hierone

339 3507 500 3560 institutum
522 3507 734 3588 praemiumque
757 3508 863 3578 optimo
887 3508 1004 3563 eurmiui
1027 3508 1201 3579 propositum
1225 3526 1285 3564 esse
1309 3509 1441 3580 colligere
1465 3527 1551 3565 ausus
1573 3512 1616 3565 est

338 3579 421 3660 Leop.
437 3577 572 3644 Schmidt,
592 3577 686 3632 Leben
704 3578 823 3633 Pindaro
843 3596 894 3648 ειη
913 3579 989 3649 quod
1008 3584 1040 3633 ut
1059 3579 1229 3634 coniciamus
1248 3598 1305 3634 non
1324 3597 1393 3651 opus
1412 3597 1474 3636 esse
1492 3580 1617 3637 ostendit

340 3649 440 3703 sim1lis
458 3648 536 3703 locus
555 3649 589 3703 N.
604 3668 633 3702 ιν
647 3667 672 3705 σε
692 3682 724 3690 -
745 3656 787 3706 46.
807 3650 906 3705 schol:
926 3651 988 3705 ελθε
1007 3650 1069 3721 γάρ,
1088 3669 1184 3720 φησιν,
1204 3651 1218 3706 ό
1237 3661 1293 3714 πᾶς
1311 3650 1411 3722 χρόνος
1429 3652 1505 3725 αὐτῷ
1521 3652 1574 3721 τήν
1586 3670 1616 3707 τε

340 3718 523 3790 εὐδαιμονίαν
546 3722 594 3774 καὶ
617 3721 666 3775 τὸν
689 3725 810 3776 πλοῦτον
836 3720 880 3776 ἐπ’
903 3719 1018 3785 εὐθείας
1036 3721 1137 3793 ἀγάγοι
1156 3723 1201 3793 (cf.
1217 3723 1251 3776 N.
1266 3743 1286 3776 11
1302 3726 1325 3792 τ)
1344 3724 1392 3777 καλ
1409 3732 1466 3778 τῶν
1484 3722 1617 3794 καμάτων

88 3838 91 3847 .
153 3824 158 3847 ι
181 3772 212 3849 s·
231 3824 237 3837 ι
339 3802 393 3847 τῶν
412 3800 461 3859 τῆς
478 3789 626 3863 λιδουρίας
646 3790 769 3861 ἐπίλήσιν
788 3792 898 3864 ἀγάγοι,
917 3795 953 3857 ὡς
972 3793 1024 3864 ἐγὼ
1043 3794 1107 3856 τοὺς
1127 3793 1271 3857 ἐναντίους
1290 3803 1402 3864 νικήσαι
1419 3796 1577 3865 προσδοκῶ.

412 3868 525 3917 47—57.
544 3862 673 3918 laborum
692 3866 836 3933 (καμάτων
849 3883 875 3919 τ.
890 3868 928 3935 ιο)
947 3864 1210 3919 commemoratione
1229 3870 1314 3936 poete
1333 3865 1492 3935 adducitur,
1511 3868 1544 3920 ut
1562 3866 1617 3920 duo

339 3935 423 4002 bellu,
443 3934 545 4002 quibus
563 3935 648 3989 Hiero
671 3938 826 3989 castrorum
850 3935 961 3990 labores
984 3940 1013 3991 et
1050 3954 1069 3990 u
1109 3954 1189 3990 erum
1207 3954 1288 3991 cures
1307 3936 1417 3991 fortiter
1436 3936 1618 4005 sustinuerat,

340 4006 499 4060 accuratius
514 4006 637 4074 referret,
652 4006 757 4061 bellum
772 4009 871 4062 contre
880 4008 987 4062 Poenos
1002 3956 1049 4062 κδ’
1118 4024 1195 4062 ersm
1209 4011 1239 4062 et
1252 4007 1359 4062 bellum
1373 4010 1471 4063 contra
1485 4008 1618 4063 Etruscos

340 4078 376 4131 ad
400 4077 517 4131 Cumnm
540 4081 658 4148 gestum.
679 4111 712 4118 —
731 4084 773 4133 47.
798 4078 919 4133 felicitas
942 4082 1099 4149 temporum
1123 4081 1155 4132 ut
1177 4079 1304 4133 laborum
1331 4078 1504 4134 oblivionem
1529 4080 1618 4147 effert,

339 4148 381 4202 itu
404 4148 523 4219 glorium
544 4166 636 4203 rerum
659 4149 731 4204 bene
755 4154 897 4221 gesturum
921 4150 1034 4204 excitet.
1075 4148 1205 4220 Inprimis
1229 4150 1366 4205 hocloco
1389 4154 1475 4221 poeto
1493 4168 1618 4223 pugnem

340 4220 532 4274 Himerensem
560 4223 683 4290 spectet,
712 4238 768 4289 qna
795 4221 879 4275 Hiero
907 4221 1022 4290 eiusque
1050 4220 1137 4275 freter
1164 4221 1255 4275 maior
1277 4220 1345 4276 Gelo
1369 4221 1470 4276 Poenis
1498 4221 1617 4277 devictis

340 4291 447 4417 ltin
461 4292 799 4431 lltlllllusslll
819 4295 895 4418 ⁸13¹th
919 4292 1120 4420 λ’ἳίλῗΐῗλ
1140 4292 1175 4417 ’λ
1188 4292 1352 4418 Titiam
1368 4292 1619 4419 lllztltffltl

354 4390 361 4416 ι
801 4407 806 4418 .
898 4408 903 4418 .
988 4408 994 4429 ,
1132 4408 1137 4418 .
1179 4407 1184 4418 .
1280 4397 1353 4417 ·.-
1405 4408 1410 4419 .

339 4434 423 4489 rebus
446 4382 606 4504 praecellere
629 4438 791 4503 praesentes
815 4434 915 4489 iisdem
955 4434 1082 4490 articulis
1101 4384 1219 4506 offrponit
1238 4438 1322 4504 utque
1341 4436 1370 4489 iu
1389 4386 1533 4505 prooemio
1549 4385 1618 4490 ’δίεν

340 4538 373 4546 —-
388 4505 441 4560 τάν
454 4504 625 4572 Φιλοκτήταο
640 4503 736 4559 δίκαν·
752 4505 858 4559 bellum
871 4523 922 4587 pro
934 4454 1066 4561 gumarii
1081 4511 1178 4561 contra
1193 4507 1325 4561 Etruscos
1340 4506 1460 4561 feliciter
1475 4507 1617 4577 auspiciis,

340 4595 396 4631 non
415 4578 501 4630 (luctu
520 4575 594 4643 regis
608 4576 790 4647 profligatum
805 4577 954 4647 significet,
973 4595 1029 4646 quo
1048 4578 1176 4632 debello
1196 4578 1335 4633 Diodorus
1353 4598 1381 4631 ur
1400 4594 1438 4633 51:
1454 4576 1549 4646 Ἱέρων
1568 4577 1618 4649 μὲν

342 4648 500 4722 δβασιλεὺς
518 4657 572 4702 τῶν
587 4644 777 4716 Συρακοσίων,
797 4649 1033 4719 παραγενομένων
1051 4648 1121 4717 πρὸς
1140 4649 1227 4703 αι’·τδν
1245 4649 1387 4723 πρέσβεων
1406 4649 1436 4704 ἐκ
1456 4651 1521 4719 Κόμ
1539 4671 1555 4714 ς
1571 4657 1619 4718 τῆς

337 4717 456 4782 Ἰταλίας
468 4720 516 4773 καὶ
526 4718 666 4788 δεομένων
681 4721 821 4791 βοηθῆσαι
838 4719 1055 4846 πολεμουμίνοις
1068 4720 1123 4774 ὑπὸ
1140 4724 1292 4788 Τυρρηνῶν
1305 4724 1619 4789 θαλαττοκρατοοντον,

341 4790 498 4860 ἐξέπεμψεν
516 4791 612 4854 αὐτοῖς
630 4787 789 4860 συμμαχίαν
812 4790 933 4859 τριήρεις
967 4790 1069 4859 κανάς,
1093 4790 1119 4845 ολ
1138 4788 1169 4845 δὲ
1188 4800 1244 4845 τῶν
1262 4800 1333 4845 νεῶν
1351 4791 1458 4845 τούτων
1477 4790 1619 4863 ἡγεμόνες,

343 4861 439 4933 ἐπειδὴ
458 4859 655 4932 παρέπλευσαν
673 4861 743 4930 πρὸς
758 4863 824 4925 τοὺς
840 4863 1009 4933 Τυρρηνοός,
1027 4862 1131 4926 πολλὰς
1148 4860 1179 4916 δέ
1198 4870 1269 4925 ναῦς
1287 4863 1380 4917 αὐτῶν
1398 4860 1620 4932 διαφθείραντες
