3442 5550
297 377 363 442 286
768 381 916 432 erucam
935 380 1101 431 errulum.

317 560 332 607 ὁ
352 542 557 628 ἀναπνέομεν
576 540 641 605 -δ’
666 542 727 626 οὐχ
751 543 891 619 ἅπαντες
914 540 966 608 ἐπὶ
988 544 1081 607 ίίσα·

352 656 453 736 είργει
476 646 513 714 δέ
535 653 648 737 πότμφ
673 648 841 731 ζυγένθ’·
860 647 973 735 ἕτερον
995 647 1098 734 ἕτερα.
1144 651 1209 714 σὺν
1232 646 1268 714 δὲ
1292 647 1346 714 τίν

352 756 407 823 καὶ
430 768 506 835 παῖς
529 756 547 823 ὁ
573 760 777 842 Θεαρίω-νος
799 755 899 842 ἀρετᾷ
922 754 1051 842 κριθεὶς

356 863 489 942 εὔδοξος
512 863 686 931 ἀείδεται-
707 861 863 947 Σωγένης
884 863 964 947 μετά
987 861 1211 941 πενταέθλοις.

351 1064 450 1127 πόλιν
472 1060 535 1147 γάρ
560 1063 769 1144 φιλόμολπον
791 1061 890 1126 οί-κεῖ
909 1060 1120 1146 δορικτύπων

301 1183 333 1231 10
353 1168 531 1233 Αἰακιδᾶν·
555 1167 641 1251 μάλα
664 1165 697 1230 δ’
723 1164 873 1232 έδίλοντι
896 1168 978 1252 σύμ-

396 1296 511 1360 πειρον
534 1273 661 1360 ἀγωνίᾳ
680 1314 693 1322 -
711 1273 824 1358 θυμὸν
847 1271 1019 1358 ἀμφέπειν.

354 1384 385 1446 εί
406 1377 442 1445 δὲ
465 1382 547 1467 τύχη
570 1404 620 1457 τις
643 1381 780 1465 ἔρ-δων,
804 1379 978 1465 μελίφρον’
1004 1382 1114 1446 αίτίαν

352 1489 463 1574 ῥοαῖσι
486 1492 638 1553 Μοι-σᾶν
661 1485 807 1571 ἐνέβαλε·
831 1485 884 1552 ταὶ
907 1488 1045 1572 μεγάλαι
1068 1488 1131 1572 γὰρ
1155 1484 1251 1553 ἀλκαὶ

352 1598 471 1661 σκότον
493 1596 601 1659 πολὺν
623 1594 754 1679 ύμ-νων
777 1596 886 1679 ἔχοντι
910 1594 1076 1679 δεόμεναι·

351 1705 460 1786 ἔργοις
483 1698 520 1766 δέ
542 1705 656 1776 καλοῖς
678 1703 855 1787 ἔσοπ-τρον
879 1707 994 1786 ίσαμεν
1017 1698 1067 1766 ἑνί
1090 1703 1154 1766 σὺν
1177 1704 1303 1789 τρόπω,

302 1810 384 1873 leel
405 1809 634 1892 Μναμοσύνας
656 1806 760 1872 ἕκα-τι
785 1808 1035 1894 λιπαράμπυκος

351 1915 485 2001 εὕρηται
508 1917 630 1980 ἀποινα
652 1918 806 2000 μόχύων
827 1920 963 1992 κλυταῖς
985 1913 1090 1980 έπέων
1112 1915 1250 1992 ἀοιδαῖς.

352 2109 452 2196 σοφοὶ
475 2107 513 2175 δὲ
535 2109 712 2196 μέλ-λοντα
736 2123 900 2197 τριταῖ-ον
923 2113 1045 2197 ἀνεμον

351 2221 493 2303 ἔμαθον,
516 2218 595 2283 οὐδ’
618 2217 683 2283 ὑπὸ
706 2217 831 2303 κέρ-δει
854 2217 990 2304 βλάβεν·

354 2324 477 2409 ἀφνεὸς
499 2328 654 2411 πενιχρός
671 2367 684 2374 -
703 2349 738 2390 τε
760 2325 911 2391 θανάτου
935 2324 1036 2412 πέρας

274 2564 279 2573 ¹
370 2506 395 2555 5.
415 2496 592 2570 ἀναπλέομευ
611 2500 682 2554 coni.
701 2500 879 2555 Bornemann
897 2533 930 2541 -
951 2507 975 2554 6.
994 2498 1099 2571 πότμος
1117 2501 1147 2555 D
1166 2533 1199 2541 —
1218 2497 1332 2570 ζυγένθ’
1355 2499 1426 2556 coni.
1446 2498 1575 2554 Schmid:

298 2568 415 2644 ζυγένθ’
434 2571 495 2625 BD
509 2603 542 2611 -
557 2577 581 2626 8.
597 2570 709 2637 ἔνδοξος
723 2571 753 2625 D
767 2604 801 2611 —
814 2571 963 2626 πενταέδλ.
979 2572 1061 2642 Byz.:
1082 2571 1218 2626 πεντάθλ.
1234 2573 1261 2626 Β
1266 2572 1296 2626 1)
1311 2603 1343 2611 —-
1359 2576 1383 2625 9.
1398 2570 1577 2640 δορικτύπων

297 2645 355 2698 13⁸2
375 2639 544 2710 δορίκτυπον
559 2643 679 2712 (δορύκτ.
695 2643 734 2711 D)
749 2642 790 2697 13¹
801 2644 830 2697 D
849 2674 881 2682 -
903 2650 943 2697 10.
962 2641 1085 2712 ἀγωνίας
1099 2642 1169 2698 ooni.
1184 2642 1315 2714 Hartung
1329 2672 1362 2682 —
1382 2647 1423 2696 12.
1444 2639 1577 2715 ἐνέβαλεν

299 2731 333 2768 ex
352 2714 438 2769 schol.
459 2713 585 2769 Schmid:
610 2713 690 2786 ἔβαλε
710 2715 775 2769 BD
792 2746 827 2754 —
845 2715 891 2768 ταί
909 2716 937 2768 Β
957 2745 988 2754 -
1009 2711 1101 2784 ῥοαῖσι
1120 2715 1214 2770 codd:
1233 2723 1335 2777 πνοαῖς
1352 2731 1423 2767 unus
1443 2730 1477 2768 ex
1496 2712 1576 2768 acho-

299 2785 375 2840 liast'
410 2818 445 2826 —
465 2790 506 2840 13.
532 2783 631 2855 δέομαι
649 2786 678 2839 D
698 2816 731 2826 -
752 2791 792 2839 15.
812 2805 895 2856 μνημ.
915 2787 982 2841 BD
1003 2818 1037 2825 —
1063 2792 1103 2840 16.
1128 2783 1243 2855 εὓρηται
1262 2784 1313 2840 ἀπ’
1332 2784 1576 2840 coniflermamr:

300 2855 982 3000 ἶδλῖῗιλῖιίέίῗῗοῗῧίίσῖῒῗῖιὲδδά.
994 2888 1035 2968 ’-
1047 2856 1219 2999 illle
1231 2858 1309 2983 ll
1324 2855 1578 2996 λδέἓέίιῖίλὲί

300 3008 374 3071 σᾶμα
392 3000 421 3055 Β
431 3001 461 3055 D
480 3031 513 3039 -

299 3128 352 3193 est,
370 3127 403 3178 ut
421 3125 441 3178 l.
456 3143 505 3178 vm
519 3138 544 3178 οε
561 3156 592 3164 -
608 3125 656 3177 καί
675 3132 748 3192 παῖς,
768 3126 800 3177 ut
819 3123 893 3193 aliis,
908 3124 948 3179 sio
965 3124 1052 3179 etiam
1069 3124 1127 3179 filio
1142 3123 1308 3179 Thoarionis
1326 3123 1363 3178 ab
1382 3123 1499 3207 Ilithyia
1517 3140 1578 3179 sors

300 3196 445 3251 ‹lesdnate
471 3197 544 3263 erat,
571 3194 652 3264 eique
678 3211 723 3264 ee,
750 3197 782 3249 ut
806 3195 911 3250 virtute
938 3195 1088 3250 distinctus
1112 3196 1188 3250 bona
1211 3196 1288 3249 lama
1310 3198 1372 3250 ete
1393 3195 1471 3250 inicii
1491 3194 1577 3250 laude

299 3268 410 3323 floreret
431 3300 461 3307 —-
482 3274 506 3321 6.
533 3266 629 3336 εἴργει·
654 3265 809 3337 composito
828 3265 943 3337 διείργει
962 3266 992 3321 in
1010 3265 1096 3321 simili
1116 3268 1256 3321 sententia
1274 3269 1359 3336 poeta
1406 3312 1411 3322 .
1431 3285 1459 3320 vr
1478 3283 1491 3321 a
1508 3283 1578 3321 usus

301 3342 345 3394 est
363 3371 398 3379 —
418 3343 442 3393 8.
463 3335 605 3407 Σωγένης·
626 3337 663 3390 ad
682 3338 883 3407 etymologiam
901 3338 984 3392 huius
1002 3338 1133 3407 nominis,
1152 3354 1224 3407 quae
1244 3337 1344 3392 similis
1359 3337 1441 3392 latini
1455 3338 1578 3393 nominis

301 3409 427 3464 Bonifati
446 3413 496 3476 ert,
516 3411 601 3478 poeta
621 3408 745 3463 alludere
765 3408 929 3463 videtur-
949 3416 989 3464 10.
1009 3409 1161 3479 σύμπειρον
1180 3411 1302 3478 ἀγωνία·
1323 3409 1435 3464 dativus
1455 3426 1489 3464 ex
1508 3427 1579 3464 ana-

300 3481 378 3552 logia
401 3485 557 3535 ceterorum
582 3479 724 3534 nominum
749 3498 813 3535 cum
831 3480 1000 3606 praeverbio
1021 3483 1070 3535 σὺν
1090 3464 1318 3551 compositorum,
1343 3483 1374 3534 ut
1392 3478 1530 3551 συγγόνου
1549 3485 1581 3536 et

302 3554 462 3623 συμφώνου,
482 3554 633 3621 usurpatus
652 3555 742 3606 est-
760 3559 800 3606 11.
816 3570 828 3607 ε
859 3570 883 3607 o.
899 3551 968 3607 coni.
983 3569 1034 3622 pro
1054 3551 1104 3606 έδιν
1122 3569 1145 3607 c.
1161 3551 1231 3606 coni.
1246 3552 1283 3605 ad
1302 3551 1445 3622 exemplar
1462 3551 1580 3608 Homeri

301 3623 440 3678 Pindarus
460 3638 544 3692 saepe
562 3622 664 3688 utitur3
684 3623 718 3678 of.
734 3622 765 3678 Ο.
781 3642 818 3677 vu
837 3640 849 3679 ε
868 3626 897 3678 ct
915 3623 990 3679 Ιοοοε
1008 3623 1050 3677 ibi
1069 3624 1185 3689 allatos;
1205 3623 1251 3677 hio
1269 3623 1340 3677 haec
1358 3623 1530 3678 constructio
1544 3640 1579 3679 eo

301 3694 412 3750 facilior
431 3697 499 3762 erat,
519 3693 594 3762 quod
613 3693 797 3763 praeteritum
817 3692 929 3769 ἐνέβαλε
944 3712 1006 3749 cum
1016 3695 1045 3748 vi
1059 3694 1182 3764 gnomici
1197 3693 1296 3748 coristi
1310 3694 1474 3748 adiunctum
1488 3696 1534 3748 eat
1543 3727 1580 3736 -

300 3766 385 3838 τύχη·
411 3767 495 3820 finem
519 3782 600 3819 suum
623 3770 801 3835 assequatur,
827 3769 860 3820 ut
883 3766 913 3821 0.
933 3785 954 3820 11
973 3781 1006 3821 eo.
1035 3766 1064 3820 P.
1083 3786 1114 3819 nr
1135 3783 1173 3821 ιοι
1192 3799 1224 3806 -
1245 3771 1286 3820 12.
1307 3762 1411 3835 ῥοαῖσι·
1437 3765 1471 3820 cf.
1492 3784 1518 3822 v.
1538 3782 1580 3832 τις

301 3837 458 3892 orationem
483 3854 546 3891 cum
571 3836 684 3890 flumine
708 3837 795 3891 etiam
820 3839 963 3907 pedestres
989 3837 1138 3907 scriptores
1164 3840 1329 3907 comparant
1352 3869 1385 3877 —
1410 3843 1452 3892 13.
1476 3835 1580 3892 σκότον

302 3908 405 3979 ἔχοντι·
427 3908 551 3962 tenebris
569 3912 733 3978 premuntur
751 3908 862 3977 hymnis
881 3912 1021 3976 carentes;
1045 3909 1079 3963 cf.
1100 3908 1184 3979 Soph.
1203 3908 1235 3962 ir.
1252 3924 1339 3975 ranae
1358 3909 1376 3978 η
1395 3907 1423 3962 δ’
1445 3909 1579 3983 εὐλάβεια

302 3977 401 4034 σκότον
422 3979 477 4050 ἔχει
496 3977 566 4033 καθ’
585 3978 706 4035 Ἑλλάδα
720 3986 811 4033 -14,
831 3981 978 4048 ἔσοπτρον·
998 3980 1112 4050 specula
1131 3997 1165 4034 ex
1183 3996 1246 4035 aere
1265 3980 1342 4035 facta
1360 3980 1418 4033 iam
1432 3983 1494 4034 tum
1507 3984 1580 4035 tem·

300 4051 389 4122 poris,
415 4055 448 4104 ut
472 4050 557 4105 etiam
586 4051 806 4122 archaeologicis
833 4069 867 4106 ex
894 4051 1007 4106 indiciis
1036 4055 1160 4119 constat,
1185 4051 1214 4105 in
1240 4069 1291 4105 usu
1318 4050 1461 4106 cotidiano
1487 4056 1579 4121 erant,

300 4122 403 4192 quibus
434 4121 552 4192 pulchra
582 4138 699 4192 corpora
729 4124 941 4178 ostenderentur
973 4123 1057 4177 sicuti
1089 4123 1259 4177 carminibus
1287 4122 1405 4193 pulchra
1432 4122 1512 4178 facta
1544 4156 1579 4164 -

302 4199 343 4250 lt.
363 4193 567 4263 Μναμοσύνας·
595 4193 723 4264 apposite
742 4194 776 4248 de
799 4211 899 4250 norem
919 4195 1006 4248 Musis
1025 4195 1236 4264 Mnemosynam
1254 4193 1300 4248 hic
1320 4197 1528 4262 commemorat,
1546 4198 1580 4249 ut

301 4281 374 4334 quae
394 4282 411 4318 a
429 4264 564 4319 memoria
582 4265 697 4336 (μνήμη)
716 4283 817 4321 nomen
835 4266 965 4333 traxerit;
984 4283 1047 4320 cam
1066 4264 1266 4336 λιπαράμπυκα
1286 4265 1368 4334 dicit,
1387 4266 1463 4334 quod
1480 4265 1579 4320 Musas

302 4336 424 4391 artifices
435 4335 563 4390 candidis
578 4336 686 4390 coronis
701 4340 815 4393 ornatas
830 4337 973 4409 ponebant
987 4368 1019 4377 -
1036 4343 1077 4391 16.
1089 4336 1178 4391 ἐπέων
1193 4338 1312 4404 ἀοιδαῖς,
1327 4337 1449 4391 carmine
1464 4335 1579 4408 logaoe-

251 4471 254 4477 ,
302 4407 373 4476 dico,
389 4424 446 4462 non
460 4407 530 4461 assis
545 4407 624 4461 tibiis
638 4408 776 4463 fidibusne
792 4442 825 4450 -
842 4415 882 4466 17.
900 4412 933 4464 ut
945 4409 1095 4479 prudentes
1111 4412 1279 4463 mercatores
1294 4426 1357 4463 cum
1371 4425 1452 4463 casus
1465 4409 1579 4464 futurae

303 4483 361 4534 tem
382 4478 481 4534 estatis
491 4478 676 4549 praevideant
685 4483 770 4547 atque
780 4480 900 4551 fugiant,
910 4498 966 4534 non
975 4497 1042 4551 prae
1052 4479 1208 4551 cupiditate
1218 4482 1352 4549 quaestus
1366 4480 1486 4534 salutem
1501 4481 1580 4534 vitae

300 4499 1001 4692 srlelllerueermaucssric
1017 4551 1579 4693 ιιιιοσκῑιιιιεελϊςκι

301 4708 334 4746 ex
363 4692 481 4761 Polybio
511 4694 544 4746 de
568 4693 677 4763 Liparis
701 4692 801 4747 insulis
824 4695 892 4750 haec
916 4693 1099 4749 referentem:
1126 4691 1371 4763 προσημαίνεσδαι
1394 4696 1441 4747 καί
1464 4694 1515 4748 τὸν
1540 4695 1579 4757 είς

302 4762 409 4833 ἡμέραν
423 4762 518 4832 τρίτην
536 4765 621 4819 πάλιν
640 4762 773 4834 μέλλοντα
793 4766 899 4837 ἄνεμον
916 4774 999 4820 πνεῖν
1014 4796 1049 4805 -
1064 4771 1105 4819 19.
1123 4763 1254 4820 θάνατον
1272 4763 1360 4835 πέρας
1378 4765 1436 4836 ἀμα
1455 4765 1578 4833 νέονται,

304 4835 402 4889 mortis
422 4836 458 4889 ad
477 4835 627 4890 terminum
646 4853 741 4891 omnes
760 4852 816 4891 una
834 4837 967 4902 tendunt3
986 4834 1191 4890 cf.Hor.G,111
1210 4856 1230 4906 r,
1245 4853 1271 4892 ra
1289 4854 1366 4892 ουιιιε
1383 4854 1475 4906 capax
1492 4845 1579 4894 ωουιῖ
