3442 5550
217 420 283 483 432
776 423 924 475 PINDARI

219 584 467 668 “μελιρρόθων
492 586 650 669 ίάνθέων
678 589 744 647 add.
768 582 902 671 Boeckh)
927 582 956 649 δ’
980 588 1100 650 ἕπεται
1127 587 1327 669 πλόκαμοι”
1352 589 1419 652 ἀντὶ
1446 601 1497 653 τοῦ

219 676 353 738 ἕπονται·
376 676 426 737 καὶ
449 673 588 758 ((διήγετο
612 673 740 758 σάρκες”
763 676 829 738 ἀντὶ
847 689 899 738 τοῦ
919 679 1064 759 διήγοντο.
1088 675 1220 760 Ὅμηρος
1244 679 1313 759 „ccl
1337 680 1376 759 δή
1402 682 1498 762 δοῦρα

219 764 327 845 σέσηπε
349 765 399 826 καὶ
422 766 535 845 σπάρτα
558 764 710 827 λέλυνταιι(
734 765 800 828 ἀντὶ
823 778 875 829 τοῦ
899 768 1067 847 σεσήπασιν.
1106 770 1190 831 Oonf.
1213 771 1248 829 fr.
1273 782 1324 830 239
1349 776 1382 831 et
1404 772 1496 832 schol

218 856 358 917 Philostr.
382 879 410 934 p.
432 868 480 916 193
505 857 548 916 ed.
568 857 658 932 Kaya.

760 986 821 1043 εει
847 976 951 1063 [123]

307 1091 355 1150 El.
379 1091 417 1148 M.
442 1101 502 1168 277,
527 1102 574 1148 39:
598 1089 759 1162 Διόνυσος·
786 1139 792 1149 .
818 1139 823 1150 ,
849 1139 854 1149 .
879 1091 910 1152 ol
931 1087 962 1151 δέ
986 1088 1044 1151 ἀπὸ
1067 1100 1120 1151 τοῦ
1144 1089 1216 1163 Διὸς
1238 1088 1288 1151 καί
1310 1099 1364 1170 τῆς
1388 1092 1498 1170 Νύσης

217 1187 270 1239 τοῦ
290 1175 379 1258 όρους
398 1175 583 1258 ὠνομάσθαι,
603 1177 665 1239 ἐπεὶ
682 1177 715 1239 ἐν
734 1180 827 1265 τούτῳ
845 1177 1005 1260 ἐγεννήθη,
1024 1178 1064 1252 ὡς
1084 1181 1246 1260 Πίνδαρος,
1264 1179 1315 1240 καί
1333 1179 1497 1261 ἀνετράφη.

760 1343 823 1401 τεο
849 1335 953 1421 [124].

307 1447 387 1505 Plul.
407 1447 443 1505 de
467 1447 546 1505 adul.
567 1451 597 1506 el
619 1447 704 1507 amic.
723 1447 850 1507 discrim.
871 1460 919 1506 εῖτ
943 1446 1027 1531 εύδίγ
1050 1447 1106 1528 γὰρ
1129 1446 1229 1529 ἐπάγει
1247 1448 1338 1526 νέφος
1363 1446 1379 1508 ὁ
1403 1459 1498 1510 κινῶν

217 1533 250 1596 έν
278 1535 383 1619 παιδιᾷ
410 1534 460 1595 καί
489 1536 698 1621 φιλοφροσύνῃ
728 1535 815 1616 λόγον
846 1533 943 1617 ὀφρύν
974 1535 1152 1597 ἀνασπῶντα
1181 1537 1231 1598 καὶ
1261 1532 1442 1599 συνισῖἀντα
1465 1539 1497 1599 τὸ

218 1624 394 1705 πρόσωπον,
425 1625 520 1705 ὥσπερ
551 1622 792 1704 ἀντιταττόμενον
822 1631 861 1709 τῷ
885 1626 992 1712 Λυαίῳ
1024 1632 1086 1711 θεῷ
1113 1625 1163 1687 καλ
1191 1623 1330 1688 (λύοντι
1360 1628 1397 1688 τδ
1428 1638 1498 1689 τῶν

219 1714 433 1795 δυσφρόνων
456 1715 606 1776 σκύνιον
631 1708 806 1796 (δυσφόρων
824 1715 957 1794 σχοινίον
975 1716 1067 1796 codd,
1086 1738 1141 1777 em.
1160 1710 1282 1799 Nauck)
1306 1714 1498 1798 μεριμνᾱν’

218 1803 291 1864 κατὰ
315 1803 478 1885 Πίνδαρον.

664 1934 725 1991 249
752 1925 839 2010 [153.
866 1933 937 1991 τεο.
964 1925 1050 2009 13η.

311 2037 408 2096 Schcl.
431 2036 466 2095 Il.
492 2038 521 2095 Φ
545 2048 609 2095 194:
637 2032 784 2114 Ἡρακλῆς
816 2036 858 2108 εἰς
891 2032 967 2119 ᾅδου
1000 2035 1151 2097 κατελθὼν
1183 2035 1231 2097 ἐπὶ
1262 2036 1314 2098 τὸν
1347 2035 1498 2118 Κέρβερον

220 2122 357 2204 συνέτυχε
386 2124 549 2209 Μελεάγρῳ
580 2131 619 2209 τῷ
651 2123 777 2203 Οἰνέως,
809 2118 846 2186 ού
877 2124 926 2185 καί
959 2123 1119 2204 δεηθέντος
1151 2134 1243 2206 γήμαι
1274 2126 1330 2204 τήν
1361 2124 1498 2204 ἀδελφήν

222 2214 414 2295 Δηϊάνειραν,
436 2211 609 2274 ἐπανελθὼν
633 2214 674 2287 εἰς
697 2223 762 2290 φῶς
785 2213 925 2274 ἔσπευσεν
948 2214 990 2287 εἰς
1014 2215 1162 2275 Αἰτωλίαν
1185 2215 1259 2295 πρὸς
1280 2213 1385 2276 Οἰνέα·
1408 2240 1497 2276 κατα-

220 2302 320 2383 λαβὼν
344 2300 375 2363 δὲ
399 2304 635 2383 μνηστευόμενον
658 2302 712 2382 τήν
734 2304 828 2384 κόρην
848 2298 988 2388 Ἀχελῷον
1011 2303 1063 2364 τὸν
1084 2304 1209 2382 πλησίον
1228 2304 1371 2384 ποταμόν,
1395 2306 1497 2366 διεπά-

219 2397 320 2452 λαισεν
344 2391 422 2476 αύτῷ
446 2394 556 2472 ταύρου
580 2392 701 2473 μορφήν
720 2391 826 2473 ἔχοντι·
850 2385 887 2454 ού
905 2392 955 2453 καὶ
973 2391 1148 2466 ἀποσπάσας
1167 2393 1198 2454 τδ
1217 2392 1315 2475 ἕτερον
1334 2404 1394 2455 τῶν
1412 2395 1497 2473 κερά-

220 2504 278 2542 των
306 2480 390 2561 έλαβε
417 2479 472 2558 τήν
500 2481 666 2561 παρθένον·
695 2482 769 2559 φασὶ
797 2480 828 2543 δέ
855 2481 946 2543 αὐτόν
972 2477 1112 2567 Ἀχελῷον
1140 2481 1220 2564 παρὰ
1245 2477 1422 2562 Ἀμαλθείας
1445 2493 1496 2562 τῆς

216 2564 361 2632 ’.Ωκεανοῦ
390 2569 475 2649 κέρας
503 2571 630 2651 λαβόντα
658 2571 764 2631 δοῦναι
791 2578 831 2654 τῷ
851 2567 991 2651 Ἡρακλεῖ
1009 2571 1058 2633 καί
1081 2572 1113 2633 τὸ
1137 2570 1218 2634 ἴδιον
1241 2571 1404 2653 ἀπολαβεῖν
1428 2624 1433 2632 .
1460 2621 1466 2632 .
1489 2617 1497 2631 .

219 2656 239 2738 ή
263 2661 375 2742 ίστορία
404 2658 484 2739 παρὰ
514 2660 656 2744 Πινδάρῳ
686 2694 726 2702 -
759 2662 856 2721 Schol.
879 2662 914 2720 Il.
941 2663 966 2722 Θ
989 2673 1054 2722 368ε
1092 2662 1244 2742 Πίνδαρος
1275 2672 1350 2743 γοῦν
1383 2661 1497 2731 ἑκατόν,

217 2745 355 2822 Ἡσίοδος
371 2746 402 2809 δέ
416 2747 599 2827 πεντήκοντα
614 2747 688 2828 ἔχειν
703 2749 794 2811 αὐτὸν
808 2745 988 2833 (Κέρβερον)
1003 2751 1133 2828 κεφαλάς
1148 2769 1249 2830 φησιν.
1280 2752 1363 2812 Idem
1378 2772 1496 2812 carmen

221 2841 364 2916 respicere
387 2839 507 2900 videtur
530 2840 699 2899 Tertullian
722 2841 758 2900 de
782 2861 840 2901 cor.
863 2841 925 2900 mil.
952 2853 979 2900 7:
1008 2841 1151 2901 Hercules
1175 2861 1254 2900 nuuc
1277 2843 1426 2918 populum
1447 2860 1495 2899 cu·

221 2930 283 3005 pita
306 2930 452 3007 praefari,
479 2948 558 2988 nuuc
582 2930 756 3008 oleastrum,
784 2950 863 2988 nunc
887 2931 998 3007 apium.
1046 2930 1145 2990 Habes
1168 2931 1355 3009 tragoediam
1379 2929 1497 2990 Cerberi

219 3019 310 3078 habes
335 3012 418 3098 (fort.
437 3038 528 3094 penes
551 3020 600 3078 vel
623 3012 719 3100 apud)
742 3019 905 3078 Pindarum
924 3023 1015 3096 atque
1035 3020 1261 3097 Callimachum,
1282 3021 1334 3096 qui
1353 3026 1385 3079 et
1403 3019 1496 3097 Apol-

221 3109 311 3167 linem
326 3111 472 3168 memorat
486 3108 642 3168 interiecto
653 3109 799 3185 Delp'hicu
814 3109 940 3169 macone
955 3110 1090 3169 lauream
1104 3110 1235 3169 induisse
1251 3129 1312 3186 qua
1323 3110 1496 3186 supplicem.

760 3272 823 3329 250
865 3273 951 3330 135.

310 3376 397 3433 Paus
418 3394 437 3434 v
462 3387 504 3454 14,
529 3387 558 3434 6:
581 3369 704 3460 Ἀλφειῷ
728 3373 778 3436 καὶ
798 3264 942 3455 ’Λράέμιδά
963 3376 1094 3437 θύουσιν
1118 3368 1254 3458 (Ἠλεῖοι)
1277 3373 1326 3435 έπλ
1349 3374 1417 3448 ἕνὸς
1440 3376 1497 3454 βω

221 3472 292 3543 μοῦ·
316 3463 348 3524 τό
373 3461 403 3523 δέ
427 3463 523 3524 αἴτιον
547 3465 652 3525 τούτου
675 3463 863 3544 παρεδήλωσε
886 3463 939 3543 μέν
962 3487 1021 3526 που
1045 3464 1094 3526 καί
1119 3466 1271 3544 Πίνδαρος
1293 3463 1326 3525 έν
1351 3459 1424 3549 ᾠδή.

763 3629 822 3687 251
849 3619 953 3705 [139]

310 3732 431 3792 Servius
454 3733 491 3791 ad
515 3734 603 3811 Verg.
628 3733 734 3811 Georg.
758 3752 769 3790 1
794 3745 840 3791 14:
870 3733 1018 3791 Pindarus
1042 3780 1048 3791 .
1074 3782 1080 3793 .
1105 3780 1111 3792 .
1135 3752 1202 3793 eum
1226 3726 1429 3814 (Aristaeum)
1453 3733 1495 3791 ait

221 3821 257 3879 de
281 3822 341 3880 Cea
363 3822 462 3881 insula
485 3823 516 3880 in
540 3822 700 3881 Arcadiam
723 3822 866 3900 migrasse
891 3821 991 3898 ibique
1015 3823 1109 3882 vitam
1133 3824 1268 3882 coluisse.
1312 3822 1390 3881 Nam
1417 3822 1495 3899 apud

221 3911 350 3969 Arcades
375 3932 428 3987 pro
452 3912 522 3970 Iove
546 3912 663 3988 colitur,
688 3912 768 3987 quod
791 3913 905 3987 primus
928 3913 1092 3971 ostenderit
1115 3912 1246 3989 qualiter·
1268 3930 1339 3988 apes
1368 3912 1497 3971 debeant

220 4000 361 4075 reparari.
409 4002 491 4060 conl:
515 4001 548 4059 P.
573 4020 603 4058 τε
628 4011 669 4059 64.

762 4146 825 4204 252
851 4136 954 4222 [145]Ι

310 4245 422 4328 [Schol.
442 4250 541 4326 Apoll.
561 4251 653 4310 Rhod.
674 4262 766 4309 [1477
788 4244 850 4331 (Et.
870 4251 909 4308 M.
930 4261 971 4327 75,
991 4248 1053 4326 3⁶2):
1076 4250 1185 4327 Χάρων
1205 4247 1236 4308 δέ
1256 4247 1497 4329 ὃΛαμψακηυός

221 4337 341 4417 ἵστορεῖ,
369 4336 410 4411 ὡς
437 4336 494 4417 ἀρα
518 4332 628 4410 Ῥοῖκος
652 4339 836 4418 θεασάμενος
861 4338 935 4417 δρῦν
960 4338 1030 4398 ὅσον
1054 4336 1091 4398 ού
1114 4361 1160 4400 πω
1184 4337 1347 4419 μέλλουσαν
1370 4337 1419 4399 ἐπὶ
1442 4348 1496 4419 γῆς

219 4427 451 4507 καταφέρεσθαι,
479 4427 635 4507 προσέταξε
662 4434 723 4500 τοῖς
751 4427 854 4488 παισὶν
882 4426 1073 4508 ύποστηρίξαι
1096 4429 1214 4506 ταύτην.
1251 4424 1270 4506 ή
1296 4426 1327 4487 δὲ
1353 4428 1496 4508 μέλλουσα

220 4519 461 4597 συμφθείρεσθαι
480 4527 514 4601 τή
535 4518 606 4598 δρυῒ
623 4518 726 4596 νύμφη
746 4515 885 4577 ἐπιστᾶσα
903 4523 943 4601 τῷ
958 4513 1057 4602 Ῥοίκῳ
1071 4518 1155 4597 χάριν
1170 4515 1224 4596 μέν
1239 4515 1368 4594 ἔφασκεν
1386 4515 1496 4578 εἰδέναι

220 4603 293 4685 ὑπὲρ
317 4617 368 4685 τῆς
392 4606 552 4687 σωτηρίας,
575 4605 729 4686 ἐπέτρεπεν
753 4604 783 4666 δὲ
808 4606 986 4685 αἰτήσασθαι
1010 4606 1052 4666 ότι
1075 4608 1221 4684 βούλοιτο.
1263 4604 1303 4678 ὡς
1327 4604 1359 4666 δέ
1384 4605 1496 4679 ἐκεῖνος

220 4692 305 4772 ήξίου
337 4694 531 4776 συγγενέσθαι
561 4695 651 4779 αὐτή,
681 4693 819 4775 ὑπέσχετο
850 4696 956 4755 δοῦναι
986 4705 1085 4756 τοῦτο·
1116 4697 1306 4773 φυλάξασθαι
1337 4693 1438 4776 μέντοι
1465 4718 1496 4777 γε

220 4781 317 4862 ἑτέρας
347 4785 488 4864 γυναικὸς
519 4781 636 4863 ὁμιλίαν
665 4784 872 4866 παρήγγειλεν,
902 4783 1022 4845 έσεσ-θαι
1052 4783 1083 4845 δὲ
1114 4786 1221 4866 μεταξύ
1251 4785 1349 4845 αὐτῶν
1373 4783 1497 4866 ἀγγελον

221 4870 367 4951 μέλισσαν.
398 4876 448 4935 καί
470 4896 538 4935 ποτε
561 4875 756 4947 πεσσεύοντος
780 4874 872 4935 αὐτοῦ
896 4874 1058 4955 παρίπτατο
1076 4870 1096 4952 ή
1116 4873 1247 4954 μέλισσα·
1271 4874 1448 4956 πικρότερον
1466 4872 1497 4935 δὲ
