3442 5550
764 395 894 445 PYTHIA
913 396 962 446 111.
1437 392 1500 456 143

279 554 349 621 ἀλλ’
378 553 577 634 ἐπεύξασθαι
600 552 661 640 μὲν
684 554 770 638 ἐγὼν
793 554 897 622 έθέλω
1282 553 1367 621 Ἀντ.
1392 554 1435 620 δ’.

280 667 404 748 Ματρί,
427 664 488 727 τάν
510 671 629 749 κοῦραι
652 661 729 749 παρ’
756 662 835 747 ἐμὸν
856 665 1034 749 πρόθυρον
1057 664 1122 728 σὺν
1146 661 1236 728 Πανὶ
1259 661 1437 747 μέλπονται

1290 771 1383 855 θαμά

280 879 403 962 σεμνάν
425 879 508 942 θεὸν
532 876 689 962 ἐννύχιαι.
1453 896 1502 943 140

226 1001 260 1048 εο
279 987 310 1049 εί
330 981 367 1049 δὲ
391 987 500 1067 λόγων
525 983 665 1069 συνέμεν
687 985 855 1069 κορυφάν,
873 982 1000 1070 Ἱέρων,

323 1091 434 1176 ὀρθάν
457 1091 586 1180 ἐπίστᾳ,
609 1093 793 1176 μανθάνων
816 1087 918 1157 οἶσθα
940 1090 1123 1177 προτέρων·

278 1199 315 1263 ’ἓν
337 1197 414 1284 παρ’
441 1199 538 1264 ἐσλὸν
560 1200 690 1283 πήματα
714 1200 841 1264 σύνδυο
865 1200 1016 1264 δαίονται
1039 1202 1171 1284 βροτοῖς

280 1305 456 1371 άθάνατοι·
476 1308 515 1371 τά
538 1302 598 1390 μὲν
622 1303 669 1372 ὧν

324 1413 365 1477 οὐ
388 1415 548 1478 δύνανται
571 1415 684 1496 νήπιοι
707 1417 817 1501 κόσμῳ
841 1411 971 1498 φέρειν,

279 1517 352 1584 ἀλλ’
378 1518 515 1604 ἀγαθοί,
539 1521 578 1585 τὰ
601 1521 683 1585 καλά
706 1518 884 1604 τρέψαντες
906 1519 975 1597 ἔξω.

279 1767 332 1834 τὶν
356 1766 391 1833 δὲ
414 1767 502 1855 μοῖρ’
529 1769 741 1853 εὐδαιμονίας
763 1768 881 1835 ἕπεται.
1289 1767 1354 1835 Ἐπ.
1379 1769 1421 1835 δ’.
1448 1787 1498 1833 lto

226 1893 260 1940 85
281 1874 421 1959 λαγέταν
445 1877 506 1962 γάρ
530 1901 581 1941 τοι
605 1878 771 1963 τύραννον
794 1875 958 1963 δέρκεται,

279 1990 312 2048 εί
331 1981 395 2049 τιν’
421 1983 626 2069 ἀνθρώπων,
649 1984 666 2050 ὁ
689 1983 789 2069 μέγας
811 1987 944 2070 πότμος.
981 1985 1064 2049 αίὼν
1082 1982 1114 2049 δ’
1135 1984 1286 2069 ἀσφαλὴς

300 2219 341 2267 78.
357 2213 488 2284 μέλποντι
506 2215 571 2269 0-
589 2219 629 2268 79.
650 2212 752 2282 σεμνὸν
766 2214 848 2268 D¹⁰?
867 2246 901 2254 —
920 2219 994 2268 θεᾶν
1008 2215 1054 2270 vel
1071 2219 1150 2269 θεῶν
1166 2215 1223 2269 0⁸⁰
1241 2245 1274 2254 -
1293 2218 1335 2269 80.
1356 2210 1500 2268 ἐπίστασαι

227 2286 330 2355 μαθών
349 2285 420 2340 coni.
435 2285 532 2340 Naber
549 2285 781 2355 probabiliter-
797 2291 840 2340 81.
860 2283 989 2341 δαίονται
1003 2287 1105 2342 BOD:
1125 2284 1219 2340 δέοντι
1236 2285 1321 2339 schol.
1341 2286 1377 2339 ad
1397 2285 1428 2340 0.
1442 2305 1451 2337 1
1466 2302 1500 2354 οι,

227 2356 301 2410 unde
321 2355 430 2411 δαίοντι
449 2357 604 2411 Mommsen
625 2389 656 2399 -
676 2360 719 2410 85.
737 2376 781 2411 τοι
800 2373 853 2411 om.
872 2358 908 2412 0¹
928 2389 960 2398 —
980 2363 1022 2412 86.
1042 2357 1068 2412 σ’
1090 2358 1104 2412 ὁ
1123 2357 1208 2429 μέγας
1227 2356 1298 2413 coni.
1311 2357 1405 2428 Bergk
1423 2389 1456 2398 -

297 2505 338 2554 77,
365 2498 478 2554 Graecis
502 2498 593 2553 minus
617 2516 702 2568 quem
725 2498 807 2553 nobis
830 2502 965 2569 usurpato
990 2516 1064 2553 more
1087 2501 1187 2570 poeta,
1210 2500 1286 2570 quod
1308 2499 1419 2556 medica
1438 2501 1498 2553 arte

224 2570 339 2626 Hieroni
357 2571 518 2641 aegrotanti
537 2570 671 2641 opitulari
689 2588 744 2625 non
763 2574 866 2641 posset,
885 2587 980 2641 preces
1000 2588 1029 2626 se
1048 2588 1097 2642 pro
1114 2571 1174 2625 eius
1189 2572 1281 2626 salute
1294 2572 1411 2626 fundere
1426 2570 1499 2625 dixit

226 2675 257 2681 -
278 2647 311 2695 77
327 2660 366 2710 sq.
387 2641 487 2696 schol:
503 2639 695 2731 Ἀριστόδημός
713 2661 800 2712 φησιν
815 2641 983 2713 Ὀλύμπιχον
1002 2642 1125 2712 αὐλητὴν
1143 2641 1347 2713 διδασκόμενον
1361 2643 1416 2697 tul
1431 2646 1500 2697 Πιν-

225 2712 314 2781 δάρου
334 2713 469 2782 γενέσθαι
487 2713 559 2768 κατὰ
577 2714 609 2768 τὸ
635 2733 711 2782 ορος,
736 2712 807 2769 ὅπου
826 2714 878 2839 ripe
895 2714 1011 2783 μελέτην
1030 2713 1184 2782 συνετίθει,
1208 2715 1256 2769 καὶ
1277 2713 1376 2785 ψόφον
1399 2714 1499 2768 ἱκανὸν

225 2786 273 2838 καὶ
292 2784 383 2855 φλόγα
402 2785 474 2839 ίδεῖν
493 2784 737 2856 καταφερομένην·
761 2786 811 2839 τόν
834 2788 852 2841 δ
884 2783 1030 2854 Πίνδαρον
1054 2784 1262 2856 έπαισθόμενον
1287 2789 1411 2841 συνιδεῖν
1436 2790 1499 2855 Μη-

222 2856 286 2924 τρὸς
314 2861 392 2910 θεῶν
417 2856 528 2927 ἄγαλμα
554 2860 666 2912 λίθινον
689 2857 892 2927 (Meteorstein)
909 2866 967 2920 τοῖς
989 2859 1073 2912 ποσλν
1096 2856 1294 2927 ἐπερχόμενον,
1318 2856 1388 2912 ὅθεν
1412 2858 1499 2912 αὑτὸν

224 2928 449 2995 συνιδρύσασθαι
467 2928 537 2995 πρὸς
554 2937 587 2999 τῇ
608 2927 683 3002 οἰκίᾳ
701 2929 816 2997 Μητρὸς
829 2932 908 2982 θεῶν
927 2929 973 2982 καί
992 2929 1089 2991 Πανός
1108 2928 1234 2998 ἄγαλμα·
1253 2929 1317 2992 τούς
1335 2927 1365 2983 δὲ
1385 2926 1500 2990 πολίτας

223 2998 391 3067 πέμψαντας
410 3000 437 3062 ές
455 3004 527 3054 θεοῦ
545 3000 749 3055 πυνθάνεσθαι
767 3000 831 3067 περὶ
849 3008 905 3053 τῶν
924 2997 1129 3071 ἐκβησομένων·
1148 3001 1197 3054 τὸν
1216 2998 1247 3053 δὲ
1267 3000 1403 3067 ἀνειπεῖν,
1423 2999 1499 3068 ἱερὸν

223 3071 339 3140 Μητρός
361 3075 439 3124 θεῶν
464 3071 648 3138 ἱδρύσασθαι·
675 3073 740 3133 τοὺς
759 3069 789 3124 δὲ
810 3069 996 3141 ἐκπλαγέντας
1014 3071 1064 3125 τὸν
1082 3069 1227 3139 Πίνδαρον
1246 3069 1294 3125 διὰ
1316 3070 1348 3125 τδ
1371 3075 1499 3140 προειλη-

224 3141 310 3209 φέναι
334 3141 384 3196 τὸν
407 3140 543 3212 χρησμόν,
567 3141 667 3212 ὁμοίως
685 3147 722 3215 τῷ
742 3140 876 3214 Πινδάρῳ
895 3141 981 3197 ἐκεῖσε
1001 3146 1062 3212 (pro
1081 3141 1148 3210 ἐκεῖ)
1166 3150 1250 3212 τιμᾶν
1267 3141 1319 3210 τὴν
1336 3142 1409 3196 θεὸν
1426 3146 1499 3196 τελε-

224 3221 292 3276 ταῖς,
340 3213 384 3266 Ad
415 3213 488 3267 hanc
518 3214 659 3281 fabulam,
689 3230 775 3282 quarn
802 3213 994 3267 Aristodemus
1025 3232 1059 3268 ex
1088 3213 1296 3268 commentariis
1324 3213 1499 3267 sacerdotum

225 3283 326 3355 templi
345 3285 444 3338 matris
459 3286 528 3340 deae
544 3285 694 3356 sumpsisse
708 3284 828 3352 videtur,
843 3285 965 3355 pertinet
983 3288 1169 3339 commentum
1188 3284 1264 3339 vitae
1283 3283 1362 3338 Pind.
1377 3284 1455 3340 Vret.
1470 3285 1500 3338 in

227 3354 300 3411 Prol.
316 3374 332 3409 c
347 3373 371 3410 17
387 3388 419 3396 -
436 3361 476 3410 78.
497 3358 547 3411 σὺν
566 3359 654 3410 Πανί·
674 3356 773 3410 schol:
794 3358 843 3427 οὐχ
862 3355 904 3410 ότι
922 3356 952 3410 αλ
971 3354 1052 3425 κόραι
1070 3358 1121 3411 σὺν
1139 3361 1176 3429 τῷ
1194 3357 1270 3410 Πανί
1289 3356 1434 3426 χορεύουσι
1452 3358 1500 3411 καλ

228 3427 381 3496 άνυμνοῦσι
401 3428 453 3497 τὴν
468 3426 559 3496 Ῥέαν,
579 3428 649 3481 ἀλλὰ
668 3429 719 3498 τὴν
735 3425 813 3482 Ῥέαν
832 3429 878 3482 καλ
897 3428 947 3482 τὸν
965 3431 1049 3481 Πᾶνα
1068 3430 1230 3498 ἀνυμνοῦσι.
1255 3428 1395 3495 πάρεδρος
1413 3427 1466 3498 γάρ
1486 3428 1501 3482 ό

225 3498 292 3552 Πὰν
310 3507 344 3569 τῇ
360 3497 431 3573 Ῥέᾳ,
451 3500 486 3562 ὡς
506 3500 589 3563 αύτδς
608 3499 622 3554 ὁ
637 3497 780 3567 Πίνδαρος
799 3499 829 3554 ίν
848 3508 905 3562 τοῖς
923 3497 1134 3570 κεχωρισμένοις
1146 3508 1202 3554 τῶν
1215 3498 1387 3566 Παρθενίαν
1400 3503 1500 3569 φησίν·

220 3563 254 3623 Ὦ
272 3569 337 3625 Πὰν
354 3569 499 3637 Ἀρκαδίας
518 3573 633 3641 μεδέων,
653 3570 703 3635 ἕως
721 3580 779 3639 τοῦ,
798 3571 914 3640 Ματρὸς
932 3571 1054 3642 μεγάλας
1072 3569 1161 3625 ὀπαδὲ
1180 3580 1288 3640 σεμνῶν
1304 3573 1434 3639 Χαρίτων
1452 3569 1499 3642 μέ-

226 3644 299 3710 λημα
313 3640 435 3710 τερπνόν
450 3642 492 3711 (fr.
508 3646 544 3711 οι)
558 3675 593 3684 -
608 3644 706 3706 ἄλλως·
725 3643 795 3711 πρὸς
813 3651 847 3714 τῇ
866 3641 941 3717 οἰκίᾳ
955 3652 1005 3697 τοῦ
1019 3643 1165 3711 Πινδάρου
1179 3643 1295 3711 Μητρὸς
1308 3646 1386 3697 θεῶν
1404 3642 1500 3709 ίδρυτο

226 3711 303 3781 ίερὸν
328 3715 377 3767 καὶ
403 3713 513 3782 Πανός,
542 3712 609 3782 ὅπερ
636 3715 720 3778 αὐτὸς
746 3714 892 3782 ἱδρύσατο·
921 3715 955 3768 cf.
974 3714 1024 3769 vit.
1044 3715 1123 3770 Pind.
1142 3714 1172 3768 in
1197 3713 1270 3769 Prol.
1289 3732 1314 3784 p.
1336 3733 1359 3768 c.
1396 3713 1500 3768 Contra

227 3782 391 3838 Welcherus
410 3785 447 3839 ad
466 3784 628 3839 Philostrat.
647 3804 674 3856 p.
689 3803 729 3839 aus
748 3788 777 3839 et
794 3785 949 3854 Michaelis,
968 3785 991 3840 ll
1010 3785 1057 3840 dio
1076 3786 1135 3840 Pan
1153 3785 1223 3840 colle
1242 3802 1289 3841 ore
1304 3802 1319 3839 e
1333 3802 1386 3839 con
1403 3785 1499 3854 nimie,

222 3855 314 3910 annal.
330 3855 384 3910 del.
400 3856 473 3911 lstit.
490 3856 566 3910 arch.
583 3862 651 3910 1863
670 3876 696 3927 p.
713 3861 773 3924 381,
793 3856 854 3910 loco
873 3856 1003 3911 Philostr.
1019 3877 1040 3910 11
1058 3874 1083 3911 rs
1103 3853 1241 3926 (ἐλέγοντο
1260 3858 1308 3911 καὶ
1327 3856 1358 3910 αἱ
1376 3856 1497 3926 Νύμφαι

221 3935 351 3994 χορεῦσαι
371 3927 398 3980 οἱ
416 3932 459 3999 (τῇ
475 3925 548 4002 Ῥέᾳ)
563 3930 611 3982 καὶ
629 3930 832 3997 άνασκιρτῆσαι
850 3928 897 3982 τόν
911 3930 1007 3983 Πᾶνα’
1029 3930 1058 3983 et
1076 3928 1161 3982 simili
1180 3929 1241 3983 loco
1259 3928 1323 3983 Eur.
1338 3928 1396 3982 Ion.
1411 3945 1450 3983 τοι
1461 3946 1496 3983 ss.

223 3997 331 4067 ‘gopobe
351 3995 486 4071 στείβουσι
505 4002 607 4054 ποδοῖν
631 3999 776 4069 Ἀγραύλου
796 3997 877 4068 κόραι
900 3998 1067 4069 τρίγονοι..
1085 3999 1174 4054 ,όταν
1198 4001 1305 4062 αὐλίοις
1328 3996 1455 4072 σωρίζης,
1475 3995 1496 4053 ὦ

220 4068 306 4136 Πάν’,
330 4069 374 4123 his
393 4070 461 4124 locis
481 4071 625 4139 commoti,
652 4089 715 4125 cum
742 4070 846 4139 κούρας
871 4070 1017 4141 Nymphas
1037 4070 1253 4140 intellexissent,
1276 4070 1422 4141 Nymphas
1441 4088 1498 4125 una

220 4155 282 4193 cnm
301 4141 377 4195 Pane
396 4141 528 4211 Magnam
548 4142 630 4196 deam
649 4142 789 4197 celebrem
809 4142 919 4212 opinati
939 4146 1011 4197 sunt.
1049 4142 1270 4196 Scholiastarum
1288 4142 1497 4212 interpretatio·

219 4226 282 4264 nem
305 4212 436 4266 adiuvari
460 4213 545 4267 etiam
569 4213 686 4284 pulchro
710 4212 871 4284 anaglypho
895 4213 1012 4268 Boeotio
1035 4230 1121 4283 prope
1140 4213 1299 4283 Tanagram
1318 4218 1429 4284 reperto
1449 4214 1498 4267 ad-

219 4286 320 4337 notant
342 4283 548 4353 Furtwhngler,
575 4286 659 4354 Satyr
678 4303 728 4339 aus
751 4284 907 4356 Pergamon
931 4304 957 4355 p.
973 4301 998 4340 ss
1018 4289 1046 4339 et
1067 4285 1096 4339 L.
1113 4284 1220 4338 Gurlitt
1244 4285 1326 4340 Arch.
1341 4285 1409 4340 Zeit.
1426 4289 1496 4338 1880

218 4370 245 4421 p.
264 4372 304 4409 sss
323 4386 355 4395 -
376 4359 418 4409 80.
437 4355 594 4424 προτέρων·
614 4375 677 4410 cum
696 4356 880 4426 proverbialis
900 4359 929 4411 et
946 4355 1090 4427 popularis
1110 4359 1184 4410 esset
1202 4357 1343 4411 sententia
1367 4355 1398 4410 ἓν
1422 4354 1492 4422 παρ’

219 4423 300 4481 ἐσλὸν
317 4424 432 4495 πήματα
451 4427 512 4494 δύο,
531 4446 587 4496 qun
606 4428 747 4483 sententia
765 4428 922 4499 sapientise
942 4444 1078 4481 summam
1093 4425 1244 4497 (aequoreis)
1258 4427 1395 4482 contineri
1410 4434 1494 4498 poeta

217 4497 295 4565 dicit,
313 4501 422 4553 veteres
443 4499 584 4569 sapientes
603 4500 663 4556 eius
683 4502 810 4556 auctores
829 4517 890 4555 esse
909 4498 1071 4553 serebantur
1089 4532 1122 4539 —
1142 4504 1176 4553 84
1194 4518 1229 4554 ss.
1249 4516 1333 4568 qnam
1352 4516 1418 4554 vera
1436 4499 1494 4552 isla

217 4569 360 4624 sententia
383 4569 433 4638 sit,
457 4571 592 4641 exemplis
611 4571 687 4626 Pelei
707 4575 735 4626 st
754 4571 852 4625 Cadmi
872 4570 1048 4640 comprobat,
1073 4570 1122 4639 qui
1146 4588 1209 4624 cum
1233 4588 1340 4624 summa
1364 4569 1493 4641 potentia

217 4640 368 4708 floruerint,
387 4645 482 4696 tamen
501 4643 584 4697 malis
603 4660 657 4697 non
677 4645 873 4697 caruerunt-
891 4648 931 4697 85.
952 4641 1104 4709 τύραννον·
1123 4659 1226 4712 regem,
1246 4659 1301 4696 non
1320 4659 1414 4713 regens
1431 4658 1492 4694 crn-

216 4712 307 4767 delem
333 4729 439 4782 suaque
465 4716 608 4784 potestate
634 4715 796 4769 abutentem
822 4732 877 4769 vox
902 4713 1016 4782 tyranni
1041 4712 1087 4767 hic
1114 4713 1268 4783 signifieat,
1294 4716 1326 4766 ut
1344 4714 1374 4767 in
1392 4713 1491 4766 fabula

216 4782 372 4855 Sophoclea
384 4784 537 4848 Οἰδίποδος
556 4784 703 4854 τυράννου,
722 4786 802 4841 cuius
821 4786 856 4840 de
876 4786 990 4840 fabulae
1008 4784 1092 4840 titulo
1112 4784 1207 4839 confer
1220 4785 1333 4839 doctam
1352 4801 1489 4839 commen·

215 4856 352 4911 tationem
371 4856 568 4927 Aristophanis
587 4857 616 4911 in
635 4857 783 4927 hypothesi
802 4857 879 4912 illius
898 4858 1012 4912 fabulae
1033 4889 1064 4898 -
