3442 5550
742 398 874 449 ΡΥΤΗΙΔ
892 398 937 449 Vl.
1420 395 1483 459 185

425 563 467 626 σύ
489 585 540 626 τοι
564 560 696 646 σχίθων
714 602 728 610 -
746 585 811 626 νυν
835 558 978 637 saresta
1002 562 1111 644 χειρὸς
1133 559 1242 644 ὀρθὰν
1298 563 1377 643 Στρ.
1397 557 1439 641 γ’.

372 686 405 733 20
425 671 514 752 όγεις
538 668 765 753 ἐφημοσύναν,

425 777 464 840 τό
487 773 558 841 ποτ’
587 775 623 841 ἐν
646 777 759 862 ούρεσι
783 773 884 859 φαντί
907 779 1148 859 μεγαλοσθενεῖ

428 884 576 968 Φιλύρας
590 925 603 932 -
617 883 693 947 υίὸν
716 880 964 969 ὀρφανιζομένςο

426 991 575 1076 Πηλεΐδᾳ
597 1000 799 1074 παραι-νεῑν·
823 988 962 1074 μάλιστα
986 984 1046 1074 μὲν
1070 990 1255 1075 Κρονίδαν,

424 1100 598 1182 βαρυόπαν
621 1106 784 1183 στεροπᾶν
808 1106 979 1183 κεραυνῶν
1002 1118 1036 1160 τε
1059 1096 1238 1182 πρύτανιν,

373 1222 406 1269 25
426 1212 518 1270 θεῶν
541 1204 710 1289 σέβεσθαι·

425 1313 545 1388 ταύτας
568 1308 604 1376 δὲ
627 1314 671 1397 μή
694 1334 772 1377 ποτε
795 1320 890 1396 τιμᾶς

426 1419 571 1503 ἀμείρειν
594 1417 721 1507 γονέφν
743 1422 819 1503 βίον
841 1416 1065 1505 πεπρωμένον.

427 1656 537 1735 ἔγεντο
561 1649 615 1717 καὶ
640 1693 653 1701 -
676 1654 839 1737 πρότερον
859 1648 1044 1736 Ἀντίλοχος
1067 1651 1184 1735 βιατὰς
1300 1654 1380 1736 Στρ.
1400 1650 1442 1716 d'.

425 1762 530 1843 νόημα
554 1769 653 1824 τοῦτο
677 1758 805 1843 φέρων,

373 1885 408 1931 30
427 1866 462 1944 ὃς
485 1864 690 1951 ὑπερέφθιτο
714 1868 851 1951 πατρός,
875 1865 1115 1951 ἐναρίμβροτον

426 1973 633 2058 ύναμεί-ναις
656 1973 862 2059 στράταρχον
885 1975 1063 2038 Αίθιόποιν

425 2080 595 2164 Μέμνονα.
642 2081 857 2163 Νεστόρει-ον
880 2079 943 2164 γὰρ
967 2079 1066 2155 ἵππος
1089 2077 1165 2163 ἅρμ’
1192 2078 1290 2144 ἐπέβα

425 2187 554 2270 Πάριος
577 2186 612 2251 ἐκ
635 2183 758 2269 βελέων
781 2186 945 2270 δαϊχθείς·
969 2185 986 2251 ὁ
1011 2184 1041 2249 d'
1069 2188 1189 2270 ἔφεπεν

425 2295 583 2378 κραταιὸν
606 2296 712 2377 ἔγχος·

373 2418 406 2465 35
427 2404 622 2466 Μεσσανίου
645 2397 681 2465 δὲ
706 2399 861 2484 γέροντος

427 2509 608 2591 δονηθεῖσα
631 2509 722 2592 φρὴν
744 2510 843 2592 βόασε
866 2509 969 2572 παῖδα
991 2512 1066 2574 sav·

286 2726 327 2775 19.
355 2729 406 2775 νῦν
429 2721 457 2774 Β
479 2722 508 2773 et
531 2718 629 2774 schol:
658 2740 701 2773 νιν
725 2720 794 2774 DE
811 2750 843 2759 -
863 2725 905 2773 ⁶21.
928 2718 963 2773 τὰ
989 2719 1116 2774 Sohmid:
1141 2719 1195 2774 τάν
1222 2721 1329 2776 BDE
1346 2724 1375 2775 et
1393 2722 1488 2790 schol,

212 2792 244 2847 τό
266 2790 349 2846 Tricl.
369 2824 403 2831 -
426 2793 631 2859 μεγαλοσθενεῖ
650 2790 743 2845 codd:
767 2794 961 2860 μεγαλοσθενῆ
985 2791 1056 2845 coni.
1076 2791 1169 2861 Bergk
1192 2824 1225 2832 -
1250 2797 1291 2847 26.
1316 2792 1388 2847 θεὸν
1406 2795 1433 2848 Β
1454 2827 1486 2833 -

214 2869 256 2918 26.
282 2872 385 2925 τακτᾶς
410 2862 578 2916 Herwerden
604 2895 636 2902 -
664 2868 705 2916 28.
733 2861 827 2932 ἔγεντο
853 2862 949 2917 Triel.:
975 2861 1084 2931 ἐγένετο
1110 2863 1178 2916 BD
1199 2896 1228 2902 -
1249 2868 1292 2918 30.
1318 2863 1440 2937 ἐναριβρ.
1461 2866 1489 2919 l)

215 2967 247 2976 -
275 2941 316 2990 31.
345 2936 428 3003 ύιναμ.
448 2933 543 2989 Triel.:
570 2934 637 3003 ἀμμ.
656 2934 726 2988 BD
751 2967 784 2974 -
811 2939 853 2987 32.
878 2934 1035 3001 νεστόρειον
1060 2933 1157 2990 Triel.:
1185 2932 1330 3001 νεοτόρεον
1358 2936 1429 2991 BD
1454 2969 1488 2976 -

215 3012 257 3061 33.
284 3007 402 3076 δαχθεὶς
420 3008 447 3061 Β
466 3037 499 3044 -
520 3011 561 3060 36.
588 3009 688 3074 δονηθ.
708 3007 735 3059 Β
746 3006 775 3059 D
788 3006 818 3059 E
833 3037 867 3044 -
887 3003 970 3077 βόασε
990 3006 1017 3059 Β
1032 3007 1073 3060 D:
1094 3003 1196 3076 βόατεν
1215 3005 1328 3060 Schmid
1348 3038 1380 3047 -

290 3155 329 3203 19.
355 3148 473 3202 alaude
499 3147 634 3202 victoriae
652 3147 821 3216 Thrasybuli
846 3147 882 3201 ad
905 3148 1040 3219 pietatem
1065 3148 1125 3203 eius
1149 3147 1368 3218 praedicandam
1387 3151 1488 3205 transit

216 3254 249 3262 -
269 3242 321 3276 νυν
339 3219 468 3289 quamvis
491 3222 649 3289 correptum
668 3219 716 3283 sit,
736 3222 831 3273 tamen
854 3220 1004 3290 opponitur
1022 3218 1184 3345 tparticulae
1206 3220 1275 3274 ποτέ
1298 3239 1323 3274 v.
1343 3237 1379 3289 τις
1404 3221 1438 3277 cl.
1458 3222 1487 3277 P.

215 3312 245 3346 ur
264 3310 290 3348 ss
311 3325 341 3332 -
361 3291 487 3357 ἐπιδέξια
513 3288 614 3360 χειρός
642 3289 814 3344 reverentiae
839 3291 934 3360 gratia
960 3292 995 3346 ad
1041 3295 1150 3346 extrem
1177 3291 1277 3346 ducere
1295 3292 1488 3362 Thrasybulus

215 3367 395 3436 praeceptum
414 3362 518 3416 dieitur
532 3361 697 3431 metaphora
712 3360 781 3416 satis
797 3360 911 3431 audaci,
931 3363 965 3418 cf.
980 3362 1059 3417 Hom.
1076 3362 1127 3418 Od.
1142 3381 1160 3416 v
1174 3379 1212 3417 εττ
1229 3363 1282 3432 τὴν
1301 3362 1331 3432 (ἄ
1349 3368 1426 3431 κτον)
1441 3363 1487 3418 ἐπ’

216 3434 347 3503 ἀριστερὰ
366 3434 458 3504 χειρὸς
477 3433 574 3503 ἔχοντα
590 3465 624 3472 -
639 3439 681 3487 21.
700 3432 743 3501 τό,
763 3433 801 3487 ad
820 3432 1001 3503 ἐφημοσύναν
1020 3434 1107 3489 libere
1126 3433 1255 3501 relatum,
1270 3437 1301 3488 ut
1315 3385 1361 3489 ola
1375 3435 1404 3490 Ρ.
1420 3455 1440 3488 11
1456 3452 1489 3503 rs,

216 3507 267 3562 ὅσα
285 3507 315 3561 P.
331 3524 418 3559 russo
439 3539 471 3545 -
492 3508 684 3574 μεγαλοσθενῆ
702 3522 752 3575 pro
771 3509 975 3575 μεγαλοσθενεῖ
991 3505 1128 3573 Bergkius
1147 3505 1285 3587 reposuit,
1308 3509 1340 3560 ut
1364 3509 1488 3577 uterque,

216 3577 338 3632 Achilles
356 3581 382 3631 et
399 3576 511 3643 Chiron,
531 3594 580 3629 suo
595 3576 720 3645 epitheto
735 3575 873 3646 gauderet
888 3594 958 3632 neve
973 3576 1090 3631 Achillis
1109 3594 1189 3647 pueri
1227 3581 1386 3647 raepostere
1405 3579 1489 3633 robur

216 3649 390 3714 laudaretur,
414 3648 506 3702 nescio
531 3652 627 3701 tamen
651 3665 686 3701 an
710 3650 795 3718 poeta
817 3648 970 3719 respexerit
992 3665 1064 3717 quae
1084 3648 1118 3702 de
1138 3597 1257 3702 Achillis
1297 3648 1355 3703 ueri
1374 3649 1490 3704 insolita

218 3720 321 3775 virtute
341 3719 426 3788 paulo
445 3723 510 3773 ante
530 3719 563 3774 N.
579 3739 608 3772 ιιι
628 3737 654 3773 ιι
669 3737 703 3773 ss.
720 3737 752 3773 ex
774 3724 887 3774 osuerat
907 3753 939 3760 -
959 3726 1000 3774 22.
1025 3721 1146 3788 Φιλύρας
1168 3719 1245 3789 υἱόν,
1269 3668 1430 3787 ἕλιὶτοοοιος
1453 3723 1489 3777 ef.

216 3791 244 3846 P.
263 3811 294 3844 111
315 3811 324 3845 1
347 3823 379 3831 -
399 3789 619 3861 ὀρφανιζομένῳ·
645 3807 701 3845 uon
728 3739 809 3857 orbo,
833 3792 882 3845 sed
911 3791 940 3846 iu
967 3794 1077 3862 tempus
1105 3792 1205 3846 orbato
1233 3795 1262 3846 et
1285 3810 1302 3845 a
1326 3793 1489 3862 parentibus

218 3862 329 3918 Chiroui
345 3863 382 3916 ad
396 3863 572 3917 educandum
590 3861 695 3916 tradito
715 3894 747 3902 -
768 3868 801 3916 23
817 3880 857 3932 sq.
877 3862 910 3917 cl.
926 3864 991 3918 Eur.
1005 3863 1037 3919 fr.
1053 3880 1104 3918 τινι
1124 3866 1210 3925 θεούς
1229 3882 1257 3917 τε
1276 3872 1360 3932 τιμᾶν
1377 3866 1442 3928 τούς
1459 3883 1489 3918 τε

216 3932 381 4001 θρέψαντας
395 3943 492 4004 γονεῖς.
522 3933 639 4003 Copiose
658 3933 692 3987 de
712 3933 764 3987 hae
784 3934 924 3989 sententia
943 3935 979 3988 ab
998 3934 1121 3989 Hesiodo
1140 3938 1288 4004 personato
1308 3935 1337 3987 in
1351 3934 1490 4002 Χείρωνος

216 4006 377 4073 ὑποθήκαις
402 4012 410 4073 (
432 4050 437 4059 .
456 4005 541 4059 schol.
562 4008 591 4059 et
609 4005 639 4059 P.
658 4025 685 4058 ιν
706 4010 754 4072 ros)
781 4007 926 4076 proposita
952 4009 981 4060 et
1007 4007 1043 4060 ab
1072 4006 1201 4075 Orphicis
1227 4005 1375 4075 divulgata
1402 4024 1490 4077 nuper

216 4075 348 4131 disseruit
371 4076 510 4141 Dietrioh,
533 4076 640 4145 Neeyia
660 4093 697 4129 ιιο
717 4076 735 4131 f.
760 4110 793 4117 —
819 4083 861 4133 27.
890 4075 953 4150 βίον
980 4077 1176 4147 πεπρωμένον,
1206 4077 1293 4131 είλετο
1320 4079 1488 4148 parentium,

217 4148 352 4218 quamdiu
370 4149 410 4203 eis
429 4166 446 4201 a
465 4148 524 4202 fato
544 4165 675 4202 concessa
694 4147 755 4203 erit.

291 4225 325 4274 ‘38
340 4238 374 4274 ss.
394 4219 564 4289 Thrasybuli
583 4220 675 4289 pietas
690 4237 757 4288 erga
772 4237 852 4273 suum
866 4224 1012 4291 parentem
1025 4219 1184 4274 illustratur
1197 4220 1324 4290 exemplo
1339 4220 1490 4288 Antilochi,

216 4291 268 4346 filii
285 4291 419 4357 Nestoris,
435 4292 513 4345 euius
528 4292 619 4374 pietas
635 4309 697 4345 cum
712 4292 769 4344 iam
784 4292 820 4346 ab
830 4292 950 4346 Homero
965 4290 995 4345 ll.
1006 4310 1054 4345 vru
1068 4308 1095 4346 ss
1110 4290 1268 4362 significata
1282 4296 1364 4358 esset,
1379 4291 1489 4364 egregie

216 4364 256 4417 ab
275 4361 390 4416 Arctino
409 4362 439 4416 in
457 4362 625 4433 Aethiopide
644 4367 779 4417 exornata
798 4366 849 4429 est,
869 4363 897 4416 in
916 4381 971 4432 quo
990 4363 1113 4417 carmine
1132 4362 1311 4432 Antilochus,
1331 4364 1397 4417 dum
1415 4363 1490 4433 patri

218 4433 330 4488 Nestori
345 4451 362 4487 a
376 4434 523 4488 Memnone
542 4437 651 4500 vexato,
672 4451 743 4503 equo
762 4435 822 4488 eius
842 4434 950 4488 Paridis
969 4434 1076 4504 sagitta
1090 4435 1246 4503 vulnerato,
1266 4435 1410 4501 succurrit,
1430 4434 1489 4503 ipse

219 4508 336 4559 mortem
356 4505 517 4560 occubuisse
536 4506 713 4560 narrabatur.
748 4506 789 4559 Ea
805 4510 901 4560 autem
919 4506 995 4560 fama
1014 4506 1097 4559 huius
1115 4505 1248 4562 facinoris
1268 4506 1331 4575 fuit,
1349 4509 1382 4559 ut
1400 4506 1489 4560 Xeno-

219 4576 293 4647 phon
312 4575 414 4647 Cyneg.
428 4596 438 4629 1
454 4595 477 4631 ιι
497 4577 612 4633 dixerit:
633 4575 782 4648 Ἀντίλοχος
800 4586 850 4631 τοῦ
870 4578 973 4645 πατρὸς
991 4578 1221 4644 ὑπεραπσθανὼν
1239 4579 1375 4646 τοσαύτης
1394 4576 1490 4646 ἔτυχεν

218 4645 351 4714 εὐκλείας,
370 4646 437 4702 ὥστε
457 4647 541 4718 μόνος
560 4649 723 4718 φιλοπάτωρ
737 4649 815 4716 παρὰ
829 4657 887 4711 τοῖς
899 4646 1029 4718 Ἕλλησιν
1042 4651 1274 4719 ἀναγορευθῆναι
1289 4681 1321 4688 -
1336 4655 1378 4703 28.
1395 4647 1489 4718 ἔγεντο

235 4737 265 4773 ro
275 4717 392 4789 ἐγένετο,
403 4720 437 4774 cf.
449 4720 477 4774 P.
489 4740 517 4773 ιιι
533 4738 558 4774 ιτ
570 4753 603 4761 -
613 4728 655 4776 33.
671 4721 686 4775 ὁ
702 4720 740 4788 θ’,
755 4721 895 4789 Memnon,
906 4720 954 4789 qui
968 4737 1024 4774 uon
1039 4737 1143 4788 arcum,
1158 4724 1189 4773 ut
1203 4719 1290 4784 Paris,
1306 4720 1354 4773 sed
1369 4720 1489 4774 ferocem

255 4792 329 4844 stam
348 4808 432 4845 mauu
449 4793 627 4861 gestabat-
643 4799 685 4846 35.
706 4789 881 4847 Μεσσανίου
901 4791 975 4861 quod
990 4791 1083 4859 Pylos,
1103 4791 1229 4845 Nestoris
1269 4791 1350 4858 atria,
1370 4791 1399 4844 iu
1418 4792 1489 4845 Mes-

219 4861 297 4916 senia
316 4862 371 4915 sita
390 4879 450 4916 esse
465 4882 482 4917 a
496 4864 617 4919 Pindaro
633 4865 677 4933 (cs.
693 4864 722 4918 Ρ.
738 4883 754 4917 v
769 4867 804 4932 το)
821 4863 975 4934 putabatur
994 4895 1026 4903 —
1047 4861 1175 4932 γέροντος
1193 4882 1269 4930 φρην
1287 4862 1490 4933 periphrastice
