3442 5550
597 418 644 468 IV.
671 417 720 467 DE
739 417 823 467 VITA
841 417 998 468 PINDARI.
1369 415 1441 470 GVH

165 576 358 665 πυθομένφ,
387 579 443 642 διὰ
472 582 505 641 τί
530 577 611 661 μέλη
641 579 780 661 γράφων
803 576 897 663 ᾅδειν
920 579 981 642 οὐκ
1005 577 1187 655 ἐπίσταται,
1216 578 1279 643 καὶ
1308 581 1378 664 γάρ
1407 581 1446 645 οἰ

164 683 359 767 ναυπηγοὶ
375 688 437 768 ἔφη
452 686 623 768 πηδάλια
641 695 849 762 ποιοῦντες
867 688 1064 770 κυβερνᾶν
1083 685 1155 750 οὐκ
1174 687 1315 750 οῖδασι.
1346 696 1443 751 τοῦτο

166 792 206 858 δέ
234 815 303 869 πως
334 790 486 878 παρεόικε
519 793 601 876 πρὸς
627 794 665 857 τὸ
694 791 902 876 ἐρωτηθῆναι
928 791 989 876 μέν
1016 816 1090 856 τινα
1118 794 1296 876 σοφιστήν,
1330 794 1386 857 διδ
1412 798 1447 858 τί

166 900 366 985 δημηγορεῖν
398 901 519 976 ἀλλους
551 900 633 983 πρὸς
665 901 765 982 όχλον
798 900 966 964 διδάσκων
995 900 1094 975 αὐτὸς
1121 900 1162 964 ού
1190 901 1330 965 δύναται
1358 900 1443 965 οὕτω

165 1020 286 1087 ποιεῖν;
310 1006 437 1072 ἐκεῖνον
461 1002 496 1070 δέ
521 1006 684 1090 εὐστόχως
702 1008 816 1091 εἰπεῖν,
840 1007 885 1084 ὡς
907 1006 971 1072 καί
989 1006 1010 1090 ἡ
1029 1007 1148 1090 ἀκόνη
1172 1006 1366 1085 ὀξύνουσα
1390 1009 1480 1084 εἰςῦ

166 1116 286 1198 τομῆν
309 1115 353 1179 τά
376 1113 552 1198 σιδήρια,
576 1114 676 1198 ὅμως
700 1114 795 1196 αὐτὴ
819 1112 975 1198 τέμνειν
998 1116 1042 1179 οὐ
1062 1115 1237 1180 δύναται.
1280 1116 1330 1180 ὅτι
1350 1111 1385 1180 δέ
1404 1115 1444 1179 οὐ

167 1219 272 1297 δεξιὸς
294 1215 336 1303 ῆν
359 1221 458 1296 αὐτὸς
481 1218 576 1307 ᾅδειν
599 1221 617 1285 ὁ
642 1222 823 1304 Πίνδαρος,
846 1219 918 1286 ἀλλ’
938 1220 1103 1304 ὑποβολέα
1127 1213 1200 1286 οἷον
1224 1216 1310 1305 εἶχεν
1333 1221 1445 1304 ἕτερον

166 1336 225 1392 τοῦ
253 1329 405 1392 τοιούτου
434 1310 549 1413 ἔργου,
577 1329 717 1411 δηλώσει
746 1327 783 1394 έν
811 1321 861 1404 οἷς
888 1329 1047 1411 μνῆσεταί
1071 1353 1162 1405 τινος
1186 1331 1324 1394 Αἰνείου
1351 1353 1444 1413 χορο-

166 1435 298 1518 στάτου,
321 1434 361 1499 ὃν
383 1432 438 1499 καὶ
462 1436 555 1500 δοκεῖ
575 1440 687 1518 φιλεῖν
710 1425 764 1500 οἷα
788 1435 1028 1519 ἐπικοσμοῦντα
1047 1436 1151 1523 οἰκείᾳ
1169 1434 1266 1522 τέχνη
1285 1437 1343 1512 τάς
1363 1442 1444 1502 Πιν-

168 1544 304 1627 δαρικάς
328 1540 416 1630 ᾠδάς
440 1541 484 1618 ὡς
507 1553 692 1626 κορυφαῖον
715 1551 818 1627 χοροῦ
842 1544 986 1626 ἀριστον.
1465 1561 1497 1610 10

255 1651 286 1713 εί
314 1646 350 1713 δὲ
378 1649 460 1713 κατά
488 1651 565 1725 τοὺς
591 1651 753 1727 παλαιοὺς
781 1652 952 1734 Πίνδαρος
979 1653 1042 1735 ἔφη
1070 1653 1149 1728 τοὺς
1175 1657 1445 1737 φιλοσοφοῦντας

167 1756 281 1841 ἀτελῆ
305 1760 448 1842 σοφίας
471 1756 631 1844 δρέπειν
655 1761 819 1841 καρπόν,
843 1756 926 1822 ἀλλά
949 1761 1047 1823 τοῦτό
1070 1782 1106 1840 γε
1131 1760 1178 1835 εἰς
1200 1761 1307 1841 ψόγον
1330 1758 1372 1825 ἀν
1391 1758 1445 1844 ε’μ-

166 1867 293 1949 πίπτοι,
324 1864 438 1942 ὁποῖος
470 1862 524 1930 καί
556 1874 600 1952 τῷ
628 1875 761 1952 κωμικῷ
789 1863 1057 1950 προστέτριπται,
1089 1866 1125 1942 ὅς
1151 1888 1217 1931 που
1245 1868 1323 1943 τοὺς
1350 1871 1444 1951 φιλο-

167 1974 293 2055 σόφους
317 1972 373 2035 διά
396 1973 433 2035 τὸ
457 1971 672 2056 ἀπράγμονας
694 1968 779 2037 εἶναι
802 1973 943 2037 σκώπτει
966 1972 1011 2048 ὡς
1034 1972 1165 2058 ἀργούς.

253 2080 418 2162 ποιήματα
443 2075 479 2142 δέ
502 2081 608 2143 πολλὰ
631 2081 756 2164 γράψαι
781 2081 952 2165 Πίνδαρος
975 2078 1113 2163 λέγεται,
1137 2075 1262 2145 ὧνκαί
1286 2078 1445 2166 φέρονται
1467 2097 1498 2146 ιο

166 2187 226 2252 οὐκ
257 2186 368 2269 ὀλίγα,
401 2185 442 2250 οὐ
474 2188 540 2270 μην
571 2187 611 2250 τά
639 2187 747 2252 πάντα
774 2184 1093 2272 ὑπεμνηματισμένα.
1144 2185 1207 2252 εἰσί
1235 2184 1271 2252 δὲ
1300 2197 1446 2272 παιᾶνες,

166 2296 385 2380 διθύραμβοι,
413 2293 590 2376 προσόδια,
618 2292 800 2379 παρθένια,
827 2295 867 2359 τά
894 2292 949 2358 καί
977 2295 1060 2359 αὐτά
1086 2293 1360 2379 μνημονευθέντα
1382 2296 1446 2380 πρὸ

165 2401 325 2488 βραχέων,
348 2401 575 2486 ὑπορχήματα,
599 2400 752 2487 ἐγκώμια,
776 2399 972 2486 θρῆνοικαί
991 2400 1156 2486 έπινίκιοι,
1179 2403 1261 2467 κατά
1280 2404 1341 2488 τῆν
1361 2404 1446 2467 ίστο-

164 2513 241 2593 ρίαν
269 2507 347 2574 ὡσεί
375 2513 643 2595 τετρακισχίλιοι,
671 2509 730 2586 οὓς
757 2507 812 2574 καί
840 2508 1008 2585 έπινίκους
1036 2511 1305 2594 τετρασνλλάβως
1333 2514 1447 2595 φασίν,

165 2620 199 2681 οἳ
221 2615 275 2680 καί
298 2616 512 2701 περιάγονται
535 2617 677 2700 μάλιστα
701 2618 757 2682 διά
782 2618 817 2681 τὸ
842 2616 1127 2702 ἀνθρωπικότεροι
1151 2612 1236 2682 εἶναι
1259 2615 1315 2682 καί
1338 2617 1447 2699 ὀλιγό-
1465 2633 1500 2684 νο

165 2732 270 2809 μυθοι
298 2723 351 2789 καὶ
380 2720 463 2808 μηδὲ
491 2724 580 2789 πάνυ
609 2727 696 2808 ἔχειν
723 2723 860 2808 ἀσαφῶς
887 2723 970 2788 κατά
997 2748 1033 2806 γε
1061 2725 1101 2789 τὰ
1128 2726 1220 2789 ἀλλα.
1272 2725 1302 2788 εἰ
1329 2721 1366 2789 δὲ
1393 2721 1447 2788 καί
1510 2727 1514 2734 ’

164 2832 263 2916 ὕμνοι
291 2830 443 2915 λέγονται
471 2833 506 2896 οί
531 2831 640 2914 αὐτοί,
668 2832 749 2895 ἀλλο
778 2830 858 2895 αὐτὸ
884 2833 1119 2914 παραχρῆσεως
1142 2825 1232 2907 εἶδος
1254 2829 1338 2913 έστί,
1366 2828 1444 2895 καθ’

165 2939 206 3023 ἣν
228 2936 283 3004 καί
307 2940 343 3003 τὸ
367 2937 546 3022 ὑμνεῖσθαι
571 2937 837 3021 ἀντιφραστικῶς
859 2959 925 3001 που
950 2936 1001 3002 ἐπὶ
1027 2940 1134 3019 ψόγου
1157 2936 1265 3020 ἐτέθη,
1289 2937 1334 3014 ὡς
1353 2939 1450 3021 δηλοῖ

165 3044 219 3111 καί
242 3049 293 3112 τό·
313 3043 483 3130 ’Τμνεῖθ
504 3044 566 3110 ὑπ’
588 3044 717 3109 ἀστῶν
740 3047 946 3130 φροιμίοις
968 3047 1247 3127 πολυρρόθοις.

254 3154 358 3236 δῆλον
385 3149 421 3217 δέ
449 3153 494 3229 ὡς
521 3155 559 3218 αί
585 3151 740 3217 έπινίκιοι
769 3148 852 3238 ᾠδαὶ
877 3160 936 3215 τοῦ
960 3151 1136 3237 Πινδάρου
1159 3150 1214 3216 καὶ
1238 3153 1325 3236 εἰδη,
1353 3174 1447 3217 τουτ-
1466 3170 1500 3219 νο

166 3258 256 3325 ἐστιν
290 3258 388 3341 ἰδέαι,
420 3261 518 3344 χάριν
550 3262 748 3344 σεμνότητος
775 3258 1005 3343 ὀνομάζονται,
1039 3259 1119 3346 ὅπερ
1146 3256 1374 3344 ὑποκορισθδν
1402 3262 1449 3339 εἰς

166 3368 316 3433 εἰδόλλια
347 3365 513 3452 έπιγραφῆ
542 3366 656 3450 γέγονε
684 3379 754 3443 τοῖς
784 3370 965 3453 Θεοκρίτου
992 3368 1159 3451 ποιήμασι.
1210 3369 1385 3451 μελοποιὸς
1412 3364 1448 3432 δέ

166 3476 214 3539 ῶν
241 3472 275 3550 ές
302 3474 338 3539 τὸ
366 3477 516 3540 καθόλου
544 3474 562 3539 ό
587 3474 758 3561 Πίνδαρος
785 3486 1032 3559 παρωνυμεῖται
1060 3476 1142 3560 πρὸς
1165 3472 1264 3559 μέρος
1286 3484 1448 3559 μουσικοῦ

166 3582 312 3667 ὀργάνου
339 3583 473 3666 λυρικός
496 3583 713 3666 καλούμενος,
741 3582 831 3647 καθά
854 3605 905 3658 τις
927 3581 1036 3667 ἕτερος
1059 3583 1250 3668 κιθαρῳδὸς
1273 3580 1327 3646 καί
1351 3583 1450 3660 ἀλλος

166 3689 230 3754 ἀπὸ
258 3689 408 3773 φάλτρου
436 3690 618 3776 ψαλτφδός.
664 3688 726 3754 οὐκ
754 3687 786 3766 ἐξ
815 3686 960 3771 ἀνάγκης
988 3688 1028 3753 δέ
1048 3713 1082 3772 γε
1106 3690 1190 3774 πρὸς
1213 3689 1320 3773 λύραν
1342 3693 1448 3773 μόνην
1466 3706 1501 3757 30

167 3794 335 3884 ἐμελῴδει,
363 3794 435 3860 ἀλλ’
461 3796 542 3862 αὐτὸ
570 3792 631 3880 μὲν
659 3795 792 3879 έπελέγη
820 3799 904 3882 πρός
929 3820 962 3861 τι
990 3795 1155 3881 ἐξαίρετον
1183 3797 1230 3871 εἰς
1257 3801 1375 3879 κλῆσιν
1403 3806 1448 3884 τῷ

166 3902 293 3989 ποιητῆ.
340 3904 535 3988 σεμνύνεται
563 3903 626 3988 γάρ
654 3908 790 3979 πολλοῖς
817 3900 872 3967 καί
899 3908 1070 3987 πολλαχῶς
1098 3903 1118 3986 ῆ
1147 3904 1240 3985 λύρα.
1287 3902 1305 3968 ὁ
1334 3899 1370 3968 δέ
1394 3901 1449 3967 καί

167 4008 289 4097 ἑτέροις
313 4010 470 4094 ὀργάνοις
492 4007 585 4096 ᾅδων
608 4009 736 4096 ἐχρᾶτο,
762 4011 851 4074 καθά
871 4011 969 4093 δηλοῖ
985 4008 1039 4073 καὶ
1058 4011 1095 4075 τὸ
1115 4009 1449 4094 ἀναξιφόρμιγγες

166 4120 285 4204 ὕμνοι
308 4116 363 4183 καί
386 4115 467 4201 ἑξῆς.
509 4119 540 4182 εἰ
557 4115 588 4181 δ’
607 4123 687 4194 ίσως
704 4116 827 4182 ταύτόν
845 4141 877 4181 τι
897 4115 1039 4201 φόρμιγξ
1058 4115 1113 4182 καί
1133 4118 1229 4201 λύρα,
1253 4115 1327 4181 οὐδ’
1344 4117 1449 4192 οὕτως

166 4226 256 4313 αὐτῷ
284 4228 389 4310 μόνον
411 4225 449 4289 τὸ
473 4234 530 4308 τῆς
553 4225 656 4309 λύρας
679 4234 786 4310 χρῆμα
809 4225 892 4309 πρὸς
915 4225 1004 4289 ἰδιόν
1027 4248 1058 4288 τι
1080 4224 1356 4309 ἀποκεκλήρωται.
1403 4224 1448 4300 ὡς
1468 4242 1500 4291 σο

166 4329 203 4397 δέ
232 4334 316 4418 λύρα
344 4338 470 4418 εἰρηται
498 4331 518 4415 ἢ
546 4333 635 4417 παρά
662 4333 699 4397 τὸ
728 4333 821 4397 λύειν
849 4331 946 4415 ἀράς,
974 4323 1024 4408 οἷς
1047 4332 1130 4418 πρὸς
1153 4332 1280 4416 ῆδονῆν
1304 4329 1449 4414 γλυκέως

167 4440 371 4528 ἀρμόττεται,
390 4439 410 4523 ἢ
428 4441 517 4525 παρά
536 4441 573 4504 τὸ
592 4447 744 4523 μυθικῶς
762 4442 809 4516 εἰς
827 4440 950 4523 λύτρον
969 4440 1250 4523 καταλλακτῆριον
1269 4438 1448 4525 εὑρεθῆναι

257 4675 281 4722 3.
306 4667 441 4738 σοφιστήν
461 4668 477 4722 i.
494 4686 516 4722 e.
537 4668 701 4734 Isocmtem3
726 4669 760 4722 cf.
780 4668 853 4722 Plut.
874 4667 923 4721 vit..
939 4687 956 4721 x
975 4686 1013 4722 or.
1045 4688 1059 4721 ι.
1076 4673 1141 4721 838¹·-
1168 4700 1198 4706 --
1223 4674 1290 4736 ὅση.
1316 4667 1347 4719 0.
1362 4672 1446 4721 v188.

166 4762 208 4805 τις
221 4741 282 4796 οοδ.
304 4773 335 4779 --
358 4746 397 4793 13.
414 4740 556 4811 Aristoph.
572 4740 644 4794 Nub.
660 4745 719 4793 334.
741 4773 774 4781 -
794 4747 836 4796 18.
852 4736 978 4807 λστορίαν
992 4687 1066 4795 οοδ.;
1082 4736 1276 4810 στιχομετρίαν
1291 4755 1358 4792 corr.
1375 4738 1447 4804 13irt3

167 4813 202 4869 εἰ,
226 4830 311 4883 supra
335 4832 361 4882 p.
381 4811 444 4876 xv;
469 4811 537 4882 μετὰ
560 4821 616 4867 τῶν
639 4810 767 4880 ἱστοριῶν
790 4811 861 4866 coni.
886 4810 993 4866 Vitelli.
1024 4842 1056 4851 -
1084 4819 1128 4865 2⁶3.
1153 4808 1214 4865 ἀλλ’
1237 4811 1307 4865 αὐτὸ
1330 4811 1391 4864 cod.
1416 4839 1448 4851 —

167 4891 210 4939 24.
229 4883 328 4938 Δεινὴ.
344 4884 419 4953 Sept.
435 4892 459 4937 ό.
480 4916 512 4923 -
532 4890 574 4936 33.
595 4883 701 4937 0.111.
1229 4890 1237 4905 ·
