3442 5550
291 370 377 426 cvm
794 369 1071 422 PROLEGOMENA.

291 536 356 600 ὑπὸ
371 533 503 620 Ἑρμοῦ,
523 533 559 611 ὃς
577 533 687 618 χέλυν,
706 535 724 599 ό
743 532 811 597 ἐστι
830 533 946 618 λύραν,
965 531 997 609 ἐξ
1014 530 1177 615 ὀστράκου
1192 536 1411 594 συντεθεῖσαν
1425 529 1570 612 χελώνης

291 644 372 719 δοὺς
399 652 444 730 τῷ
470 645 583 730 Φοίβῳ
610 639 685 705 ἀντὶ
708 644 798 724 βοῶν
820 646 957 724 κλοπής,
985 639 1090 715 οὕτως
1113 638 1252 703 ἐλύσατο
1275 635 1380 730 ἑαυτῷ
1403 637 1462 702 τὸν
1484 632 1567 720 ὑπὲρ

291 760 351 815 τοῦ
375 749 556 835 κλέμματος
579 752 694 833 χόλον,
718 750 850 830 λέγουσι
873 745 929 813 καὶ
952 747 1036 811 αὐτά
1059 747 1095 811 οί
1114 749 1258 811 παλαιοί.

915 1048 947 1102 D.

454 1178 532 1244 vita
555 1196 574 1244 ε
598 1177 716 1243 Thomu
738 1175 895 1259 Magistro
918 1194 957 1241 ox
981 1177 1090 1241 vetere
1113 1174 1185 1239 vita
1208 1174 1406 1240 concinnata.

379 1323 550 1407 Πιύδαρος
581 1323 618 1386 τὸ
650 1318 711 1405 μὲν
744 1318 839 1402 γένος
868 1323 1013 1404 Θηβαῖος
1045 1319 1119 1396 υίὸς
1145 1317 1345 1401 Δαϊφάντου
1376 1318 1458 1383 κατὰ
1490 1321 1569 1394 τοὺς

257 1427 548 1513 εάληθεστέρους,
572 1429 607 1493 οί
628 1425 663 1494 δὲ
688 1431 897 1493 Σκοπελίνου
920 1431 1035 1512 φασίν,
1059 1427 1094 1491 οί
1115 1421 1152 1490 δέ
1174 1426 1234 1489 τὸν
1257 1426 1359 1491 αὐτὸν
1382 1427 1568 1510 Παγωμίδα

288 1535 343 1601 καὶ
367 1542 542 1620 Μυρτοῦς,
570 1535 634 1601 άπὸ
658 1537 769 1619 κώμης
795 1539 1055 1619 Κυνοσκεφαλής
1077 1530 1289 1616 καλουμένης.
1334 1532 1355 1615 ἡ
1380 1530 1415 1597 δὲ
1438 1534 1568 1617 Μυρτὼ

289 1643 439 1728 έγαμήθη
468 1646 661 1730 Σκοπελίνςο
694 1653 740 1730 τῷ
773 1642 913 1727 αὐλητῇ,
946 1640 982 1718 ὃς
1013 1642 1075 1725 τήν
1106 1639 1287 1724 αὐλητικήν
1314 1640 1482 1705 διδάσκων
1509 1642 1568 1705 τὸν

290 1753 474 1836 Πίνδαρον,
498 1747 567 1814 ἐπεὶ
590 1745 656 1814 εἶδε
680 1753 827 1834 μείζονος
850 1747 945 1827 ἕξεως
967 1749 1058 1831 όντα,
1080 1744 1292 1833 παραδέδωκε
1311 1746 1412 1835 Λάσῳ
1431 1756 1476 1834 τῷ
1495 1745 1567 1832 Ἑρ-

289 1870 398 1942 μιονεί
423 1862 602 1945 μελοποιςᾶ,
629 1855 708 1942 παρ’
733 1850 760 1944 β
787 1858 848 1940 τήν
876 1857 1016 1940 λυρικήν
1043 1854 1234 1937 ἐπαιδεύθη.
1280 1852 1395 1937 γέγονε
1423 1851 1458 1919 δέ
1486 1857 1568 1919 κατὰ

237 1983 269 2029 10
289 1968 367 2042 τοὺς
389 1968 531 2050 χρόνους
550 1965 721 2048 Αἰσχύλου
744 1962 798 2028 καί
823 1961 1058 2046 συγγεγένηται
1080 1963 1168 2050 αὐτῷ
1188 1960 1243 2026 καὶ
1262 1961 1422 2045 τέθνηκεν
1441 1962 1494 2027 ὅτε
1512 1960 1567 2027 καὶ

289 2074 329 2137 τὰ
349 2071 497 2156 Περσικά
515 2070 664 2153 ήκμαζεν.
702 2074 774 2156 έσχε
793 2067 829 2135 δέ
847 2068 1036 2156 θυγατέρας
1054 2071 1126 2154 δύο,
1145 2071 1341 2154 Πολύμητιν
1359 2067 1414 2134 καὶ
1431 2073 1567 2155 Πρωτο-

288 2179 410 2264 μάχην·
439 2175 578 2266 κατῴκει
606 2174 641 2242 δέ
670 2179 728 2255 τὰς
753 2179 879 2263 Θήβας,
906 2180 1048 2261 πλησίον
1074 2187 1134 2242 τοῦ
1163 2179 1253 2263 ἱεροῦ
1276 2186 1334 2261 τῆς
1356 2177 1479 2262 μητρὸς
1501 2188 1569 2242 τῶν

289 2294 380 2352 θεῶν
407 2286 469 2368 τήν
496 2285 605 2349 οίκιάν
633 2288 716 2369 ἔχων
745 2285 817 2369 [τῆς
835 2283 946 2369 wag}
993 2282 1085 2367 ε’τίμα
1113 2281 1149 2349 δὲ
1177 2285 1237 2368 τήν
1259 2285 1343 2349 θεὸν
1365 2285 1497 2369 σφόδρα
1520 2285 1568 2349 ὢν

289 2390 535 2477 εὐσεβέστατος,
558 2390 613 2456 καί
636 2394 695 2457 τὸν
719 2398 817 2457 Πᾶνα
839 2390 894 2456 καὶ
917 2392 976 2456 τὸν
997 2388 1200 2475 Ἀπόλλωνα,
1223 2393 1270 2468 είς
1293 2390 1333 2455 ὃν
1356 2390 1410 2456 καί
1432 2395 1568 2456 πλείστα

237 2515 269 2565 1⁶
289 2499 465 2587 γέγραφεν.
506 2501 665 2585 νεώτερος
688 2497 722 2564 δὲ
747 2495 789 2582 ήν
813 2499 1018 2583 Σιμωνίδου,
1040 2498 1261 2584 πρεσβύτερος
1284 2495 1320 2563 δέ
1343 2500 1569 2582 Βακχυλίδου·

288 2609 371 2673 κατὰ
395 2603 431 2671 δὲ
454 2608 515 2690 τήν
534 2605 657 2692 Ξέρξου
680 2607 863 2690 κατάβασιν
881 2607 999 2689 ήκμαζε
1018 2614 1057 2690 τῇ
1074 2605 1198 2693 ήλικίᾳ·
1223 2604 1362 2690 ἐτιμήθη
1381 2602 1417 2670 δέ
1437 2607 1569 2692 σφόδρα

289 2715 354 2780 ὑπὸ
381 2714 517 2779 πάντων
539 2725 607 2779 τῶν
625 2712 793 2796 Ἑλλήνων
816 2715 872 2778 διά
896 2715 932 2777 τὸ
956 2713 1020 2778 ὑπὸ
1044 2722 1103 2778 τοῦ
1124 2711 1330 2790 ’Λπόλλωνος
1352 2713 1439 2778 οὕτω
1463 2720 1569 2797 φιλεῖ-

290 2829 382 2905 σθαι,
406 2821 451 2898 ὡς
473 2818 527 2886 καί
550 2823 668 2907 μερίδα
692 2821 872 2905 λαμβάνειν
896 2820 959 2886 άπὸ
978 2831 1045 2885 τῶν
1062 2818 1343 2906 προσφερομένων
1360 2828 1406 2907 τῷ
1425 2826 1495 2909 θεῷ
1514 2819 1569 2886 καὶ

289 2930 348 2994 τὸν
377 2927 464 3015 ἱερέα
486 2931 571 3013 βοᾶν
595 2928 631 2994 έν
654 2939 726 3006 ταίς
748 2931 898 3005 θυσίαις·
927 2928 1131 3013 Πίνδαρον
1159 2925 1220 2992 ἐπὶ
1248 2928 1289 2992 τὸ
1313 2928 1476 2993 δεῖπνον
1500 2938 1568 2993 τοῦ

236 3051 271 3103 2⁰
290 3044 395 3102 θεοῦ.
437 3039 535 3119 λόγος
557 3035 612 3101 καί
636 3037 694 3102 τὸν
714 3041 811 3101 Πᾶνα
830 3035 1041 3122 όρχήσασθαί
1056 3031 1132 3100 ποτὲ
1152 3036 1210 3100 τὸν
1229 3035 1333 3100 αὐτοῦ
1352 3044 1475 3100 παιᾶνα
1493 3034 1568 3118 περὶ

289 3153 348 3208 τοῦ
368 3142 520 3220 Πέλοπος
542 3142 596 3207 καὶ
620 3147 748 3230 χαίρειν
772 3142 896 3230 ᾅδοντα
919 3151 1040 3207 τοῦτον
1061 3139 1111 3206 ἀεὶ
1130 3141 1166 3206 έν
1184 3154 1253 3219 τοῖς
1271 3144 1392 3227 όρεσιν.
1429 3141 1512 3227 φασὶ
1532 3138 1567 3208 δὲ

288 3248 343 3314 καὶ
371 3249 421 3315 ὅτι
449 3247 528 3315 ποτε
552 3251 808 3334 Λακεδαιμόνιοι
833 3251 1001 3325 Βοιωτοὺς
1029 3247 1250 3332 ἐμπρήσαντες
1277 3246 1332 3312 καί
1358 3250 1469 3333 Θήβας
1492 3247 1568 3314 ἀπέ-

289 3377 408 3443 σχοντο
444 3359 547 3441 μόνης
583 3366 641 3441 τῆς
672 3358 778 3434 οἰκίας
810 3356 928 3439 αὐτοῦ,
964 3355 1164 3440 θεασάμενοι
1197 3354 1478 3441 ἐπιγεγραμμένον
1509 3357 1569 3422 τὸν

289 3467 403 3548 στίχον
417 3465 527 3529 τόνδε·
547 3464 754 3551 Πινδάρου
773 3473 841 3529 τοῦ
861 3471 1105 3548 μουσοποιοῦ
1124 3463 1194 3527 τᾶν
1213 3460 1354 3544 στέγαν
1367 3464 1416 3549 μή
1431 3467 1568 3530 καίετε.

236 3586 270 3636 25
290 3572 369 3658 ὅπερ
397 3569 453 3636 καὶ
479 3573 538 3636 τὸν
563 3570 778 3658 Ἀλέξανδρον
805 3572 885 3656 μετά
912 3571 1015 3636 ταῦτά
1042 3588 1125 3656 φασι
1152 3569 1372 3654 πεποιηκέναι.
1422 3569 1477 3635 καὶ
1504 3572 1567 3655 γὰρ

289 3675 388 3756 οὗτος
416 3677 583 3764 ἐμπρήσας
608 3680 665 3755 τὰς
691 3680 802 3763 Θήβας
825 3681 928 3762 μόνης
950 3687 1008 3762 τῆς
1030 3678 1158 3743 ἐκείνου
1181 3680 1287 3756 οίκιάς
1310 3678 1472 3763 ἐφείσατο.
1518 3677 1568 3764 ἑχ-

289 3794 382 3871 θρῶς
406 3784 442 3850 δὲ
466 3784 682 3869 διακειμένων
704 3797 771 3850 τῶν
787 3785 974 3869 Ἀθηναίων
992 3787 1076 3873 πρὸς
1093 3789 1172 3862 τοὺς
1193 3789 1368 3870 Θηβαίους,
1392 3785 1460 3851 ἐπεὶ
1479 3782 1569 3853 εἶπεν

288 3892 325 3957 έν
353 3903 423 3967 τοῖς
450 3891 554 3955 αὐτοῦ
581 3894 773 3976 ποιήμασιν·
801 3887 840 3956 Ὦ
867 3896 1109 3977 ταλαίπωροι
1139 3898 1278 3979 Θῆβαι,
1306 3892 1360 3958 καὶ
1389 3899 1568 3977 Μεγαλο-

288 4001 423 4074 πόλιες
443 3995 619 4082 Ἀθᾶναι,
643 3998 824 4083 ἐζημίωσαν
846 3998 950 4063 αὐτὸν
972 4001 1136 4084 χρήμασιν
1157 4002 1192 4065 οί
1210 4004 1361 4085 Θηβαῖοι,
1384 4001 1466 4088 άπερ
1485 3998 1568 4087 ὑπὲρ

236 4122 271 4171 80
290 4104 418 4171 ἐκείνου
437 4107 549 4170 ἔτισαν
565 4104 745 4188 Ἀθηναῖοι.
786 4105 965 4190 γέγραπται
984 4103 1020 4170 δὲ
1035 4106 1124 4195 αὐτῷ
1144 4105 1359 4172 ἑπτακαίδεκα
1376 4111 1499 4193 βιβλία,
1521 4103 1569 4174 ὧν

288 4217 430 4295 τεσσαρα
452 4211 472 4295 ἡ
497 4211 654 4296 λεγομένη
677 4215 842 4296 περίοδος·
867 4213 953 4295 λέγει
976 4213 1069 4298 τάδε,
1091 4212 1336 4299 Ὀλυμπιονῖκαι
1360 4221 1569 4282 Πυθιονῖκαι

287 4317 505 4403 Ἰσθμιονίκαι
524 4323 732 4404 Νεμεουῑκαι.
776 4319 853 4404 [άπὸ
878 4317 914 4384 δὲ
938 4331 1005 4384 τῶν
1029 4319 1070 4399 ιζ’
1089 4325 1230 4405 βιβλίων
1253 4322 1317 4388 εἰσί
1340 4321 1398 4388 καί
1418 4324 1458 4388 τά
1481 4327 1570 4407 λεγό-

289 4450 370 4510 μενα
392 4427 555 4511 προσόδια
578 4424 633 4491 καὶ
655 4424 836 4513 παρθένια,
863 4436 1012 4506 παιᾶνες,
1039 4427 1154 4513 ὕμνοι,
1182 4430 1425 4516 διθυραμβικά,
1453 4432 1569 4497 σκολιά

291 4531 345 4598 καὶ
369 4533 475 4616 ἄλλα]

379 4768 420 4817 11.
440 4761 480 4816 ef.
501 4762 545 4815 ad.
565 4761 708 4819 Eustasshii
727 4761 776 4816 vit.
795 4781 822 4832 p.
838 4762 906 4820 0111.
927 4795 958 4803 -
979 4768 1021 4818 28.
1040 4763 1073 4818 fr.
1090 4769 1141 4817 196
1162 4797 1193 4803 -
1214 4765 1335 4820 l‘.v111.
1358 4799 1390 4807 -
1410 4771 1443 4820 32
1454 4784 1489 4820 ss.
1509 4766 1566 4820 άπὸ

291 4874 341 4888 ...
363 4832 431 4887 ἄλλα
450 4833 516 4888 add:
535 4834 698 4891 Germanus.
