3442 5550
483 418 518 470 Π.
546 418 596 467 DE
614 418 708 469 ARTE
727 418 886 469 Marsica
904 420 1060 471 PINDARI.
1323 420 1413 475 XXIX

129 576 348 663 Glyconenm,
365 578 399 642 in
415 578 561 664 dipodias
576 578 736 644 dissecare
749 579 893 644 noluisse
908 582 1063 666 concedo,
1076 586 1186 648 tamen
1199 582 1266 648 iam
1279 582 1412 649 Pindari

126 689 238 749 aetate
270 685 475 772 logaoedicos
507 708 619 751 versus
652 686 836 773 analogiam
868 686 1107 753 trochaicorum
1137 694 1171 753 et
1197 690 1411 756 iambicorum

127 814 283 857 versuum
311 799 439 859 secutos
467 815 538 859 esse
566 816 605 858 co
633 794 738 880 magis
762 794 843 858 mihi
865 795 1027 880 persuasi,
1055 797 1140 881 quod
1164 796 1263 861 etiam
1286 803 1410 864 veteres

127 900 258 965 metrici
287 923 360 966 cum
388 901 444 966 alii
471 906 542 967 tum
569 901 769 986 Hephaestio
797 901 859 967 hoc
888 922 989 987 genus
1017 924 1170 967 versuum
1197 904 1232 968 in
1254 903 1411 989 dipodias,

127 1028 197 1071 non
215 1012 252 1073 ut
271 1030 357 1074 nunc
370 1007 593 1094 Westphalius
613 1009 746 1093 eiusque
764 1009 906 1074 asseclae
924 1008 1062 1092 faciunt,
1080 1009 1115 1074 in
1134 1010 1298 1095 simplices
1312 1013 1410 1097 pedes

127 1114 317 1180 diviserunt.
355 1114 460 1191 Quid?
484 1116 569 1202 qnod
592 1115 751 1181 Pindarus
773 1116 843 1200 ipse
867 1116 1041 1181 nonnullos
1065 1140 1177 1182 versus
1201 1118 1409 1204 logaoedicos

126 1222 177 1286 ita
196 1222 426 1309 conformavit,
445 1229 482 1288 ut
500 1224 581 1288 duos
600 1223 724 1308 priores
742 1224 839 1309 pedes
859 1247 878 1287 a
897 1224 1023 1288 duobus
1041 1225 1279 1308 posterioribus
1299 1232 1409 1312 aperte

126 1328 362 1416 distingueret,
386 1330 473 1395 velut
497 1329 533 1395 0.
553 1348 590 1394 rx
614 1335 669 1395 str.
690 1333 719 1396 6.
740 1332 790 1396 10.
815 1330 854 1395 Ν.
874 1348 900 1392 11
918 1333 954 1395 ὃς

126 1580 214 1656 Quid
241 1581 327 1646 enim
356 1580 482 1646 differre
510 1581 598 1646 <lices
627 1582 784 1666 syllabam
812 1581 986 1665 ancipitem
1012 1581 1047 1644 in
1073 1583 1136 1646 fine
1159 1584 1293 1648 alterius
1316 1586 1407 1669 pedis

124 1688 224 1752 huius
257 1689 321 1754 coli
353 1689 494 1773 positam
528 1689 568 1752 ab
597 1688 793 1773 ancipitibus
822 1687 969 1772 syllabis,
1002 1689 1119 1775 quibus
1149 1690 1223 1754 finis
1252 1691 1407 1777 cuiusque

124 1795 276 1881 dipodias
309 1795 548 1861 trochaicorum
583 1800 616 1860 et
648 1795 862 1861 iambicorum
899 1817 1050 1860 versuum
1087 1796 1264 1882 significari
1301 1789 1437 1937 solet?'

122 1900 254 1967 Talium
277 1902 380 1988 igitur
402 1926 554 1968 versuum
578 1902 728 1988 analogia
752 1903 889 1967 maxime
914 1909 1095 1968 commotus
1118 1928 1204 1990 sum,
1226 1909 1263 1969 ut
1282 1910 1405 1971 ceteros
1431 1940 1434 1985 q

123 2030 389 2093 quoqueversus
413 2010 618 2097 logaoedicos
642 2010 677 2074 in
700 2009 847 2094 dipodias
871 2009 1054 2074 dividerem.
1102 2009 1164 2076 Sed
1188 2012 1251 2076 alia
1274 2012 1406 2098 insuper

124 2121 257 2181 exstant
288 2116 421 2207 indicia,
453 2139 491 2181 ex
524 2117 641 2200 quibus
669 2115 845 2180 Pindarum
877 2116 1066 2202 logaocdica
1098 2118 1169 2183 cola
1197 2119 1231 2183 in
1259 2119 1405 2204 dipodias
1433 2104 1436 2115 ¹

123 2223 297 2288 dividenda
324 2224 464 2289 voluisse
492 2222 635 2309 colligas.
681 2222 789 2308 Atque
818 2224 959 2308 primum
990 2224 1160 2307 quinquies
1189 2223 1239 2312 (P.
1259 2244 1284 2289 11
1308 2249 1356 2311 ep.
1376 2228 1404 2291 5.
1530 2219 1533 2225 ’

123 2328 161 2393 0.
181 2348 245 2394 xrn
264 2333 293 2395 2.
322 2330 356 2394 P.
375 2349 411 2393 vr
433 2335 459 2395 1.
483 2334 593 2394 v1114.
626 2329 666 2394 N.
686 2333 772 2395 1114.
796 2348 846 2392 vn
864 2329 900 2417 4)
924 2330 1113 2416 logaoedico
1138 2332 1242 2396 ordini
1265 2333 1406 2399 iambica

123 2437 213 2502 basis
238 2439 375 2503 duorum
394 2437 509 2522 pedum
531 2437 710 2521 praemissa
728 2443 791 2522 est,
814 2459 896 2521 quae
915 2459 988 2501 cum
1007 2438 1120 2523 procul
1139 2439 1237 2504 dubio
1257 2440 1406 2524 dipodias

121 2543 191 2608 vim
220 2544 354 2628 habeat,
385 2544 543 2628 reliquam
573 2565 700 2628 quoque
728 2550 853 2630 partem
882 2566 993 2609 versus
1021 2567 1060 2608 ex
1088 2545 1227 2621 dipodiis
1256 2553 1405 2612 constare

121 2674 184 2735 par
206 2657 257 2717 est
279 2653 342 2717 hoc
365 2651 460 2715 modo

367 2757 1022 2845 oser-ro.oosc1.sa-(P.11
1046 2757 1158 2844 eph).

1469 2828 1481 2903 l

122 2881 247 2949 Deinde
272 2883 352 2948 colis
375 2883 574 2970 logaoedicis
598 2882 795 2949 catalectiois
819 2883 926 2967 quarti
951 2885 1002 2948 vel
1026 2885 1123 2969 sexti,
1150 2906 1217 2949 non
1240 2886 1329 2950 tertii
1352 2886 1403 2951 vel
1463 2908 1473 2993 q

123 2989 230 3073 quinti
253 2990 344 3073 pedis
368 2991 470 3055 altera
492 3012 568 3075 pars
591 2990 701 3055 deesse
725 2989 822 3074 solet,
844 2990 933 3054 velut

335 3102 620 3183 sancei-,ori
673 3155 771 3207 ἐν..
804 3113 1039 3201 (P.11ep.4),

344 3264 450 3289 so-
477 3218 1042 3309 e'sowoscrss'coe-(N.111
1068 3220 1188 3309 ΒΜ).

120 3363 194 3428 Hoc
227 3369 337 3428 autem
368 3365 531 3448 quomodo
564 3365 718 3450 explicari
749 3364 855 3449 possit
881 3386 949 3429 non
976 3365 1068 3430 video
1097 3365 1160 3429 nisi
1188 3388 1227 3430 ex
1255 3366 1403 3450 dipodioa

121 3476 287 3537 structura
314 3471 416 3536 totius
444 3493 564 3537 versus.
610 3471 757 3556 Denique
781 3471 1073 3555 brachycatalexis,
1101 3473 1193 3537 cuius
1216 3472 1307 3536 notio
1332 3473 1403 3556 ipsa

121 3578 442 3663 comprehensionem
460 3578 612 3644 binorum
632 3580 749 3664 pedum
767 3579 917 3661 includit,
940 3601 1006 3642 non
1025 3579 1132 3643 minus
1151 3579 1186 3642 in
1203 3578 1401 3664 logaoedicis

119 3707 218 3771 quam
247 3686 282 3749 in
310 3685 485 3751 trochaicis
512 3686 725 3769 iambicisque
749 3685 916 3750 ordinibus
944 3685 1116 3750 invenitur.
1163 3685 1400 3751 Difficultatem
1431 3698 1439 3771 t

120 3793 208 3858 solae
231 3798 348 3877 purant
371 3793 530 3877 tripediae
553 3793 761 3879 logaoedicae
785 3792 993 3858 catalecticus
1013 3793 1205 3878 tetrapodiis
1224 3793 1401 3858 immixtae.
1428 3840 1431 3847 -

119 3892 205 3965 Nam
234 3922 308 3964 oum
335 3899 396 3964 hae
425 3900 553 3986 quidem
578 3900 691 3984 procul
714 3900 813 3965 <lubio
836 3900 871 3964 in
893 3899 990 3984 pedes
1015 3900 1178 3984 simplices
1202 3900 1400 3966 dirimendae

118 4007 199 4091 sint,
222 4008 321 4072 etiam
344 4007 544 4091 tetrapodias
567 4007 602 4071 in
624 4008 722 4091 pedes
746 4006 924 4091 simplices,
950 4029 1016 4072 non
1040 4008 1240 4093 compositos
1260 4008 1401 4073 dividen-

117 4115 175 4179 das
207 4137 278 4179 esse
306 4119 560 4179 consentaneum
590 4136 659 4179 esse
688 4114 823 4179 videtur.
869 4113 915 4178 At
942 4114 1151 4179 inveniuntur
1179 4115 1292 4201 etiam,
1323 4115 1400 4180 licet

118 4222 236 4306 rarius,
259 4221 419 4306 tripediae
442 4220 601 4287 iambicae
624 4227 657 4286 et
681 4220 877 4305 trochaicae,
900 4242 1005 4306 neque
1028 4227 1138 4287 tamen
1156 4222 1197 4286 iis
1217 4228 1399 4288 commotos

116 4328 197 4411 vidi,
221 4329 276 4413 qni
300 4328 484 4414 vulgarium
506 4327 721 4393 iambicorum
744 4328 1023 4394 trochaicorumve
1045 4351 1197 4394 versuum
1215 4328 1398 4413 dipodicam

117 4435 358 4520 percussionem
377 4435 579 4500 abiciendam
593 4457 663 4500 esse
678 4440 853 4500 censerent.
883 4436 988 4501 immo
1003 4436 1090 4501 uliud
1105 4436 1262 4502 breviculi
1277 4458 1397 4519 versus,

117 4543 204 4607 aliud
227 4543 318 4628 longi
342 4543 490 4629 flagitare
513 4543 678 4626 videntur,
704 4564 808 4626 neque
835 4542 967 4629 ingrata
989 4543 1046 4608 fiet
1070 4543 1264 4628 modulatio,
1291 4544 1319 4608 si
1342 4543 1398 4607 tri·

117 4651 229 4735 podias
253 4649 318 4714 alio
337 4651 435 4715 modo
454 4650 577 4715 dividas
597 4655 694 4733 atque
714 4650 913 4733 tetrapodias
933 4657 966 4715 et
984 4650 1188 4736 hexapodias.
1226 4651 1276 4714 Nc
1295 4650 1397 4735 igitur

118 4762 152 4821 tu
184 4761 317 4844 gravate
345 4757 472 4840 tuleris,
505 4757 590 4841 quod
622 4778 708 4821 novo
741 4756 837 4820 modo
870 4758 931 4822 hac
958 4757 993 4822 in
1021 4757 1162 4823 editione
1190 4755 1396 4842 logaoedicas

119 4864 315 4950 tetrapodias
348 4864 489 4949 primum
522 4864 556 4928 in
589 4863 750 4949 dipodias,
782 4863 895 4930 deinde
927 4864 961 4928 in
993 4867 1090 4950 pedes
1124 4863 1288 4950 simplices
1322 4862 1397 4927 diri·
