3442 5550
690 449 838 501 renuens
857 450 923 501 vm
942 448 1025 520 [v11].
1428 447 1494 512 373

221 616 328 694 possis,
363 635 423 692 qua
454 615 489 675 de
520 636 551 675 re
579 616 645 675 vide
675 616 753 678 Prol.
776 635 827 675 n11.
873 616 1032 676 Praeterea
1065 618 1168 675 utmm
1195 635 1299 675 versus
1328 620 1452 677 octavus
1482 637 1500 676 a

224 704 369 765 tribrachi
389 703 527 764 anacrusi
546 705 679 783 incipiat,
698 725 736 764 au
752 725 769 764 a
784 706 905 782 dipodia
924 706 1075 782 epitritica
1094 705 1184 764 simili
1204 725 1344 766 versuum
1361 705 1394 765 Ο.
1410 725 1429 764 x
1444 719 1469 765 3.
1484 719 1500 765 4

645 844 1073 893 dcundum-aiauL

220 955 358 1033 equidem
381 955 493 1014 dubito.
527 956 561 1012 lu
580 955 686 1015 ultimo
709 975 778 1015 vero
802 975 891 1015 versu
914 956 976 1032 ipse
1000 955 1156 1032 pulchram
1180 956 1309 1031 speciem
1332 956 1498 1016 mesodicae

220 1045 335 1121 periodi
359 1043 569 1121 aequabilitati
593 1044 747 1120 dipodicae
775 1045 929 1105 divisionis
959 1045 1124 1121 anteposui.
1171 1045 1283 1104 Versus
1310 1045 1441 1121 primum
1469 1050 1500 1105 st

221 1135 396 1212 secundum,
420 1153 488 1194 cum
512 1137 544 1193 et
565 1134 696 1193 numeris
719 1137 750 1193 et
773 1134 928 1194 sententiis
959 1127 1009 1215 (cf.
1033 1144 1081 1195 vv.
1106 1146 1147 1194 11.
1172 1145 1221 1212 123
1245 1145 1288 1195 21.
1313 1145 1360 1212 223
1383 1145 1427 1194 31.
1450 1127 1498 1216 ιι)

221 1224 414 1301 cohaereant,
442 1224 473 1281 iu
502 1243 596 1282 uuum
623 1243 741 1283 versum
770 1223 960 1283 Hermannus
988 1223 1136 1301 Bergkius
1188 1223 1402 1282 Mommseuius
1430 1243 1498 1284 con·

221 1313 397 1389 iunxemut,
425 1332 552 1388 quorum
581 1313 756 1372 auctoritati
778 1313 945 1389 ⁴quominus
973 1312 1224 1390 obtemperarem,
1254 1311 1371 1389 syllaba
1401 1314 1499 1374 media

221 1402 345 1478 ancipiti
368 1422 508 1461 versuum
531 1413 574 1460 21.
598 1413 631 1460 41
656 1402 824 1478 prohibitus
848 1421 921 1462 sum.
952 1402 1049 1461 Divisi
1072 1402 1168 1480 igitur
1185 1420 1297 1479 versus,
1322 1402 1366 1461 ita
1388 1406 1498 1481 tamen,

220 1495 255 1550 ut
286 1511 321 1550 ex
350 1491 467 1550 duobus
497 1491 631 1549 versibus
661 1511 754 1549 unum
786 1495 993 1567 asynartetum
1023 1510 1142 1550 versum
1172 1490 1251 1551 ellici
1278 1496 1430 1569 putaram
1461 1493 1497 1553 cf.

220 1581 298 1640 Prol.
318 1599 380 1637 xrn
400 1598 442 1656 sq.
488 1579 616 1638 Versum
646 1581 785 1656 quintum
813 1581 844 1639 in
872 1584 932 1640 tres
955 1599 1058 1640 versus
1081 1581 1230 1659 Berglrius
1254 1581 1387 1660 diremit,
1417 1583 1498 1659 quod

219 1672 255 1728 nt
281 1668 345 1728 fieri
373 1686 458 1744 posse
484 1686 502 1726 a
530 1669 615 1727 uobis
647 1669 740 1747 signis
773 1689 913 1729 caesurae
947 1670 1111 1729 indicatum
1136 1673 1182 1729 est
1208 1663 1250 1750 (v.
1274 1671 1353 1730 Prol.
1377 1665 1497 1754 xxm),

221 1759 265 1817 ita
295 1761 389 1817 artem
419 1760 525 1834 poetas
555 1758 585 1816 in
612 1759 733 1834 periodo
762 1759 854 1837 longa
876 1760 1079 1836 componenda
1102 1777 1271 1835 expressam
1294 1760 1422 1839 caligine
1446 1761 1497 1821 ob·

220 1848 311 1907 ducit.
359 1848 401 1906 De
429 1847 608 1923 paenultimi
635 1868 705 1907 vero
734 1848 790 1908 coli
818 1849 909 1908 huius
937 1868 1040 1909 versus
1068 1849 1160 1927 longa
1187 1849 1338 1909 trichrouo
1366 1849 1398 1909 in
1421 1851 1497 1910 duas

221 1937 325 1996 breves
348 1938 449 1997 soluta
471 1937 537 1996 vide
561 1937 639 1997 Prol.
659 1956 751 1997 xnvn.
792 1938 929 2016 Denique
952 1957 1070 1999 versum
1094 1938 1237 1997 ultimum
1261 1958 1279 1997 a
1301 1941 1496 2015 praecedente

221 2045 310 2087 versu
333 2047 411 2087 nouo
435 2046 494 2086 non
517 2027 606 2105 longo
630 2027 789 2086 intervallo
813 2027 1012 2087 dirimendum
1035 2046 1106 2105 esse,
1129 2028 1281 2104 particula
1304 2028 1443 2088 enclitica
1465 2050 1497 2110 γε

221 2117 250 2174 in
274 2116 362 2175 initio
386 2136 412 2175 v.
433 2127 466 2175 10
489 2116 590 2192 posita
612 2135 666 2175 nos
696 2120 871 2177 commonet.
917 2118 1021 2193 Epodo
1052 2116 1132 2193 quod
1163 2136 1281 2176 carmen
1312 2122 1407 2195 caret,
1437 2138 1496 2178 uon

219 2225 314 2282 aeque
340 2209 432 2282 atque
458 2205 489 2263 in
516 2206 697 2264 carminibus
717 2204 750 2265 Ο.
770 2224 830 2264 x1v.
854 2205 887 2263 P.
906 2224 958 2264 xn.
982 2206 1019 2264 N.
1038 2224 1069 2264 rv
1089 2225 1123 2264 ex
1142 2225 1177 2265 ao
1201 2206 1410 2282 explicandum
1433 2227 1496 2268 esse

220 2294 348 2373 videtur,
373 2294 453 2370 qnod
476 2295 507 2352 in
530 2314 640 2371 pompa
663 2315 681 2353 a
705 2295 792 2353 choro
817 2295 970 2354 incedente
994 2293 1180 2373 cantabatur,
1205 2295 1256 2354 sed
1279 2315 1314 2355 ax
1339 2316 1388 2373 eo,
1415 2297 1495 2373 quod

218 2389 308 2461 poeta
327 2385 452 2444 formam
471 2384 734 2460 epithalamicmm
752 2387 908 2459 poetarum
928 2384 1126 2461 Aeolicorum,
1146 2403 1223 2461 quae
1243 2385 1346 2461 epodis
1365 2386 1494 2446 caruisse

219 2477 346 2550 constat,
365 2473 503 2531 imitatus
522 2477 573 2532 est.
612 2473 801 2549 Quamquam
820 2492 879 2532 uon
898 2472 1080 2552 refragabat,
1100 2474 1125 2533 si
1145 2474 1212 2550 quis
1231 2474 1410 2551 principium
1430 2475 1494 2552 qui-

221 2562 287 2621 dem
310 2562 449 2621 carminis
473 2563 503 2622 iu
527 2582 637 2639 pompe
660 2566 815 2622 cantatum
839 2582 901 2623 esse
925 2564 1074 2623 statuerit

300 2735 480 2824 Κλεάνδρῳ
503 2759 554 2813 τις
576 2734 686 2823 ἁλικίᾳ
708 2760 742 2801 τε
765 2737 889 2822 λύτρον
1294 2741 1373 2823 Στρ.
1398 2741 1440 2804 ν’.

301 2843 453 2926 εὔδοξον,
477 2838 502 2908 ὦ
526 2839 610 2926 νέοι,
633 2843 802 2927 καμάτων,

300 2951 423 3034 πατρὸς
446 2948 572 3032 άγλοιὸν
600 2949 755 3035 Τελεσάρ-

343 3081 403 3141 χον
427 3057 516 3142 παρὰ
539 3059 717 3141 πρόθυρον
740 3057 801 3121 ἰὼν
824 3055 1017 3142 ἀνεγειρέτω

298 3174 424 3248 κῶμον,
443 3161 634 3248 Ἰσθμιάδος
656 3187 691 3229 τε
714 3167 763 3229 νί-

342 3294 401 3347 κας
423 3272 558 3352 άποινα,
582 3269 636 3335 καὶ
660 3270 772 3357 Νεμέᾳ

247 3396 263 3442 ι
300 3376 432 3443 ἀέθλων
455 3378 505 3442 ὅτι
528 3379 647 3463 κράτος
671 3376 717 3456 ἐξ·

345 3493 429 3569 εῦρε.
476 3493 520 3571 τῷ
545 3482 600 3548 κοιλ
622 3483 701 3567 ἐγώ,
724 3527 737 3533 -
761 3489 877 3568 καίπερ
901 3485 1084 3571 ἀχνύμενος

291 3713 372 3748 visu
391 3712 493 3748 aacvro.
531 3695 614 3749 luscr.
635 3713 687 3752 om.
708 3697 769 3752 BD
788 3700 817 3752 et
835 3696 920 3752 schol.
941 3728 973 3737 -
995 3704 1017 3751 1.
1037 3719 1079 3760 τις
1098 3700 1137 3753 B:
1156 3695 1246 3762 1191)
1264 3729 1297 3738 -
1316 3716 1345 3752 ts
1364 3697 1444 3753 codd.
1465 3701 1494 3752 et

219 3765 319 3822 schol:
338 3786 363 3819 τι
382 3766 452 3821 coni.
473 3766 566 3837 Bergk
586 3799 619 3807 -
639 3773 663 3821 3.
683 3768 833 3837 πρόθυμον
850 3769 881 3824 D
895 3801 928 3809 -
945 3768 1109 3839 ἀνεγειρέτω
1129 3770 1168 3824 B:
1188 3766 1320 3839 ἀγειρέτω
1338 3767 1376 3839 D,
1396 3787 1493 3840 ονναν,

217 3838 288 3892 coni.
309 3837 421 3892 Schmid
442 3871 475 3878 —
495 3844 519 3892 4.
540 3840 639 3909 κώμων
659 3841 686 3894 Β
705 3872 737 3879 -
757 3843 822 3909 post
840 3837 938 3915 Νεμέᾳ
956 3839 1131 3910 interpunxit
1148 3839 1240 3909 Bergk
1261 3871 1292 3880 —

290 3999 478 4035 connanrnnn.
507 4000 533 4036 v.
550 3989 572 4036 1.
594 3980 744 4054 Κλεάνδρῳ
763 3981 858 4056 ἁλικίᾳ
877 4001 918 4036 ιε’
939 3983 1076 4038 Cleandro
1095 3986 1124 4037 et
1143 3982 1202 4036 eiua
1221 3982 1334 4053 aequali
1349 3984 1446 4054 aetati,
1462 3988 1494 4039 ut

219 4069 275 4106 non
295 4052 376 4120 longe
396 4053 503 4106 absita
519 4052 667 4107 ‘Cleandro
687 4053 799 4122 aequali
819 4053 930 4109 sodali'.
954 4055 1083 4123 Namque
1102 4058 1251 4124 quominus
1272 4058 1313 4109 ‘et
1326 4055 1492 4124 aequalibus

221 4123 292 4177 eius'
314 4123 535 4191 interpretemur,
558 4141 620 4177 cum
639 4143 682 4180 rea
701 4125 764 4195 ipsa
782 4125 914 4194 probibet
932 4159 965 4167 -
984 4126 1098 4181 victoris
1118 4125 1191 4180 euim
1211 4125 1361 4196 epinicium
1381 4144 1493 4181 carmen

219 4196 263 4248 est
277 4196 384 4247 -tum
399 4211 494 4248 versus
514 4210 548 4262 as,
568 4213 601 4248 ex
620 4214 675 4265 quo
695 4197 826 4265 aequales
846 4197 922 4267 ipsos
941 4215 1053 4252 carmen
1072 4214 1172 4251 canere
1190 4201 1316 4267 apparet.
1347 4197 1387 4252 De
1407 4198 1492 4252 simili

218 4282 269 4319 usu
288 4264 445 4335 particulae
463 4285 492 4320 τε
511 4267 583 4321 conf,
604 4267 635 4320 Ο,
654 4287 672 4320 1
690 4284 716 4324 ss
738 4300 769 4308 —-
787 4288 842 4338 τις,
869 4270 1064 4324 choreutarum
1083 4269 1215 4339 quisque,
1239 4285 1311 4338 quae
1330 4268 1430 4322 similis
1449 4268 1491 4322 vis

218 4335 390 4406 pronominis
414 4336 552 4390 indefiniti
572 4339 693 4393 occurrit
715 4340 735 4394 Ι.
755 4359 804 4393 v111
821 4355 856 4394 aa.
884 4340 918 4395 N.
939 4359 987 4394 vm
1005 4356 1039 4395 ιο.
1066 4340 1096 4395 Ρ.
1116 4356 1188 4396 1151.
1217 4340 1298 4395 Hom.
1318 4340 1348 4395 ll.
1368 4359 1425 4393 xvrr
1443 4356 1490 4395 sav.

217 4407 301 4478 Soph.
320 4408 363 4462 ni.
384 4424 423 4464 aas
443 4441 473 4448 —
495 4409 594 4478 λύτρον
614 4409 746 4480 καμάτων
765 4428 876 4465 carmen
900 4411 1049 4482 epinicium
1074 4428 1135 4467 esse
1161 4411 1277 4481 dicitur,
1303 4414 1335 4464 ut
1359 4410 1389 4466 P.
1408 4430 1425 4464 v
1446 4428 1490 4466 roo.

216 4479 251 4533 N.
270 4498 299 4533 1v
318 4498 345 4548 13
370 4479 404 4534 cf.
425 4479 525 4547 λύτρον
543 4490 688 4550 συμφορᾶς
715 4482 744 4536 Ο.
765 4501 803 4536 vn
822 4500 856 4551 ιι,
875 4486 904 4536 et
923 4480 1002 4544 νίκας
1020 4482 1127 4537 ἄποινα
1152 4483 1171 4536 Ι.
1191 4502 1240 4536 v111
1259 4499 1280 4537 a.
1308 4482 1337 4535 Ρ.
1358 4501 1377 4534 11
1396 4499 1429 4536 rs.
1458 4481 1490 4537 Ο.

215 4570 255 4604 vir
271 4567 305 4619 rs,
323 4555 433 4620 πλαγᾶν
452 4551 520 4615 άκος
538 4553 572 4606 N.
586 4571 618 4605 111
633 4569 666 4607 ra.
685 4573 714 4607 rv
729 4570 741 4608 a
759 4585 793 4594 —
813 4559 837 4605 3.
856 4552 1016 4622 πρόθυρον·
1035 4553 1206 4608 vestibulum
1226 4554 1324 4608 domus
1342 4556 1490 4623 pateruae;

217 4622 258 4676 sic
273 4622 358 4677 etiam
375 4623 409 4677 N.
424 4642 434 4674 1
449 4640 473 4677 rs
488 4639 599 4676 carmen
619 4628 684 4679 ante
703 4625 776 4679 fores
795 4625 893 4678 domus
908 4625 1022 4680 victoris
1037 4625 1146 4680 cantari
1161 4624 1264 4679 dicitur
1279 4657 1311 4664 -
1327 4630 1351 4678 4.
1368 4623 1490 4694 Ἰσθμιά-

217 4697 266 4758 δος
283 4714 313 4748 τε
332 4693 412 4757 νίκας
432 4694 538 4747 ἄποινα
557 4695 605 4748 καὶ
625 4695 721 4770 Νεμέᾳ
741 4694 782 4750 ὅτι
800 4695 901 4765 κράτος
919 4695 1032 4751 ἀέθλων
1055 4697 1160 4764 ἐξεῦρε·
1185 4714 1235 4750 suo
1254 4712 1330 4750 more
1352 4696 1490 4750 Pindarus

216 4768 352 4834 cognatae
378 4782 435 4827 res,
462 4764 622 4818 Isthmicam
642 4766 789 4821 victoriam
816 4770 902 4837 atque
927 4769 1097 4823 Nemeaeum
1117 4767 1277 4833 victoriam,
1303 4766 1383 4821 varia
1401 4767 1490 4821 forma

216 4835 352 4891 orationis
367 4835 473 4903 reddit3
492 4853 565 4904 quse
582 4840 678 4890 autem
693 4838 811 4893 victoria
824 4840 919 4910 potior
932 4839 970 4894 sit
988 4843 1017 4894 et
1034 4840 1087 4895 hoc
1106 4855 1218 4894 carmen
1237 4837 1409 4906 excitaverit,
1428 4856 1489 4894 eam

216 4907 309 4977 priore
328 4906 389 4960 loco
407 4907 530 4976 positam
550 4924 609 4961 esse
628 4926 713 4979 supra
732 4909 761 4963 iu
779 4912 893 4980 Argum.
913 4911 1091 4982 exposuimus
1111 4943 1144 4951 —
1163 4915 1187 4965 b.
1210 4909 1365 4982 ἀχνύμενος
1383 4908 1488 4983 θυμόν·
