3442 5550
736 1269 951 1323 uruuou.sst

349 1433 787 1519 ΞΕΝΟΚΡΑΤΕΙ
829 1419 1342 1518 ΑΚΡΑΓΑΝΤΙΝΩι

776 1631 917 1682 APMATL

732 2916 974 2998 Argumentum.

304 3048 484 3107 Xenocrates
503 3046 694 3106 Aenesidami
713 3045 793 3104 filius
811 3045 1027 3124 Agrigentinus
1054 3066 1089 3104 ex
1112 3045 1297 3105 nobilissima
1313 3049 1401 3122 gente
1420 3046 1487 3104 Em·

216 3137 403 3197 menidarum
423 3142 464 3217 (v.
485 3129 524 3218 5),
543 3136 628 3196 ouius
647 3136 804 3195 victoriam
822 3135 1000 3211 Delphicam
1019 3135 1166 3210 Pyt-hiade
1188 3137 1227 3194 24
1248 3161 1290 3182 =
1311 3137 1374 3195 494
1395 3126 1487 3215 (490)

216 3247 242 3286 a.
263 3226 328 3285 Chr.
349 3230 467 3302 partam
490 3227 545 3285 hoe
569 3245 687 3285 cannen
710 3227 833 3302 spectat,
857 3243 1009 3283 unacum
1032 3225 1124 3283 fratre
1148 3224 1291 3303 Therone,
1310 3224 1384 3284 duce
1403 3223 1489 3302 Agri·

216 3316 416 3394 gentinorum,
431 3315 461 3372 in
477 3315 627 3390 equestria
643 3318 673 3372 et
687 3314 805 3373 curulia
821 3313 922 3371 studia
941 3314 1072 3389 impense
1091 3313 1229 3372 incubuit
1246 3314 1418 3389 multasque
1431 3312 1489 3373 ric·

217 3404 309 3463 terias
328 3404 360 3461 in
379 3404 500 3462 ludicris
520 3403 731 3463 certaminibus
750 3402 928 3479 reportavit,
947 3402 983 3462 cf.
1002 3402 1025 3461 I.
1044 3420 1068 3459 11
1087 3405 1117 3461 et
1136 3400 1207 3461 0.11
1227 3415 1260 3462 54
1275 3422 1318 3480 sq.
1341 3402 1490 3463 Direxisse

217 3498 318 3552 auteur
342 3497 431 3568 yreeta
453 3493 508 3551 hoc
532 3511 650 3551 carmen
669 3493 707 3551 ad
728 3492 824 3550 filium
847 3492 911 3551 eius
931 3490 1151 3568 Thrasybulum
1171 3492 1297 3570 videtur,
1317 3492 1397 3568 qued
1416 3493 1442 3552 is
1459 3492 1490 3551 in

220 3582 344 3659 Pythice
368 3581 529 3641 certamine
553 3582 675 3660 aurigae
699 3602 820 3641 nrunere
844 3583 964 3641 functus
984 3584 1056 3641 erat.
1089 3582 1198 3659 ,Eidem
1217 3581 1404 3658 Thrasybulo
1423 3581 1490 3641 Pin-

219 3673 318 3747 uerus,
338 3690 398 3747 quo
417 3690 517 3729 amere
536 3671 653 3749 egregie
672 3672 828 3731 cordatum
843 3672 980 3730 iuvenem
994 3671 1238 3749 prosequebatur,
1254 3671 1491 3748 epinieium1.11

218 3764 249 3820 et
268 3760 389 3837 scelien,
408 3760 493 3820 cuius
512 3761 714 3838 fragmentum
732 3752 996 3841 illustre(fr.124)
1013 3763 1164 3819 servatum
1183 3765 1236 3830 est,
1255 3761 1370 3820 misisse
1388 3761 1491 3821 fertur.

219 3850 316 3920 Quam
344 3849 475 3925 antiquis
503 3853 603 3907 autem
632 3850 815 3926 temporibus
845 3849 950 3909 Graeci
979 3849 1097 3908 Siciliae
1126 3869 1194 3909 cum
1221 3850 1359 3926 Delphici
1388 3849 1492 3928 templi

220 3939 423 3998 sacerdotibus
442 3938 679 3997 familiaritatem
697 3940 908 4015 contraxerint,
923 3939 1032 3997 titulus
1050 3942 1181 3998 testatur
1194 3939 1358 4015 Delphicus
1377 3957 1493 3999 saecri

218 4024 446 4105 βουστροφηδὸν
470 4028 599 4104 scriptus
622 4032 652 4086 et
675 4047 692 4086 a
716 4028 892 4087 Selinuntiis
916 4028 1041 4104 positae,
1065 4028 1161 4102 quode
1185 4049 1211 4087 r.
1234 4029 1390 4105 Pomptow
1414 4028 1492 4089 sub.

219 4117 246 4175 d.
261 4137 303 4192 pr.
321 4117 375 4174 nik.
394 4120 476 4177 1887
497 4139 525 4193 p.
543 4129 593 4177 705
608 4120 638 4175 et
651 4116 792 4195 Beitrllge
807 4136 859 4176 zur
873 4117 1081 4195 Tepegraphie
1096 4137 1154 4176 ven
1170 4118 1278 4194 Delphi
1296 4121 1379 4178 1889
1398 4139 1427 4196 p.
1444 4120 1492 4178 72.

308 4205 343 4263 ln
373 4207 524 4281 prooemio
558 4210 646 4282 poeta
678 4225 708 4265 se
742 4206 829 4284 fingit
860 4214 1016 4282 tamquam
1048 4225 1142 4264 unum
1170 4226 1185 4266 e
1213 4207 1302 4267 ehere
1335 4227 1493 4268 amoenum

220 4314 328 4372 agrum
346 4295 533 4372 Delphicum,
552 4295 661 4354 Veneri
680 4300 711 4355 et
730 4295 842 4355 Gratiis·
866 4299 1079 4372 consecratum,
1102 4300 1310 4374 peragrantem
1336 4301 1366 4357 et
1388 4297 1419 4356 in
1442 4298 1492 4356 he·

221 4403 323 4442 nerem
342 4384 484 4443 victoriae
504 4384 677 4443 Xenocratis
696 4385 841 4460 hymnum
860 4385 1015 4462 dicentem,
1040 4385 1092 4460 qui
1118 4386 1301 4461 praeclarius
1324 4390 1355 4445 et
1380 4386 1493 4446 firmius

220 4473 334 4551 gloriae
362 4476 466 4549 partae
495 4477 721 4533 monumentum
748 4474 788 4534 sit
816 4492 907 4550 quarn
933 4474 1092 4533 thesaurus
1120 4475 1259 4534 imbrium
1291 4476 1417 4553 impetui
1444 4474 1493 4535 eb-

221 4562 327 4621 noxius
347 4554 473 4642 (1-18).
511 4562 676 4621 Victoriam
695 4564 785 4622 istam
804 4583 873 4623 eum
891 4563 1098 4638 Thrasybulus
1121 4566 1202 4624 filius
1225 4566 1348 4643 aurigae
1373 4584 1493 4625 munere

221 4651 348 4729 fungens
375 4650 456 4726 patri
483 4670 602 4726 parasse
632 4651 783 4730 videatur,
811 4656 901 4729 poeta
924 4653 956 4710 in
980 4652 1138 4730 principali
1160 4659 1246 4731 parte
1270 4655 1410 4714 carminis
1432 4653 1493 4732 pie·

222 4742 315 4799 tatem
339 4739 392 4797 filii
416 4740 569 4815 praedicat
592 4759 719 4817 eumque
747 4744 907 4818 praecepta
935 4741 1078 4818 sapientis
1102 4743 1238 4804 Chironis
1266 4744 1371 4804 eximie
1395 4744 1493 4804 obser·

223 4847 292 4887 rare
316 4832 347 4888 et
369 4829 538 4905 exemplum
562 4829 727 4909 Antilochi,
751 4832 804 4908 qui
831 4830 911 4908 patri
938 4831 1059 4890 Nestori
1082 4852 1275 4911 propugnans
1298 4836 1424 4894 mertem
1447 4850 1493 4893 oc·
