3442 5550
532 415 581 465 Ill.
609 415 658 464 DE
677 414 787 465 LUDIS
807 415 853 465 ΕΤ
871 415 1051 470 EPINIOIIS.
1344 413 1431 467 XCIX

148 574 347 639 hemichoria
370 574 659 659 distribuebantur,
683 580 780 659 poeta
802 598 916 660 parum
941 575 1025 639 hanc
1048 575 1258 659 partitionem
1283 599 1342 640 sua
1360 581 1429 640 arte

149 680 272 743 adiuvit
304 684 337 744 et
367 679 553 744 illustravit.
604 679 697 754 Quod
729 703 804 745 vero
834 681 1001 766 blezgerus
1029 682 1062 745 in
1092 682 1159 746 suis
1188 683 1428 747 commentariis

148 784 346 870 Westphalii
378 787 524 871 specioso
557 788 688 852 invento
698 787 722 874 ¹)
756 788 896 852 confisus
926 787 1099 852 Pindarum
1132 811 1190 852 sua
1219 790 1362 853 carmina
1389 790 1428 853 ad

147 893 304 958 amussim
319 893 598 977 Terpandreorum
616 917 788 959 nomorum
807 895 841 959 in
861 901 984 979 septem
1003 900 1122 979 partes,
1142 895 1248 981 ἀρχὰν
1264 898 1430 982 μεταρχὰν

148 1001 357 1085 κατατροπὰν
383 999 535 1086 ὀμφαλὸν
562 1003 851 1087 μετακατατροπὰν
880 1003 1049 1086 σφραγῖδα
1078 1001 1247 1087 ἐπίλογον,
1280 1004 1429 1069 divisisse

148 1107 297 1191 credidit,
325 1107 387 1172 hoc
415 1109 550 1174 metrica
576 1109 682 1174 forma
709 1108 888 1174 carminum
918 1110 998 1173 adeo
1027 1131 1092 1174 non
1119 1110 1347 1175 confirmatum
1370 1116 1431 1195 est,

147 1219 185 1278 ut
207 1236 291 1279 nova
313 1238 388 1300 pars
409 1238 483 1280 raro
503 1239 576 1281 cum
594 1216 691 1281 initio
712 1216 875 1301 strophae,
898 1216 1087 1300 plerumque
1106 1216 1264 1282 mediam
1283 1217 1428 1302 stropha,

147 1326 244 1406 atque
264 1323 363 1386 etiam
382 1344 448 1388 non
467 1324 565 1388 semel
585 1323 690 1387 medio
709 1323 745 1388 in
764 1345 858 1388 versu
877 1323 1008 1388 initium
1027 1323 1142 1408 capiat.
1182 1323 1254 1400 Qua
1273 1324 1311 1387 de
1331 1345 1428 1389 causa

146 1429 274 1494 somnia
300 1429 379 1494 haec
407 1451 469 1515 ego
496 1452 566 1496 esse
595 1435 700 1515 ratus,
726 1453 830 1517 neque
853 1431 888 1494 in
911 1430 1112 1517 argumentis
1136 1431 1340 1516 singulorum
1363 1453 1430 1496 car-

147 1536 272 1601 minum
299 1558 401 1620 neque
429 1537 464 1601 in
492 1537 733 1603 commentariis
762 1537 940 1622 quidquam
966 1538 1023 1603 isti
1050 1538 1184 1603 invento
1210 1538 1320 1602 tribui.
1366 1536 1429 1603 Sed
1456 1572 1461 1619 5

146 1642 226 1707 illud
254 1649 340 1709 recte
369 1644 557 1711 observasse
586 1645 667 1710 mihi
696 1645 820 1731 videor,
848 1644 1025 1710 Pindarum
1053 1650 1206 1730 provecta
1233 1650 1339 1711 aetate
1363 1666 1455 1729 car-j

148 1751 236 1816 mina
262 1773 322 1815 sua
349 1774 423 1817 cum
451 1753 527 1836 aha,
555 1758 625 1817 tum
653 1752 974 1837 dactylo-epitritica
996 1753 1044 1818 ita
1067 1753 1280 1838 disposuisse,
1305 1758 1343 1817 ut
1366 1738 1451 1829 sin-,¹¹

148 1859 241 1944 gulas
260 1859 427 1944 pericopas
447 1882 485 1924 ex
505 1860 641 1945 stropha
659 1858 866 1943 antistropha
884 1860 988 1944 epodo
1007 1865 1195 1925 constantes
1210 1861 1288 1925 orbe
1303 1865 1429 1925 senten·
1450 1924 1452 1931 ,

146 1965 289 2030 ntiarum
326 1967 469 2051 perfecto
502 1967 694 2048 includeret,
731 1989 828 2051 quam
862 1989 930 2031 rem
964 1967 1119 2052 exemplis
1152 1966 1363 2052 comprobavi
1394 1966 1451 2029 in'

147 2077 339 2158 argumento
368 2074 519 2139 carminis
544 2073 580 2139 Ο.
599 2092 662 2137 xnl
690 2079 844 2138 extremo.
891 2074 1010 2139 Utrum
1038 2079 1147 2139 autem
1175 2076 1255 2139 haec
1278 2096 1330 2138 ars
1354 2095 1429 2137 cum

147 2180 291 2245 motibus
316 2180 506 2245 orchesticis
529 2181 711 2264 cohaereat,
734 2204 775 2245 an
797 2202 835 2245 ex
856 2180 977 2245 maiore
995 2180 1178 2265 intervallo,
1201 2203 1265 2265 quo
1285 2180 1430 2264 singulas

146 2287 315 2373 pericopas
338 2287 424 2353 inter
447 2310 481 2352 se
504 2288 624 2354 distare
648 2293 745 2373 poeta
768 2288 917 2374 voluerit,
940 2288 1165 2374 explicandum
1189 2289 1243 2374 sit,
1264 2288 1299 2352 in
1323 2287 1428 2352 medio

145 2395 296 2479 equidem
319 2395 477 2479 relinquo.

236 2502 383 2588 Denique
412 2507 520 2567 motus
544 2502 748 2589 singulorum
772 2504 953 2569 carminum
976 2502 1109 2567 Pindari
1132 2503 1180 2568 ita
1202 2503 1288 2568 inter
1312 2525 1345 2567 se
1369 2503 1430 2567 dis-

147 2609 328 2694 crepavisse
357 2632 488 2694 moneo,
515 2614 552 2674 ut
579 2610 644 2674 alia
671 2616 781 2676 esseut
809 2610 954 2676 carmina
981 2609 1174 2693 embatcria,
1198 2632 1280 2694 quae
1303 2611 1431 2694 chorus,

148 2717 225 2780 dum
239 2717 274 2780 in
288 2739 408 2802 pompa
421 2717 618 2803 procederet,
638 2722 794 2802 cantaret,
812 2723 850 2782 ut
863 2718 899 2782 Ο.
915 2736 947 2780 V.
964 2734 1007 2780 vv.
1023 2734 1068 2781 xl.
1085 2734 1152 2781 mv.
1177 2715 1211 2780 P.
1226 2734 1271 2780 v1.
1286 2735 1356 2781 vm.
1371 2734 1430 2782 ΧΠ.

149 2822 189 2887 N.
210 2841 243 2887 ss.
263 2841 299 2887 lx
322 2829 356 2888 et
378 2824 606 2909 prosodiorum
630 2824 814 2910 fragmenta
838 2826 978 2890 87-90.
1003 2825 1145 2909 92-93,
1168 2824 1232 2888 alia
1254 2824 1452 2915 hyporchc-v¹

148 2930 268 2996 metica
290 2931 340 2996 ita
362 2935 503 3015 cantata,
526 2937 563 2995 ut
587 2932 626 2996 ad
648 2954 760 2996 vocem
780 2937 949 2997 cantorum
969 2932 1025 2996 alii
1044 2931 1267 3017 tripudiarent,
1290 2936 1327 2996 ut
1346 2931 1382 2996 Ο.
1396 2950 1430 2995 11.

147 3038 183 3103 P.
202 3057 225 3102 v
249 3043 282 3103 et
305 3038 587 3122 dithyramborum
611 3038 965 3123 hyporchematumque
989 3040 1172 3125 fragmenta
1192 3039 1241 3103 75.
1264 3039 1336 3102 105.
1358 3022 1450 3103 107.Δ

150 3148 226 3230 108,
254 3145 319 3210 aha
346 3145 483 3228 denique
511 3146 647 3210 stasima
670 3138 695 3210 'a
721 3146 820 3210 choro
849 3150 957 3211 stante
984 3143 1034 3231 (P.
1055 3164 1089 3209 1v
1109 3142 1144 3231 2)
1172 3146 1223 3210 vel
1251 3120 1447 3210 accubante¹¹

146 3253 308 3317 cantanda
324 3274 434 3336 neque
450 3275 531 3336 cum
554 3252 629 3317 ullis
654 3252 799 3337 corporis
823 3254 967 3318 motibus
991 3253 1124 3339 agenda,
1148 3252 1270 3336 quoin
1294 3274 1429 3316 numero

147 3359 299 3444 pleraque
328 3359 467 3445 epinicia
493 3358 625 3423 Pindari
652 3359 753 3424 fuisse
783 3361 931 3445 equidem
959 3382 1150 3445 persuasum
1177 3358 1292 3424 habeo.
1343 3358 1437 3424 Non-'

147 3466 229 3531 nihil
258 3467 356 3532 etiam
385 3468 425 3531 ad
448 3467 617 3531 metricam
640 3467 779 3532 formam
803 3472 836 3533 et
860 3468 1105 3534 sententiarum
1119 3467 1355 3550 verborumque
1379 3466 1431 3531 de

148 3573 268 3638 lectum
292 3574 411 3640 referre
435 3574 584 3661 cognovi,
607 3580 718 3639 utrum
741 3598 916 3661 puerorum
940 3573 1099 3663 (παίδων)
1123 3597 1165 3639 an
1187 3574 1332 3640 virorum
1355 3571 1427 3659 (ἀν-

148 3679 254 3768 δρῶν)
282 3681 401 3746 chorus
428 3688 523 3747 esset.
570 3681 634 3747 Sed
661 3682 699 3747 de
727 3682 779 3747 his
807 3689 840 3748 et
868 3683 1030 3748 similibus
1058 3682 1155 3746 rebus
1184 3681 1218 3745 iu
1242 3681 1428 3745 universum

148 3788 304 3854 disserere
327 3812 442 3875 parum
465 3790 669 3854 fructuosum
693 3812 763 3855 esse
787 3790 924 3875 videtur,
947 3811 1011 3874 qua
1034 3790 1072 3854 de
1096 3811 1195 3854 causa
1216 3788 1251 3852 in
1270 3810 1431 3853 commen-

148 3896 274 3960 tariolis
306 3896 565 3980 introductoriis,
602 3919 684 3980 quos
718 3896 856 3983 singulis
889 3897 1084 3962 carminibus
1117 3895 1358 3981 praemisimus,
1391 3894 1431 3959 ad

147 4001 206 4068 has
230 4004 435 4089 quaestiones
458 4003 580 4088 passim
604 4004 791 4068 redibimus.

153 4131 185 4137 --2
194 4131 309 4138 -—---
316 4132 364 4139 .—

239 4201 263 4266 1)
291 4197 453 4268 Westphul,
487 4198 538 4253 Die
571 4198 643 4252 nach
675 4198 902 4268 terpaudrischer
929 4197 1209 4268 Uonrpositionslbrm
1238 4195 1430 4267 gcglicderten

148 4266 321 4337 Chorlieder,
340 4270 370 4324 in
388 4270 595 4340 Prolegcmeuis
615 4288 648 4323 au
669 4270 836 4338 Aeschylus,
854 4269 970 4339 Leipzig
990 4277 1067 4323 laos.
1106 4268 1197 4321 Libris
1218 4269 1252 4321 de
1274 4270 1326 4320 bac
1346 4286 1430 4335 quae-

148 4340 240 4395 stione
259 4359 277 4395 a
295 4359 339 4395 me
359 4341 386 4395 in
406 4342 471 4396 hist.
487 4341 529 4396 lit.
544 4345 655 4409 priseo.l
671 4348 730 4411 150,
749 4341 845 4395 allatis
865 4341 938 4394 addc
958 4341 995 4394 Lu
1015 4341 1061 4394 odi
1083 4341 1112 4393 di
1131 4340 1253 4393 l‘iuduro
1274 4339 1430 4393 dichiarate

148 4428 163 4466 e
182 4413 307 4467 tradotte
327 4413 364 4466 da
383 4413 555 4481 Fraccaroli,
574 4414 686 4468 Verona
706 4419 782 4481 1894,
803 4431 862 4482 caup.
880 4414 910 4465 ΙΙ.
