3442 5550
840 1455 1045 1509 onrmn.sss

581 1638 861 1722 ΑΓΗΣΙΑι
898 1636 1313 1720 ΣΥΡΑΚΟΣΙΩι

866 1832 1016 1884 Anauni

825 3881 1067 3964 Argumentum.

398 4026 524 4104 Agesias
548 4027 677 4086 Sostrati
701 4028 781 4087 filius
801 4029 1006 4105 Syracusanus
1025 4048 1058 4088 ex
1080 4028 1265 4088 nobilissima
1283 4031 1371 4106 gente
1393 4026 1588 4106 Iamidarum,

308 4116 393 4173 cuius
426 4135 461 4174 ex
493 4115 656 4176 maioribus
688 4137 766 4177 unus
799 4139 867 4178 oum
897 4118 1008 4178 Archia
1040 4118 1195 4177 t'orinthio
1228 4117 1392 4193 Syracusas
1421 4117 1588 4178 condidisse

308 4204 404 4262 lentur
427 4196 467 4283 (v.
488 4198 529 4285 6),
552 4205 644 4265 rheda
667 4208 776 4265 rnulari
800 4207 845 4266 01.
868 4210 908 4266 78
927 4208 1008 4267 vicit.
1046 4207 1234 4283 Quamquam
1259 4207 1337 4263 enirn
1363 4206 1506 4265 memoria
1529 4207 1589 4266 vio·

309 4293 404 4351 toriae
442 4293 502 4352 iarn
538 4295 720 4355 scholiorum
753 4296 937 4372 temporibus
969 4296 1144 4356 oblitterata
1176 4296 1248 4372 fuit,
1287 4298 1385 4354 tannen
1418 4296 1588 4355 Boeolrhius

310 4378 482 4458 Olympiadi
509 4386 548 4441 78
573 4403 639 4443 eam
662 4387 743 4444 oerlo
767 4385 903 4444 aneumine
927 4385 1106 4463 adsignavit,
1130 4385 1210 4461 quod
1234 4387 1299 4442 turn
1324 4385 1466 4461 lamponis
1490 4385 1589 4443 Aetna

309 4471 381 4530 urbs
400 4472 461 4530 iam
479 4472 599 4531 condita
619 4466 658 4552 (v.
680 4465 729 4553 96)
750 4478 780 4532 et
799 4475 946 4533 Pindarus
965 4494 998 4532 ex
1024 4474 1126 4532 Sicilia
1150 4474 1266 4532 Thebas
1289 4472 1383 4532 redux
1405 4474 1504 4532 faetus
1523 4477 1589 4532 erat

310 4553 352 4639 (v.
371 4552 430 4642 86),
453 4561 622 4636 nequedum
645 4563 737 4621 Hiero
761 4583 811 4621 rex
835 4564 898 4622 vita
921 4563 1080 4622 del'unotus
1104 4566 1176 4622 orat.
1216 4562 1356 4640 Iamidae,
1379 4563 1465 4622 ouius
1488 4562 1588 4641 gentis

206 4658 209 4664 '
311 4654 418 4708 auctor
440 4651 541 4709 lamus
564 4650 601 4708 ab
625 4651 766 4727 Apolline
793 4656 878 4727 patre
905 4652 1089 4711 vaticinandi
1117 4655 1181 4711 arte
1211 4655 1318 4712 auctus
1342 4672 1405 4712 ease
1429 4652 1587 4727 serebatur,

311 4757 380 4797 oum
399 4738 429 4797 in
449 4738 516 4798 aliis
535 4739 659 4799 urbibus
678 4743 743 4798 tum
763 4739 920 4817 Olympiae
940 4741 969 4799 in
989 4760 1042 4800 ara
1059 4740 1139 4800 Iovis
1159 4762 1194 4799 ox
1213 4741 1344 4800 victimis
1364 4735 1418 4823 (δι’
1439 4739 1586 4819 ἐμπύρων,

311 4847 338 4886 v.
362 4827 452 4887 schol.
476 4828 514 4887 ad
538 4839 553 4887 7
577 4832 608 4889 et
632 4821 698 4910 111)
726 4829 870 4890 vaticinia
899 4830 1033 4891 edebant.
1080 4831 1206 4909 Agesias
1236 4830 1312 4909 ipse,
1342 4849 1412 4890 oum
1441 4829 1585 4904 Hieronis,
