3442 5550
302 344 414 399 CXXVI
806 346 1084 399 PROLBGOMENA.

301 508 424 573 Neleus
448 507 629 591 Melampus
649 505 759 572 Oileus
778 507 930 572 Theseus.
973 505 1046 571 Una
1069 505 1136 570 fere
1161 509 1268 571 aetate
1292 505 1491 589 antiquiores
1515 527 1585 570 esse

303 616 519 681 credebantur
550 614 677 679 Aeacus
710 614 892 678 Oenomaus
923 612 1082 699 Sisyphus
1111 612 1253 696 Oedipus
1281 612 1418 677 Perseus
1445 612 1585 697 Aegeus.

303 722 463 788 Auctores
505 744 581 787 vero
622 721 851 806 principalium
893 720 1043 804 stirpium
1085 719 1273 785 serebantur
1311 718 1498 784 Hellenicae
1534 719 1585 784 vel

302 828 463 894 Achaicae
491 828 684 913 Deucalion,
715 827 887 892 Thebanae
915 826 1071 912 Cadmus,
1104 827 1232 891 Atticae
1261 825 1418 912 Cecrops,
1444 826 1586 912 Argivae

303 931 458 1019 Inachus,
480 933 614 998 Troicae
637 932 822 1018 Dardanus,
844 931 1036 1016 Pelopideae
1059 932 1224 998 Tantalus.

510 1217 619 1285 coloni
642 1216 777 1284 'lberam
800 1219 834 1283 et
857 1218 996 1300 cyrenas
1019 1217 1059 1282 ab
1082 1216 1217 1300 Asgldls
1240 1216 1379 1285 deducti.

311 1428 313 1432 ,
390 1361 550 1427 Pindarus
572 1361 608 1427 P.
627 1379 663 1425 lv
682 1362 725 1428 65
745 1360 956 1439 Arcesilaum,
980 1382 1076 1446 quem
1095 1383 1122 1425 a.
1142 1363 1207 1428 466
1227 1359 1322 1449 (462)
1342 1385 1369 1427 a.
1386 1361 1461 1428 Chr.
1485 1362 1584 1445 quad·

302 1468 384 1555 rigis
406 1468 526 1553 Pythia
549 1469 666 1534 vicisse
690 1472 833 1553 constat,
861 1490 880 1532 a
903 1466 1017 1552 Batto,
1041 1468 1208 1533 conditore
1232 1466 1444 1554 Cyrenarum,
1468 1473 1585 1534 octavo

307 1577 409 1662 gradu
432 1576 623 1641 descendere
647 1574 785 1662 (ὄγδοον
807 1575 927 1640 θάλλει
949 1573 1048 1661 μέρος
1069 1572 1270 1662 Ἀρκεσίλας)
1294 1575 1383 1640 dixit.
1425 1576 1497 1641 Hoc
1516 1598 1587 1660 spa-

304 1682 388 1748 tium
411 1683 493 1747 benc
517 1682 665 1768 expletur
688 1683 851 1748 aetatibus
876 1687 950 1748 octo
969 1703 1083 1767 regum
1102 1680 1363 1769 Cyrenaicorum,
1385 1704 1466 1768 quos
1485 1681 1587 1747 Hero

303 1788 400 1854 dotus
424 1790 598 1855 1v159ss.
626 1793 660 1854 et
682 1788 870 1856 Heraclides
892 1789 985 1855 Pont.
1009 1790 1102 1874 polit.
1123 1793 1158 1876 4,
1181 1792 1202 1855 3
1225 1795 1383 1856 recenset:
1411 1789 1503 1855 Batti
1525 1798 1586 1854 τοῦ

303 1898 462 1980 οἰκιστοῦ,
476 1894 635 1961 Arcesilai
645 1896 678 1981 I.,
692 1896 783 1961 Batti
793 1896 835 1963 II.
848 1906 909 1962 τοῦ
919 1897 1126 1981 εὐδαίμονος,
1141 1896 1299 1962 Arcesilai
1310 1897 1351 1962 ΙΙ.
1361 1905 1422 1962 τοῦ
1432 1902 1586 1981 χαλεποῦ,

302 2002 394 2068 Batti
413 2001 471 2068 Ill.
494 2012 554 2068 τοῦ
573 2009 692 2088 χωλοῦ,
716 2001 874 2068 Arcesilai
889 2003 958 2086 111,
981 2004 1070 2068 Batti
1086 2002 1134 2069 IV
1152 2012 1213 2068 τοῦ
1231 2009 1346 2088 καλοῦ,
1364 2003 1524 2069 Arcesilai
1538 2003 1584 2067 IV

303 2108 357 2197 (cf.
381 2109 515 2175 Boeckh
533 2110 628 2194 Expl.
648 2109 795 2197 265sq.).
836 2109 904 2175 Iam
928 2110 1013 2175 idem
1031 2109 1190 2175 Pindarus
1209 2110 1244 2174 P.
1263 2128 1300 2174 1v
1321 2113 1362 2176 10
1385 2111 1586 2183 sacerdotem

303 2217 495 2301 Delphicam
514 2215 649 2282 Battum
669 2217 684 2281 I
708 2217 934 2282 cohortantem
956 2217 1091 2301 induxit,
1115 2221 1152 2282 ut
1176 2238 1289 2284 vocem
1307 2217 1439 2283 Medeae
1462 2217 1587 2284 decima

305 2324 445 2409 septima
463 2328 569 2390 aetate
590 2321 729 2411 (ἑβδόμᾳ
746 2322 802 2389 καὶ
820 2327 884 2390 σὺν
903 2324 1023 2411 δεκάτᾳ
1037 2322 1148 2411 γενεᾷ)
1167 2329 1273 2389 ratam
1287 2324 1418 2390 faceret.
1455 2322 1588 2409 Septen·

302 2431 405 2497 decim
435 2432 494 2495 has
523 2434 646 2496 aetates
675 2431 801 2497 efficere
829 2452 896 2495 non
923 2430 1000 2496 licet
1028 2453 1045 2495 e
1072 2454 1207 2498 numero
1237 2453 1351 2518 regum
1375 2431 1426 2496 vel
1449 2431 1586 2495 heroum

304 2538 594 2624 proficiscentibus.
637 2537 782 2602 Primum
806 2538 902 2623 enim,
924 2538 953 2602 si
974 2538 1213 2622 expeditionem
1231 2537 1488 2625 Argonauticam
1507 2543 1587 2603 tem·

301 2646 437 2731 poribus
465 2643 630 2729 Polynicis
664 2648 697 2708 et
725 2644 875 2710 Creontis
908 2644 1029 2710 factam
1062 2667 1132 2710 esse
1166 2646 1354 2732 statuimus,
1385 2669 1405 2711 a
1431 2645 1585 2731 Polynice

303 2774 405 2837 usque
429 2754 469 2817 ad
492 2751 640 2836 Theram,
662 2751 718 2835 qui
742 2751 875 2817 colonos
897 2752 933 2815 in
955 2752 1096 2816 insulam
1118 2753 1257 2818 Theram
1280 2753 1450 2818 deduxisse
1473 2752 1587 2840 fertur,

305 2860 448 2944 quinque
467 2859 635 2923 hominum
655 2862 779 2923 aetates
800 2862 885 2944 sunt,
908 2857 1072 2943 Polynicis
1089 2858 1286 2924 Thersandri
1305 2860 1468 2925 Tisameni
1487 2860 1587 2925 Ante

303 2966 406 3032 sionis
428 2966 561 3031 Therae.
607 2964 781 3033 Restareut
808 2965 912 3053 igitur
939 2965 1107 3031 duodecim
1133 2970 1271 3052 aetates,
1299 2968 1417 3051 quibus
1440 2973 1479 3032 ut
1501 2966 1586 3033 colo·

301 3074 390 3138 niam
413 3072 592 3138 Theraeam
618 3073 659 3155 ad
683 3073 867 3157 remotiora,
891 3094 988 3156 quam
1010 3072 1179 3158 probabile
1202 3077 1265 3157 est,
1293 3074 1413 3139 reicere
1436 3078 1586 3159 tempora

303 3202 501 3268 cogeremur.
556 3180 662 3244 Multo
695 3201 771 3245 vero
804 3179 877 3265 plus
909 3179 943 3244 id
975 3179 1075 3264 valet,
1112 3181 1198 3263 quod
1229 3181 1318 3245 omni
1350 3181 1584 3267 probabilitate

302 3292 390 3352 caret
413 3286 447 3350 in
470 3308 571 3370 parva
588 3285 696 3351 insula
713 3286 882 3351 hominum
902 3286 1113 3352 mediocrium
1132 3287 1334 3352 sucessiones
1354 3288 1467 3353 eodem
1486 3287 1584 3353 modo

302 3398 399 3477 atquc
427 3391 563 3457 heroum
591 3396 625 3457 et
651 3393 834 3476 principum
857 3392 1002 3457 virorum
1026 3397 1175 3458 accurate
1198 3397 1329 3459 notatas
1352 3399 1386 3458 et
1407 3394 1585 3460 memoriae

302 3500 473 3564 mandatas
501 3521 580 3564 esse.
627 3498 705 3563 Veri
734 3500 839 3564 simile
867 3499 969 3585 igitur
997 3520 1066 3563 esse
1095 3499 1211 3565 merito
1236 3499 1388 3565 cumalii
1411 3500 1474 3566 viri
1497 3501 1585 3566 docti

303 3610 374 3672 tum
393 3606 607 3689 Luebbertus,
626 3605 675 3670 De
690 3605 821 3670 Pindari
841 3606 958 3671 studiis
977 3605 1225 3692 chronologicis,
1243 3606 1476 3674 Bonnae1887
1495 3631 1526 3693 p.
1542 3609 1584 3675 26

303 3717 502 3798 statuenmt,
536 3712 754 3798 septendecim
784 3713 857 3778 illas
891 3716 1014 3778 aetates
1046 3719 1199 3798 computo
1229 3713 1377 3780 inventas
1406 3736 1477 3780 csse
1505 3719 1538 3782 et
1566 3738 1586 3780 a

302 3822 504 3906 temporibus
539 3820 689 3905 pendere,
723 3820 840 3904 quibus
872 3820 1056 3886 sacerdotes
1085 3820 1236 3906 Delphici
1265 3820 1408 3906 Cyrenas
1437 3821 1584 3887 conditas

303 3950 373 3994 esse
397 3927 627 4014 cognovissent
651 3932 684 3993 et
707 3927 944 4012 expeditionem
968 3926 1222 4012 Argonauticam
1245 3928 1367 3995 factam
1390 3951 1461 3995 esse
1485 3933 1586 3995 statu-

302 4036 414 4101 issent.
469 4035 582 4118 ltaque
620 4034 648 4099 si
681 4032 822 4118 Cyrenas
855 4056 882 4098 a.
911 4035 974 4099 631
1013 4033 1064 4099 vel
1095 4034 1194 4119 paulo
1226 4042 1302 4119 post
1334 4037 1482 4125 conditas
1514 4058 1585 4103 esse

304 4142 437 4228 optimis
475 4141 663 4207 auctoribus
701 4141 862 4206 credimus
900 4144 933 4205 et
964 4139 1095 4205 Pindari
1128 4141 1350 4228 Herodotique
1383 4144 1585 4230 temporibus

302 4249 346 4338 (r.
361 4248 437 4314 Her.
452 4265 478 4312 11
495 4246 572 4334 142)
592 4252 715 4314 aetates
734 4247 1011 4332 chronologorum
1030 4247 1108 4333 337,
1124 4271 1225 4313 annos
1240 4249 1385 4335 explesse
1400 4251 1586 4335 statuimus,

304 4355 561 4443 Argonauticam
589 4354 825 4438 expeditionem
853 4353 941 4420 circa
967 4376 994 4418 a.
1024 4355 1107 4420 1200
1130 4379 1158 4421 a.
1178 4356 1266 4443 Chr,
1293 4380 1358 4423 una
1385 4359 1452 4424 fere
1478 4364 1585 4425 aetate

304 4469 378 4529 ante
397 4461 519 4528 bellum
533 4460 709 4527 Troianum
723 4465 908 4546 susceptam
923 4482 992 4526 esse
1007 4460 1163 4528 Pindarus
1179 4468 1212 4528 et
1226 4463 1420 4551 chronologi
1434 4465 1584 4550 aequales

304 4574 499 4637 statuerunt.

393 4677 446 4743 Ad
471 4681 675 4762 postremum
702 4679 740 4740 ut
767 4676 823 4739 uni
853 4675 1021 4742 oculorum
1044 4679 1232 4761 conspectui
1255 4680 1464 4768 genealogias
1488 4678 1585 4744 Grae

304 4807 416 4852 corum
439 4785 575 4850 heroum
598 4783 832 4869 subiceremus,
860 4784 1043 4868 exemplum
1065 4783 1254 4870 Heynianae
1278 4787 1429 4853 editionis
1452 4786 1585 4870 Apollo-
