3442 5550
685 368 816 420 PYTHIA
835 369 868 422 X.
1345 368 1409 432 217

137 539 201 594 tam
228 535 421 596 sollemnibus
449 535 549 613 ipsum
576 535 746 596 interfuisse
770 556 805 596 ex
827 557 855 596 v.
875 546 908 596 66
932 537 1107 597 concludere
1131 537 1249 616 audeat,
1273 539 1410 615 equidem

138 645 198 684 non
225 625 413 685 intercedam.
460 624 590 685 Chorum
618 629 697 685 corte
724 626 769 683 ita
796 627 967 702 loquentem
990 626 1074 705 fecit,
1102 630 1138 686 ut
1160 646 1236 704 quae
1259 626 1322 704 ipse
1346 646 1409 686 sen·

137 715 222 792 tiret,
252 715 359 774 chorus
389 714 637 790 interpretaretur
666 707 708 796 (v.
728 707 790 796 60),
821 718 851 774 et
882 734 956 792 quas
983 719 1084 792 partos
1111 720 1200 793 poete
1231 736 1298 776 cum
1321 717 1409 776 choro

138 804 296 881 intererat,
318 807 398 862 recte
422 804 614 882 suscipiebat,
638 823 688 864 eae
711 804 802 864 etiam
826 824 894 864 oum
917 805 1022 864 aberat
1044 805 1192 866 retineret.
1238 805 1409 881 Hpcdorum

137 912 209 953 vero
237 910 272 951 ea
299 893 494 952 conformatio
524 895 581 971 est,
609 895 645 952 ut
670 912 871 971 unaquaeque
900 913 1003 953 earum
1026 895 1114 972 pleno
1137 899 1169 954 et
1190 895 1322 971 perfecto
1346 913 1409 954 sen-

139 981 303 1041 tentiarum
328 982 397 1041 orbe
423 983 582 1041 claudetur
606 974 647 1064 (v.
669 992 710 1042 18.
730 994 772 1044 36.
793 994 834 1044 54.
856 975 912 1064 7¹2),
939 984 1019 1061 quod
1046 983 1101 1042 etei
1128 984 1287 1043 admodum
1310 984 1410 1061 laudo,

139 1074 240 1131 tamen
263 1071 294 1130 id
317 1071 425 1130 mirum
449 1075 506 1149 est,
531 1072 610 1149 quod
634 1072 707 1130 artis
730 1072 789 1150 lex,
814 1092 905 1149 quam
928 1073 1075 1133 Pindarus
1098 1073 1129 1131 in
1152 1072 1202 1151 iis,
1226 1093 1304 1150 quae
1323 1092 1410 1133 senex

139 1161 258 1238 scripsit
276 1160 456 1220 carminibus
475 1161 605 1221 excoluit
628 1153 679 1242 (cf.
700 1181 761 1240 arg.
782 1160 815 1222 Ο.
835 1154 915 1244 xm),
934 1162 994 1222 iam
1014 1163 1045 1221 in
1063 1161 1189 1222 iuvenili
1206 1163 1262 1223 hoc
1280 1162 1410 1222 carmine

140 1250 297 1311 observata
320 1254 373 1310 est.

188 1458 299 1543 Ὀλβία
323 1461 554 1544 Λακεδαίμων·
1212 1463 1291 1545 Στρ.
1314 1459 1357 1522 α’.

193 1567 335 1653 μοίκαιρα
361 1570 538 1633 Θεσσαλία·
561 1568 684 1652 πατρὸς

234 1672 264 1738 δ’
293 1674 495 1759 ἀμφοτέραις
519 1673 550 1753 ἐξ
574 1672 648 1750 ἑνὸς

191 1780 414 1865 ἀριστομάχου
438 1780 533 1864 γένος
551 1779 732 1866 Ἡρακλέος
754 1784 929 1866 βασιλεύει.

191 1891 226 1952 τί
247 1887 377 1980 κομπέω
401 1890 490 1973 παρὰ
512 1892 643 1973 καιρόν;
667 1888 750 1954 ἀλλά
772 1912 812 1973 με
836 1895 906 1955 Πυ-

235 1996 288 2060 θώ
312 2020 345 2062 τε
368 1994 423 2061 καὶ
446 1997 483 2061 τὸ
508 2001 726 2061 Πελιν-ναϊον
748 1996 845 2062 ἀπύει

157 2121 173 2166 5
193 2101 309 2168 Ἀλεύα
333 2128 366 2169 τε
390 2104 518 2187 παῖδες,
537 2100 709 2190 Ἱπποκλέᾳ
731 2102 887 2180 θέλοντες

193 2210 328 2293 ἀγαγεῖν
352 2210 532 2296 ἐπικωμίαν
555 2209 689 2295 ἀνδρῶν
711 2211 836 2275 κλυτὰν
859 2212 931 2275 ὅπα.
1380 2228 1413 2275 10

194 2424 322 2507 γεύεται
347 2426 410 2510 γάρ
434 2425 578 2491 ἀέθλων·
1212 2423 1293 2490 Ἀντ.
1318 2423 1360 2489 α’.

213 2691 293 2725 vanis
312 2691 415 2727 εποντο.
453 2672 536 2727 Inscr.
557 2690 610 2727 cm.
630 2673 704 2740 BD,
720 2671 860 2728 Ἱπποκλεί
880 2677 1008 2746 Θεσσαλῷ
1028 2675 1109 2728 παιδί
1128 2671 1320 2746 διαυλοδρόμιμ
1337 2673 1367 2726 Ε
1379 2703 1408 2711 -·

142 2743 247 2800 Subol:
266 2739 302 2813 ἦν
316 2742 366 2813 μὲν
381 2745 411 2798 τό
426 2743 505 2813 γένος
520 2743 534 2798 δ
549 2748 730 2815 προκείμενος
745 2742 897 2814 νικηφόρος
909 2742 1055 2812 Θεσσαλός,
1070 2742 1175 2808 πόλεως
1189 2744 1220 2798 δὲ
1231 2741 1413 2799 Πελινναίον·

142 2812 251 2884 ἐνίκησε
275 2813 305 2870 δὲ
328 2815 380 2884 τὴν
407 2815 534 2884 εἰκοστὴν
552 2815 687 2883 δευτέραν
707 2816 853 2884 Πυθιάδα,
877 2815 986 2885 ἐνίκησε
1005 2814 1036 2870 di
1056 2817 1104 2870 καί
1123 2816 1167 2888 οβ’
1187 2817 1235 2869 καί
1255 2816 1298 2885 ον’
1317 2814 1414 2883 Ὀλυμ·

140 2884 231 2941 πιάδα
247 2930 252 2940 .
267 2930 273 2942 .
291 2931 295 2941 .
312 2885 341 2940 ἐν
360 2885 391 2940 δέ
410 2895 444 2957 τῇ
463 2888 533 2957 αὐτῇ
552 2884 641 2960 ἡμέρᾳ
661 2883 769 2956 ἐνίκησε
793 2889 841 2941 καί
860 2885 982 2955 στάδιον,
1003 2883 1035 2941 οὗ
1056 2888 1106 2941 οὐκ
1125 2886 1260 2957 ἐμνήσθη,
1280 2886 1344 2949 ἴσως
1363 2893 1414 2940 τοῦ

141 2958 257 3012 διαύλου
271 2955 359 3025 μόνον
378 2958 482 3027 μισθὸν
496 2959 597 3030 λαβών.
612 2990 646 2997 -
663 2963 686 3012 1.
701 2956 877 3028 λακεδαίμων
887 2958 927 3012 Βἰ
941 2960 1112 3039 λακεδαίμον
1126 2959 1153 3012 Β
1158 2966 1168 2992 ⁸
1178 2958 1207 3011 D
1220 2990 1249 2997 -
1261 2963 1284 3011 3.
1299 2956 1413 3025 Ἀριστο-

142 3027 232 3099 μα’γου
255 3029 352 3097 Heyne
372 3062 404 3069 —
424 3037 448 3083 4.
472 3027 511 3094 τίς
535 3027 646 3099 κομπέω
665 3029 742 3097 παρὰ
766 3027 879 3097 καιρόν;
905 3029 1080 3099 interpunxit
1097 3029 1251 3083 Mommsen
1270 3061 1304 3068 —
1322 3027 1414 3096 παράι

142 3101 214 3154 κατδι
233 3099 318 3154 schol.
335 3134 367 3140 —
384 3104 529 3154 πείιναίον
543 3100 581 3168 D,
600 3104 709 3155 παλινν.
730 3099 771 3154 13¹
787 3133 819 3140 —
835 3101 920 3155 ἀπύει
938 3118 972 3155 ex
991 3101 1094 3155 ἀπύειν
1112 3118 1179 3155 corr.
1196 3101 1225 3155 D
1240 3133 1271 3140 -
1288 3107 1312 3154 ὁ.
1332 3099 1413 3154 ίππο·

142 3172 207 3226 κλέα
226 3172 293 3226 BD
312 3203 345 3212 -
366 3177 389 3227 6.
410 3173 522 3240 ἀνδρῶν
541 3171 637 3228 codd:
656 3168 728 3227 νέων
746 3171 816 3227 coni.
837 3171 950 3227 Schmid
972 3205 1003 3212 -

165 3403 170 3415 ,
214 3350 401 3414 comprssu.
439 3350 464 3385 v.
485 3336 562 3386 1-3.
588 3331 808 3414 Lacedaemonis
831 3335 859 3387 et
877 3331 1041 3414 Thessaliae
1064 3347 1143 3414 reges
1167 3332 1203 3386 ab
1222 3331 1341 3387 Hercule
1360 3330 1416 3386 ori·

143 3402 1414 3544 uimfllttstllztl{stetenintenteturttltttz‘nte

145 3544 338 3613 Θεσπρωτίδος
362 3543 520 3615 ἀπογόνους
535 3544 662 3615 Ἀντίφου
680 3548 728 3600 καί
748 3545 917 3613 Φειδίππου,
940 3556 995 3601 τῶν
1016 3550 1157 3602 Θετταλοῦ
1174 3554 1224 3600 τοῦ
1239 3543 1416 3614 Ἡρακλέους,

144 3618 316 3680 ἐπελθόντας
336 3618 393 3671 ἀπὸ
414 3620 554 3672 Θετταλοῦ
573 3626 622 3671 τοῦ
642 3617 748 3673 ἑαυτῶν
766 3616 907 3688 προγόνου
925 3619 977 3687 τὴν
994 3619 1089 3687 χώραν
1107 3616 1252 3699 όνομάσαι.
1289 3617 1417 3686 Denique

143 3688 285 3744 Aleuedas
314 3689 349 3742 ab
377 3688 536 3742 Heraclidis
564 3689 696 3743 oriundos
723 3689 809 3744 fuisse
837 3689 963 3743 ‹lisertim
991 3689 1078 3744 refert
1102 3688 1240 3778 Ulpianus
1269 3689 1306 3743 ed
1338 3688 1415 3743 Dem.

145 3759 295 3831 Olympi:
320 3758 427 3823 Ἀλεύας
445 3758 585 3829 ἀπόγονός
607 3781 648 3824 τις
670 3769 719 3814 τοῦ
739 3759 888 3827 Ἡρακλέος
909 3762 1044 3823 Θετταλὸς
1067 3761 1237 3829 ἐτνραννησι
1263 3763 1417 3825 Θετταλῶν,

144 3827 204 3886 εἶτα
217 3833 266 3886 καί
280 3831 307 3886 oi
321 3831 420 3885 τούτου
435 3834 540 3894 παῖδες.
561 3831 656 3886 Etiam
670 3831 854 3902 Hippocleam
868 3832 993 3886 eiusdem
1008 3832 1104 3902 stirpis
1116 3830 1270 3887 Herculeae
1284 3831 1371 3886 fuisse
1385 3834 1417 3885 nt

144 3903 280 3974 suspicari
290 3902 365 3970 licet,
376 3902 417 3956 ita
426 3903 589 3957 confirmare
605 3903 778 3957 documentis
793 3921 848 3958 non
862 3902 971 3958 licet-
983 3910 1007 3958 2.
1023 3904 1148 3972 μάκαιρα
1162 3903 1226 3973 plus
1240 3902 1317 3958 valet
1331 3919 1416 3972 quam

144 3973 238 4046 ὀλβία·
263 3972 396 4044 μακάρων
415 3973 489 4027 enim
508 3974 653 4044 epitheton
676 3974 791 4029 deorum
814 3991 964 4044 eorumque
987 3975 1141 4029 amicorum
1159 3973 1301 4045 proprium
1321 3977 1365 4029 est
1383 4005 1416 4015 -

144 4051 169 4098 4.
187 4049 217 4099 τί
233 4043 356 4115 κομπέω·
382 4044 512 4099 similiter
533 4044 605 4099 dixit
622 4046 686 4100 Eur.
706 4045 765 4101 Alc.
784 4062 822 4101 eoi
842 4044 936 4116 δόμων
954 4045 1007 4116 γὰρ
1027 4048 1090 4111 ζῶσι
1108 4049 1196 4101 τῶνδε
1215 4044 1356 4101 δεσπόται.
1390 4043 1416 4099 τί

144 4119 238 4182 ζῶσινς
257 4149 292 4158 -
311 4119 492 4170 Πελινναῖον·
512 4117 646 4187 oppidum
664 4116 840 4183 Thessaliae,
859 4117 889 4171 in
907 4135 962 4186 quo
980 4117 1147 4188 Hippoolem
1165 4117 1300 4173 victorem
1318 4121 1417 4171 natum

144 4205 205 4242 esse
223 4187 332 4243 scholia
350 4187 474 4242 tradunt.
503 4188 612 4243 Nomen
631 4188 728 4259 oppidi
746 4189 888 4271 proprium
907 4189 1031 4244 Πέλιννα
1050 4189 1112 4257 fnit,
1131 4189 1205 4242 unde
1220 4189 1257 4242 ad
1270 4189 1302 4243 τὸ
1317 4192 1417 4243 Πελιν-

145 4269 227 4315 ναῖον
245 4258 361 4342 suppleo
381 4258 449 4312 ἄστυ
470 4259 513 4313 vel
532 4258 608 4328 ίερόν
626 4261 672 4316 vel
691 4259 782 4315 simile
800 4260 947 4328 quiddam;
967 4260 1118 4315 articulum
1136 4260 1211 4314 enim
1229 4260 1336 4314 nomini
1354 4275 1418 4330 pro-

144 4331 205 4402 prio
227 4330 282 4402 iper
306 4329 408 4384 addere
432 4329 554 4385 Pindaro
576 4348 633 4385 non
655 4331 742 4386 licuit.
781 4331 917 4386 Similiter
939 4333 959 4387 1.
979 4351 1006 4385 vr
1025 4348 1049 4388 si
1069 4332 1236 4403 Pergamum
1256 4330 1329 4384 dixit
1346 4335 1417 4399 Περ-

162 4400 250 4472 αμίαν
268 4420 305 4456 sc.
324 4399 405 4455 πόλιν
424 4434 458 4441 -
478 4408 502 4455 ὁ.
520 4401 612 4456 Ἀλεύα
630 4405 741 4470 παῖδες,
761 4403 872 4456 Thorax
890 4403 1048 4473 Eurypylus
1067 4403 1275 4472 Thraeydaeus,
1294 4401 1342 4470 qni
1367 4418 1417 4472 pro

144 4424 281 4544 ilippoclc
300 4473 524 4527 comissationem
544 4473 703 4528 faciendam
722 4478 896 4528 curaverunt.
924 4474 1017 4528 Minus
1031 4474 1106 4530 enim
1120 4474 1214 4544 placet
1228 4473 1323 4545 opinio
1339 4473 1416 4527 scho-

144 4544 248 4599 liastae
261 4543 410 4598 Thessalos
429 4561 524 4598 omnes
544 4545 581 4598 ab
599 4563 654 4600 uno
670 4545 758 4599 Aleae
773 4544 945 4615 significatos
960 4545 1153 4617 intellegentis
1167 4579 1202 4587 -
1216 4553 1241 4599 6.
1262 4541 1417 4614 ἐπικωμίαν

144 4618 257 4684 ἀνδρῶν
280 4615 350 4680 ὄπα,
374 4631 468 4669 vocem
492 4615 616 4670 virorum
638 4616 668 4670 in
691 4616 887 4671 comissatione
906 4617 1043 4672 edendam
1066 4634 1152 4687 quam
1170 4621 1255 4688 poeta
1274 4615 1345 4670 dicit
1362 4632 1417 4669 non

145 4684 286 4742 ἐπινικίων
301 4686 349 4740 sed
365 4684 527 4755 ἐπικωμίαν,
542 4687 617 4756 quod
631 4697 722 4757 κῶμος
735 4689 847 4756 ἀνδρῶν
862 4688 1004 4742 sollemnis
1019 4688 1140 4743 formula
1154 4693 1227 4754 eret3
1243 4687 1277 4742 cf.
1288 4686 1322 4741 N.
1333 4705 1382 4740 vm
1392 4704 1418 4741 66

145 4758 294 4829 ἐπικώμιος
308 4757 393 4829 ὕμνος
408 4790 440 4798 -
457 4764 480 4812 7.
500 4759 610 4828 γεύεται
626 4757 745 4827 ἀέθλων,
760 4760 866 4829 gaudet
880 4760 1089 4830 certaminibus,
1103 4761 1177 4828 quod
1193 4759 1314 4814 libenter
1328 4762 1418 4813 certa-

146 4829 224 4884 mina
242 4830 334 4900 subit;
353 4831 386 4884 cf.
407 4829 441 4885 N.
461 4849 488 4883 τι
507 4848 532 4885 νε
550 4829 645 4885 πόνων
665 4830 814 4899 ἐγεύσαντο
834 4864 866 4871 -
