3442 5550
283 414 328 478 26
754 414 903 466 emnam
921 414 1089 466 ammom.

282 583 314 641 in
344 583 473 642 carmine
498 583 592 645 0.111
621 583 744 642 summis
774 581 962 641 lineamentis
992 580 1199 656 adumbrasse,
1234 582 1338 656 postea
1369 580 1398 637 in
1430 580 1560 638 carmine

284 671 317 732 Ο.
334 690 344 729 ι
363 671 548 748 splendidius
570 692 726 732 exornasse
750 675 781 731 et
803 671 995 748 perpolivisse
1019 671 1160 729 dicamus.
1186 669 1349 728 Cantatum
1368 669 1423 728 hoc
1442 688 1561 728 carmen

282 765 328 819 est
348 761 439 820 sacris
454 762 630 821 Theoxeniis
649 763 870 837 Dioscurorum,
885 780 1013 837 quorum
1031 759 1127 819 favori
1142 760 1238 818 Thero
1252 759 1410 817 victoriam
1425 757 1560 835 Olympi·

283 870 349 910 cam
372 851 476 909 debere
500 851 653 910 ferebatur
681 843 723 932 (y.
747 851 836 910 schol.
861 850 899 908 ad
922 840 1033 929 inser).
1079 849 1194 908 Horum
1217 847 1312 924 igitur
1335 866 1486 907 sacrorum
1509 868 1559 923 op-

283 940 470 1016 portunitate
494 941 589 999 Thero
613 940 751 999 similiter
774 942 865 1014 atque
889 938 1070 998 Carneorum
1093 937 1263 996 Arcesilaus
1283 929 1330 1017 (P.
1345 929 1379 1016 v)
1405 955 1478 995 usus
1497 955 1560 995 esse

281 1029 413 1104 ridetur,
444 1033 479 1087 ut
508 1029 665 1088 victoriam
689 1027 877 1105 Olympicum
905 1029 992 1086 Musa
1023 1027 1156 1103 Pindari,
1189 1028 1316 1085 fortasse
1344 1029 1410 1085 turn
1438 1026 1497 1084 iam
1528 1027 1559 1083 in

283 1117 386 1176 Sicilia
409 1119 628 1195 commorantis,
652 1118 748 1177 denuo
768 1120 798 1174 et
816 1117 934 1192 publice
958 1116 1165 1176 celebrandam
1183 1117 1309 1174 curaret.
1346 1115 1483 1190 Namque
1503 1115 1559 1173 hoc

282 1226 401 1265 carmen
420 1227 477 1266 non
495 1209 592 1266 solum
609 1207 640 1265 in
657 1206 806 1266 codicibus
827 1209 896 1282 post
913 1204 946 1266 Ο.
961 1224 984 1263 11
1001 1206 1179 1264 collocatum
1198 1208 1253 1281 est,
1272 1205 1323 1262 sed
1342 1203 1434 1262 etiam
1453 1207 1560 1262 auctor

282 1295 422 1354 carminis
451 1296 513 1371 ipse
545 1299 575 1354 et
602 1316 689 1356 versu
718 1298 824 1372 quarto
857 1286 1042 1375 (νεοσίγαλον
1065 1292 1181 1374 εὑρόντι
1210 1291 1332 1371 τρόπον’
1360 1293 1397 1352 cf.
1420 1293 1443 1352 Ι.
1467 1312 1486 1351 v
1511 1286 1559 1372 63)

283 1389 313 1443 et
336 1387 400 1444 tcto
424 1389 601 1462 argumento
625 1385 772 1461 carminis
797 1403 856 1459 qno
880 1383 1064 1460 prooemium
1088 1382 1228 1441 carminis
1252 1382 1425 1458 superioria,
1447 1381 1481 1441 Ο.
1495 1401 1517 1439 ιι
1534 1394 1559 1458 ⁴2,

282 1474 416 1550 respicit,
446 1474 502 1533 hoc
532 1474 655 1533 tertium
684 1493 803 1532 carmen
831 1476 899 1548 post
922 1474 1085 1532 secundum
1108 1472 1253 1547 scriptum
1276 1489 1338 1530 esse
1369 1469 1557 1549 significavit.

283 1563 361 1622 Nolo
392 1566 493 1621 tamen
524 1562 641 1622 silentio
671 1563 910 1639 praetermittere
940 1561 1122 1620 Boeckhium
1151 1561 1314 1638 Bergkium
1338 1560 1413 1619 alios
1436 1560 1466 1617 in
1491 1579 1559 1618 con·

282 1651 407 1711 trariam
437 1652 616 1711 sententiam
646 1652 798 1729 inclinare,
824 1654 861 1709 ut
885 1651 1016 1727 primum
1045 1653 1164 1726 poetam
1196 1650 1250 1708 hoc
1280 1649 1410 1707 carmine
1441 1648 1560 1724 publice

281 1740 440 1800 victoriam
463 1741 615 1817 Theronis
639 1741 744 1800 deinde
768 1741 898 1800 carmine
918 1740 1046 1799 secundo
1071 1739 1148 1798 inter
1171 1739 1304 1815 privatos
1327 1737 1457 1812 parietes
1475 1757 1561 1813 prae·

283 1830 395 1889 dicasse
427 1830 546 1888 ducant.
596 1830 732 1906 Denique
763 1830 896 1889 fabulam
927 1831 962 1888 dc
992 1828 1121 1888 Hercule
1151 1827 1303 1888 conditore
1335 1825 1561 1902 Olympicorum

281 1919 421 1978 ludorum
450 1919 509 1977 iam
537 1922 625 1978 antea
654 1939 672 1978 a
699 1922 789 1996 poeta
820 1918 949 1979 carmine
974 1916 1007 1977 Ο.
1032 1937 1051 1975 x
1075 1919 1140 1976 fuse
1169 1920 1328 1975 tractatam
1360 1933 1422 1975 esse
1446 1934 1561 1975 moneo,

828 2090 872 2155 De
895 2091 1016 2156 matris.

371 2224 497 2279 Carinen
527 2221 738 2298 gravissimum
763 2222 801 2279 ad
827 2223 986 2298 antiquam
1009 2224 1040 2280 et
1062 2240 1194 2280 severam
1228 2238 1363 2278 nonnam
1394 2218 1561 2278 carminum

284 2311 642 2385 dactylo-epitriticcrum
661 2311 860 2386 compositum
879 2316 932 2387 est,
951 2311 1030 2369 unde
1050 2311 1131 2386 quod
1150 2312 1240 2385 poeta
1262 2307 1432 2386 νεοσίγαλον
1451 2306 1561 2385 τρόπον

281 2419 311 2458 se
344 2400 491 2458 invenisse
521 2399 594 2457 dicit
623 2392 664 2480 (v.
688 2392 734 2481 a),
765 2421 823 2458 non
854 2420 965 2459 novum
994 2399 1144 2475 quendam
1167 2401 1197 2455 ct-
1221 2400 1310 2456 antea
1338 2417 1397 2455 non
1421 2397 1560 2455 auditum

280 2489 401 2548 modum
433 2507 463 2546 sc
494 2508 641 2565 promere,
672 2490 722 2547 sed
753 2490 1025 2565 dactylo-epitritos
1055 2488 1145 2546 huius
1173 2487 1312 2546 carminis
1340 2505 1358 2543 a
1386 2486 1559 2562 paeonibus

281 2578 390 2654 quibus
422 2578 451 2635 in
482 2578 668 2636 antecedenti
699 2579 828 2636 camnine
857 2597 929 2636 usus
961 2582 1050 2653 esset,
1080 2577 1212 2635 diversos
1236 2594 1298 2634 esse.
1322 2575 1479 2652 significat.
1524 2575 1560 2632 In

279 2667 382 2726 metris
401 2666 479 2725 enim
498 2667 718 2725 conformandis
738 2667 811 2726 adeo
831 2667 905 2725 nihil
925 2672 1015 2742 poeta
1034 2666 1165 2741 novavit,
1185 2670 1221 2723 ut
1239 2666 1350 2724 formas
1369 2664 1560 2740 epitritorum

282 2758 312 2814 et
331 2756 548 2831 dactylicarum
567 2756 766 2830 tripodiarum
786 2758 863 2815 solas
883 2756 1054 2814 adhibuerit
1072 2758 1102 2813 et
1117 2755 1280 2813 secundum
1298 2756 1429 2812 veterem
1447 2755 1561 2812 morem

280 2844 446 2904 carminum
475 2852 667 2922 σχοινοτενῶν
696 2839 746 2924 (cf.
767 2846 802 2904 fr.
824 2838 870 2923 79)
900 2845 1039 2921 strophae
1069 2863 1172 2902 versus
1201 2846 1332 2919 quatuor
1359 2842 1560 2901 continuitate

280 2953 470 2992 numerorum
491 2933 684 2992 coniunxerit.
718 2934 815 3009 llpedi
839 2935 1048 3010 rhythmorum
1072 2952 1176 2993 cursus
1198 2933 1290 3008 paulo
1310 2931 1488 2990 concitatior
1506 2934 1560 3007 cst,

279 3023 330 3081 sed
353 3042 389 3080 ne
412 3023 461 3081 hic
486 3022 606 3098 quidem
630 3024 660 3080 in
685 3024 789 3082 mediis
812 3024 945 3083 versibus
970 3043 1114 3099 umquam
1132 3024 1247 3080 rectum
1266 3020 1400 3080 ordinem
1420 3039 1559 3080 numero-

279 3131 346 3170 rum
365 3112 535 3187 interrupit..
573 3112 673 3171 Dorici
693 3133 762 3172 vero
782 3114 871 3189 modi,
895 3113 1005 3189 quibus
1028 3132 1145 3171 carmen
1169 3111 1368 3186 cornpositum
1393 3112 1439 3168 est
1462 3102 1503 3189 (v.
1519 3102 1549 3186 ο)

278 3202 396 3280 egregie
428 3201 573 3278 gravitati
604 3204 634 3258 et
664 3203 837 3260 austeritati
867 3220 1060 3260 numerorum
1091 3198 1460 3275 dactylo-epitriticorum
1490 3217 1559 3256 con·

279 3290 404 3349 veniunt
422 3323 460 3328 -—
477 3292 640 3347 Cantatum
665 3296 710 3348 est
733 3311 851 3350 carmen
867 3311 885 3349 a
899 3292 987 3349 choro
1008 3294 1048 3367 lv.
1065 3281 1095 3370 t)
1113 3289 1220 3346 fidibus
1244 3292 1275 3345 et
1298 3287 1380 3346 tibiis
1400 3287 1559 3346 accinenti·

279 3379 334 3437 bus
359 3371 400 3458 (v.
425 3370 456 3456 a)
482 3379 511 3435 in
536 3379 712 3438 Theoxeniis
739 3380 953 3439 Dioscurorum
978 3372 1019 3456 (v.
1046 3373 1082 3456 1).
1129 3378 1239 3436 Utrum
1269 3380 1371 3434 autem
1395 3376 1425 3433 in
1449 3395 1560 3452 pompa

279 3468 317 3525 ad
341 3467 444 3524 aedem
469 3467 681 3525 llioscuromm
705 3471 860 3527 cantatum
884 3469 931 3544 sit,
956 3487 1032 3543 quae
1057 3467 1285 3526 scholiastarum
1312 3458 1413 3541 opinio
1438 3468 1483 3524 est
1507 3459 1560 3543 (ad

278 3577 305 3614 v.
323 3550 379 3633 ¹⁰h
403 3576 440 3613 an
465 3555 543 3613 inter
566 3557 671 3631 epulus
694 3557 839 3634 publicae,
864 3557 972 3633 quibus
996 3557 1026 3614 in
1051 3556 1141 3615 sacris
1156 3554 1392 3614 Theoxeniorum
1411 3555 1559 3629 populum

279 3645 374 3720 excipi
399 3643 521 3702 solitum
550 3662 612 3702 csse
645 3647 778 3722 exemplo
806 3645 1007 3722 lluphorionis
1036 3646 1115 3721 apud
1149 3645 1256 3703 llerod.
1281 3662 1311 3701 vr
1336 3654 1386 3702 1⁴2?
1411 3643 1559 3720 docemur,

278 3754 336 3792 non
368 3734 533 3810 praefracte
565 3733 726 3794 diiudicare
757 3736 867 3811 ausim3
904 3736 954 3793 sed
989 3739 1088 3792 tamen
1124 3734 1253 3808 priorem
1289 3732 1469 3791 sententiam
1501 3732 1559 3789 fre·

279 3822 382 3898 quenti
407 3823 544 3881 anacrusi
569 3826 599 3880 et
622 3830 716 3882 metro
740 3818 804 3883 κατ’
830 3822 967 3883 ε’νόιιλιον
991 3822 1191 3883 commendari
1215 3822 1361 3881 existimo.

1328 4017 1409 4098 Στρ.
1433 4009 1476 4075 α’.

375 4120 598 4205 Τυνδαρίδαις
620 4145 653 4185 τε
678 4121 879 4207 φιλοξείνοις
903 4121 996 4187 ἁδεῖν
1019 4122 1272 4205 καλλιπλοκάμῳ
1298 4117 1334 4182 θ’
1355 4116 1470 4205 Ἑλένᾳ

367 4227 501 4290 κλεινὰν
522 4225 724 4309 Ἀκράγαντα
748 4232 913 4313 γεραίρων
936 4230 1087 4312 εὔχομαι,

349 4456 428 4489 suanm
450 4456 551 4490 lucrio.
586 4439 721 4492 luseram
740 4440 815 4509 αὐτῷ
836 4436 946 4508 ἅρματι.
975 4436 1109 4502 Θεοξένια
1126 4438 1191 4505 AO,
1211 4442 1248 4509 τῷ
1268 4439 1342 4510 αὐτῷ
1363 4437 1402 4500 εἰς
1423 4435 1559 4502 Θεοξένια

278 4495 710 4576 Βοωαοωοοοέ

348 4668 537 4704 coanaaraau.
574 4668 600 4704 v.
622 4668 640 4704 1.
669 4651 838 4720 Tyndaridis
862 4656 948 4721 poeta
971 4651 1082 4721 plaeere
1102 4649 1175 4711 vult,
1196 4651 1270 4718 qnod
1290 4668 1402 4705 carmen
1422 4651 1450 4703 in
1470 4651 1559 4705 sacris

277 4720 503 4791 Tyndaridarum
522 4722 699 4789 cantabatur,
719 4723 748 4775 id
767 4724 842 4791 quod
858 4728 886 4777 et
900 4727 994 4777 vetere.
1013 4722 1195 4792 inscriptione
1211 4723 1250 4784 εἰς
1266 4723 1401 4788 Θεοξένια
1416 4722 1560 4775 indicatur

277 4796 306 4847 et
330 4793 513 4847 adnotatione
536 4792 693 4847 Aristarchi
717 4797 897 4848 confirmatur
919 4795 948 4847 in
972 4793 1098 4848 scholiis:
1124 4791 1297 4864 Ἀρίσταρχός
1315 4812 1385 4863 φησι
1403 4792 1482 4860 παρὰ
1500 4802 1559 4856 τοῖς
1624 4823 1629 4832 -

276 4861 497 4934 Ἀκραγαντίνοις
516 4864 563 4918 διὰ
583 4873 662 4935 τιμῆς
682 4859 753 4920 εἶναι
774 4867 838 4928 τοὺς
854 4866 1043 4933 Διοσκούρους
1058 4866 1102 4918 καλ
1118 4862 1226 4939 πατρίῳ
1246 4865 1308 4919 ἔδει
1327 4867 1373 4919 καλ
1389 4872 1441 4919 νῦν
1456 4864 1559 4927 αὐτοὺς
