3442 5550
605 399 652 451 lV.
680 398 731 449 DE
750 399 835 450 VITA
852 400 1009 453 PINDARI.

792 610 819 665 C.

253 737 331 803 vita
353 756 393 803 ox
415 736 581 803 Eustathfl
604 738 838 804 commentariis
860 736 1040 805 Pindariois
1064 737 1115 823 (ἐκ
1140 741 1356 827 Πινδαρικῶν

595 844 825 931 παρεκβολῶυ)
848 846 1010 928 excerpta.

259 993 415 1064 Τοιοῦτος
444 985 480 1053 δὲ
509 990 556 1054 ὢν
584 991 644 1073 τὴν
672 994 821 1072 ποίησιν,
853 989 898 1065 ὡς
925 989 1137 1074 άμυδρύτατα
1164 991 1356 1076 ὑπογράψαι
1382 994 1442 1058 τὸν

163 1097 270 1180 ἄνδρα
297 1093 436 1182 (χρῶσαι
465 1097 528 1180 γὰρ
556 1098 592 1161 τὸ
616 1096 851 1181 σκιαγράφημα
874 1105 972 1160 τοῦτο
996 1099 1043 1173 είς
1066 1095 1191 1175 ἐντελὲς
1215 1105 1264 1181 εἴη
1288 1097 1331 1162 διν
1353 1099 1442 1165 πάνυ

163 1200 330 1289 ἐργῶδες),
354 1201 581 1286 έπιμεμίληται
604 1203 669 1267 ὑπὸ
693 1215 760 1268 τῶν
782 1208 933 1268 παλαιῶν
955 1202 1010 1268 καὶ
1034 1207 1081 1281 είς
1103 1205 1221 1288 γένους
1243 1206 1441 1291 ἀναγραφὴν
1554 1254 1560 1269 .

163 1311 223 1392 τὴν
250 1310 332 1374 κατά
359 1334 394 1375 τε
422 1312 641 1396 Πλούταρχον
668 1307 722 1375 καὶ
751 1308 896 1395 ἑτέρους,
926 1309 1004 1396 παρ’
1031 1302 1081 1388 οἷς
1106 1311 1242 1397 φέρεται
1269 1314 1320 1377 ὅτι
1348 1315 1440 1398 κύμη

165 1419 321 1501 Θηβαίων
344 1418 379 1482 οί
395 1415 637 1502 Κυνοκέφαλοι.
679 1417 714 1482 έκ
737 1419 857 1501 ταύτης
880 1419 915 1483 οί
935 1428 995 1483 τοῦ
1019 1429 1127 1502 σοφοῦ
1146 1421 1244 1484 τοῦδε
1263 1419 1475 1506 γενέτορες,ο

161 1527 268 1609 πατὴρ
300 1520 361 1609 μὲν
388 1526 576 1607 Παγώνδας
607 1525 793 1613 ὀνοματικῷ
823 1526 915 1613 τύπῳ
943 1528 1094 1614 Βοιωτίῳ
1122 1527 1203 1591 κατά
1231 1527 1268 1591 τὸ
1294 1525 1440 1612 Ἐπαμει-

163 1633 303 1714 νώνδας,
328 1633 518 1716 Κρεώνδας·
542 1634 623 1697 κατὰ
643 1631 682 1697 δέ
698 1656 790 1710 τινας
810 1632 1008 1717 Δαϊφάντου
1028 1632 1048 1717 ἢ
1068 1637 1275 1699 Σκοπελίνου
1294 1633 1439 1717 αὐλητοῦ

161 1736 216 1803 καὶ
240 1743 410 1823 Μυρτοῦς.
452 1738 488 1817 ὃς
511 1740 552 1823 δὴ
573 1744 777 1816 Σκοπελῖνος
799 1741 860 1823 την
883 1739 1065 1825 αὐλητικὴν
1088 1740 1223 1818 διδάξας
1245 1741 1304 1805 τὸν
1326 1742 1439 1824 παῖδα,

162 1847 233 1912 έπεί
253 1864 358 1932 φασιν
381 1841 469 1911 εἶδεν
491 1847 595 1912 αὐτὸν
615 1850 762 1932 μείζονος
780 1845 876 1925 ἕξεως
895 1849 1005 1931 φύντα
1024 1849 1106 1934 ἥπερ
1124 1846 1181 1913 ὑπ’
1202 1847 1291 1935 αύτῷ
1311 1853 1438 1913 τελειω-

162 1962 275 2038 θῆναι,
297 1952 487 2041 παρέδωκεν
511 1957 557 2031 είς
579 1955 728 2040 μάθησιν
751 1960 926 2042 μελοποιφ,
949 1965 995 2042 τῷ
1018 1954 1245 2043 περιμδομένῳ
1270 1955 1370 2044 Λάσῳ
1394 1967 1439 2045 τῳ
1462 1974 1493 2021 10

157 2060 330 2147 Ἑρμιονεϊ,
349 2059 427 2146 παρ’
444 2055 470 2149 ᾧ
490 2061 672 2146 ἐπαιδεύθη
691 2064 752 2147 τὴν
770 2064 919 2146 λυρικήν.
956 2065 1039 2127 ἔνιοι
1059 2059 1095 2127 δὲ
1114 2063 1173 2127 τὸν
1191 2063 1294 2129 αὐτὸν
1312 2067 1441 2148 ἔφασαν

161 2170 343 2253 διωνυμίας
381 2171 467 2257 λόγῳ
501 2174 708 2235 Σκοπελῐνον
744 2168 799 2234 καὶ
832 2173 1029 2254 Δαΐφαντον
1062 2168 1225 2252 λέγεσθαι.
1276 2173 1371 2236 άλλοι
1403 2168 1440 2236 δὲ

160 2277 295 2361 πάτρων
326 2277 501 2361 Πινδάρου
535 2283 599 2342 εἴτε
630 2279 784 2362 πατρωὸν
816 2279 875 2342 τὸν
908 2281 1116 2343 Σκοπελῖνον
1148 2272 1242 2342 εἷπον
1274 2277 1439 2360 γενέσθαι.

160 2382 223 2449 είσλ
246 2382 278 2447 δ’
300 2387 334 2448 οἳ
354 2382 409 2448 καὶ
432 2385 473 2449 ού
497 2386 637 2469 Μυρτώ,
660 2384 744 2450 ἀλλὰ
764 2386 958 2467 Κλεοδίκην,
982 2383 1002 2468 ἢ
1025 2385 1107 2449 κατά
1131 2389 1325 2469 συναίρεσιν
1344 2390 1440 2452 Κλει-

160 2493 257 2574 δίκην
288 2490 410 2575 μητέρα
443 2501 488 2578 τῷ
520 2492 681 2578 Πινδάρῳ
715 2491 962 2576 ἀναγράφουσι,
996 2491 1161 2580 γενομένῳ
1196 2491 1248 2557 έπλ
1280 2494 1441 2579 ἄρχοντος
1462 2510 1492 2557 15

159 2602 289 2674 Βίωνος
311 2600 393 2662 κατὰ
417 2601 495 2674 τοὺς
517 2602 660 2683 χρόνους
682 2601 862 2683 Αἰσχύλου,
885 2593 912 2687 ᾦ
935 2597 990 2664 καί
1012 2598 1258 2683 συγγεγένηται,
1281 2600 1441 2685 ὁμιλήσας
1535 2604 1542 2701 ξ
1579 2665 1582 2671 ,

158 2704 214 2770 καὶ
240 2705 447 2790 άπονάμενός
475 2730 506 2771 τι
534 2704 589 2770 καὶ
616 2715 674 2790 τῆς
702 2706 829 2772 ἐκείνου
857 2710 1118 2791 μεγαλοφωνίας.
1164 2704 1303 2790 τέθνηκε
1327 2704 1364 2772 δὲ
1386 2707 1440 2772 ὅτε

159 2814 198 2876 τά
226 2815 373 2896 Περσικά
404 2814 538 2897 ἤκμαζε,
570 2815 652 2878 κατὰ
682 2815 743 2898 την
770 2812 867 2897 ἕκτην
894 2812 948 2879 καὶ
976 2813 1202 2898 ὀγδοηκοστὴν
1227 2812 1439 2899 Ὀλυμπιάδα,

160 2921 255 3002 ζήσας
277 2923 332 3002 ἔτη
353 2919 386 2996 ’ἐξ
404 2917 459 2984 καὶ
478 2917 644 3003 ἑξήκοντα,
667 2922 748 2984 κατά
767 2917 804 2985 δὲ
823 2920 933 2997 ένίους
951 2920 1164 3003 ὀγδοήκοντα.
1206 2924 1279 3004 ἔσχε
1298 2919 1339 2986 δέ
1355 2939 1439 3006 φασι

158 3026 347 3111 θυγατέρας
371 3027 446 3117 δύρ,
470 3027 701 3111 Πρωτομάχην
724 3025 779 3091 καλ
803 3028 967 3110 Εὔμητιν,
994 3026 1048 3092 καὶ
1071 3029 1148 3092 υἱὸν
1171 3024 1208 3092 δέ
1231 3030 1439 3111 Δαΐφαντον,
1459 3044 1492 3092 20

158 3137 262 3218 γήμας
285 3133 509 3216 Μεγάκλειαν·
538 3129 586 3198 ὧν
614 3135 655 3217 δὴ
682 3132 880 3218 θυγατέρων
906 3132 1066 3218 μέμνηται
1089 3132 1144 3199 καὶ
1168 3133 1355 3219 ἐπίγραμμα
1377 3155 1439 3198 πα-

160 3242 254 3323 λαιὸν
278 3241 397 3306 έκεῖνο·
1342 3282 1355 3317 .

285 3360 332 3429 Ἦ
351 3366 450 3449 μάλα
476 3366 716 3450 Πρωτομάχη
740 3390 778 3430 τε
801 3364 865 3430 καὶ
888 3367 1062 3450 Εὔμητις
1085 3368 1304 3452 λιγύφωνοι

335 3473 541 3558 Πινδάρου
565 3476 761 3538 ἔκλαυσαν
784 3472 1001 3559 θυγατέρες
1024 3478 1200 3559 πινυταί,

288 3579 476 3664 ’Δργόθεν
500 3576 596 3664 ἦμος
619 3581 752 3645 ἵκοντο
776 3579 974 3664 κομίζουσ’
995 3582 1136 3645 ἔνδοθι
1159 3593 1338 3667 κρωσσοῦ
1457 3598 1491 3647 25

335 3685 485 3765 λείψαν’
508 3687 580 3751 ἀπὸ
604 3685 735 3771 ξείνης
757 3687 884 3771 άθρύα
907 3696 1111 3771 πυρκαϊῆς.

157 3831 193 3896 έν
221 3825 246 3920 ᾦ
275 3833 316 3914 δὴ
345 3830 565 3915 ἐπιγράμματι
593 3829 634 3895 ού
663 3829 869 3913 δηλουμένου
898 3839 956 3894 τοῦ
984 3841 1054 3905 πῶς
1081 3830 1118 3895 έν
1137 3829 1249 3916 ’Ἀργει
1276 3831 1395 3896 θανὼν
1420 3831 1438 3897 ὁ

156 3941 328 4023 Πίνδαρος
354 3933 423 4003 εἷτα
451 3940 498 4013 είς
527 3939 586 4021 την
609 3936 752 4020 πατρίδα
776 3936 905 4002 ἐκεῖθεν
929 3936 1105 4022 ἐκομίσθη,
1134 3937 1221 4021 ὅμως
1244 3936 1335 4003 ἐστὶν
1357 3938 1437 4003 ὑπο·
1540 3954 1548 3969 “

158 4055 284 4130 νοῆσαι,
308 4046 358 4111 ὅτι
382 4044 539 4111 άπελθὼν
562 4050 609 4120 είς
632 4067 707 4108 τινα
726 4046 1001 4126 Πελοποννήσιον
1021 4043 1133 4126 άγῶνα
1152 4042 1207 4109 καλ
1225 4045 1344 4109 θανὼν
1362 4043 1434 4109 κατ’

157 4153 238 4217 αὐτὸ
271 4154 307 4217 τὸ
328 4132 449 4236 ΞἈργος
481 4151 630 4234 ἀπεδόθη
664 4149 793 4215 ἐκεῖθεν
819 4152 955 4234 πατρίδι
981 4153 1107 4237 νεκρός.
1159 4161 1203 4238 τῳ
1232 4147 1268 4215 δὲ
1298 4149 1435 4235 ῥηθέντι
1456 4169 1489 4217 30

157 4262 220 4348 υίῳ
241 4258 424 4347 Δαιφάυτῳ
448 4256 502 4323 καὶ
527 4257 783 4343 δαφνηφορικὸν
807 4250 895 4343 ᾆσμα
917 4257 1042 4341 γράψαι
1066 4256 1194 4340 λέγεται
1217 4257 1235 4323 ὁ
1258 4259 1376 4342 πατήρ,
1400 4256 1437 4334 ὃς
1490 4272 1493 4279 ’

250 4442 273 4489 1.
297 4434 440 4488 Eustathii
458 4432 720 4505 prolegomenorum
739 4451 812 4501 quae
831 4433 1002 4487 antecedunt
1021 4433 1135 4488 exhibet
1153 4430 1238 4502 Abel,
1263 4432 1376 4488 Scholia
1393 4448 1434 4488 re-

158 4507 252 4561 centia
275 4506 304 4560 in
327 4506 443 4560 Pindari
467 4505 589 4577 epinicia
612 4504 691 4559 vol.1
709 4524 736 4575 p.
752 4511 848 4562 3-17.
873 4538 906 4545 -
932 4511 973 4558 16.
997 4502 1121 4573 Ἀβίωνος
1145 4505 1214 4575 cod.‚
1241 4502 1343 4567 Βίωνος
1367 4522 1434 4559 corr.

157 4578 267 4648 Heyue,
285 4575 420 4667 ’Ἄρρωνος
439 4578 509 4633 coni.
530 4576 732 4644 Wilamowitz‚
756 4576 871 4631 Aristot.
891 4594 917 4629 u.
938 4576 1031 4629 Athen
1049 4581 1144 4629 11302.
1229 4582 1260 4629 17
1272 4594 1312 4653 ιηΖ
1337 4575 1381 4630 ὅτε
1400 4577 1434 4629 τά

157 4649 283 4718 Περσικὰ
299 4653 422 4719 ηκμαζεν
438 4648 646 4720 transponenda
661 4651 727 4701 sunt
741 4651 805 4718 post
819 4645 1024 4718 συγγεγέυηται.
1058 4647 1137 4701 Diod.
1153 4668 1180 4700 xi
1195 4653 1229 4701 26
1245 4648 1282 4701 ad
1297 4646 1339 4702 01.
1352 4654 1394 4715 76,
1405 4655 1433 4701 2':

157 4731 212 4775 τῶν
231 4720 261 4776 δὲ
282 4726 436 4792 μελοποιῶν
451 4719 593 4790 Πίνδαρος
612 4714 648 4789 ’ἦν
666 4720 797 4788 ἀκμάζων
816 4719 888 4773 κατὰ
904 4720 1020 4783 τούτους
1033 4721 1098 4782 τοὺς
1112 4717 1237 4789 χρόνους.
1260 4751 1289 4759 -
1311 4724 1353 4771 20.
1370 4716 1435 4772 Διό·

157 4813 268 4863 φαντον
286 4794 346 4846 cod.
367 4824 397 4832 -
419 4798 461 4845 24.
482 4792 535 4847 έκλ.
555 4812 612 4847 πιν.
634 4794 715 4846 Πινδ.
735 4795 800 4861 θυγ.
820 4792 894 4858 υοδ.;
919 4795 1025 4860 λευυυῳ.
1045 4790 1184 4856 Gerhard3
1204 4787 1362 4857 Πινδαρίου
1380 4789 1436 4845 θύ-

157 4884 257 4934 γατρες
276 4863 321 4918 vel
340 4862 495 4931 Πινδάριαι
513 4864 584 4917 coni.
605 4865 705 4933 Unger.
726 4896 757 4903 -
778 4868 820 4917 31.
842 4863 993 4935 Διοφάντῳ
1012 4862 1073 4915 cod.
