3442 5550
302 414 368 467 VIII
805 416 1083 469 Puonnconnnn.

306 601 377 645 esse
400 579 488 643 inter
510 576 632 663 peritos
655 578 778 644 iudices
798 583 935 645 constat.
974 577 1060 655 Quas
1079 579 1235 644 minutias
1254 579 1281 644 si
1301 579 1372 663 quis
1392 586 1498 666 curat,
1520 603 1587 645 non

306 691 374 752 tam
398 691 436 751 ut
457 685 639 751 orationem
657 689 773 770 poetae
792 687 941 751 emendet
959 708 1056 770 quam
1075 692 1113 751 ut
1132 709 1213 770 quac
1231 687 1316 751 nitio
1335 687 1420 751 inter
1439 687 1586 773 singulos

307 794 434 860 codices
463 794 644 858 intercedat
672 793 853 858 accuratius
882 799 1073 879 cognoscat,
1102 793 1219 859 horrea
1242 794 1498 879 locupletissima
1520 795 1586 859 edi-

304 901 405 966 tionis
429 899 706 965 Mommsenianae
729 902 832 966 adeat.

394 1006 554 1091 Quatuor,
574 1030 655 1092 quos
671 1008 767 1072 modo
782 1008 941 1092 recensui,
956 1008 1121 1074 codicibus
1136 1008 1275 1073 formam
1290 1013 1399 1074 textus
1414 1008 1586 1096 Pindarici,

304 1115 433 1200 qualem
447 1114 620 1201 Byzantini
635 1137 655 1179 a
668 1115 832 1180 veteribus
848 1114 979 1181 Graecis
993 1121 1192 1201 acceperant,
1206 1117 1335 1201 plenam
1348 1118 1586 1201 repraesentari

302 1246 406 1308 neque
439 1224 480 1287 ad
512 1223 758 1287 instaurandam
790 1223 859 1287 eius
893 1224 1081 1287 memoriam
1110 1222 1182 1287 aliis
1211 1223 1375 1288 codicibus
1404 1247 1485 1309 opus
1514 1247 1584 1290 csse

304 1333 400 1417 plane
433 1330 514 1395 mihi
546 1352 736 1415 persuasum
769 1335 828 1394 est.
878 1329 993 1415 Neque
1024 1352 1105 1415 quac
1138 1332 1233 1395 docta
1262 1336 1295 1395 et
1322 1331 1471 1417 diligenti
1500 1352 1584 1395 com·

304 1438 504 1503 mentatione
536 1436 672 1502 Abelius
704 1436 811 1501 Wien.
845 1434 936 1501 Stud.
963 1454 1000 1500 1v
1028 1438 1191 1501 225-62
1228 1438 1266 1501 de
1303 1437 1396 1502 novis
1429 1437 1582 1503 subsidiis

304 1550 479 1630 apparatus
508 1544 612 1611 critici
638 1549 671 1610 et
695 1548 866 1609 stemmate
891 1544 1034 1609 codicum
1060 1544 1253 1630 disputavit,
1278 1544 1314 1608 iu
1337 1544 1434 1608 aliam
1459 1549 1584 1609 senten-

304 1653 385 1718 tiam
404 1675 455 1717 me
475 1656 653 1718 traxerunt.
691 1650 777 1715 Nam
798 1673 877 1736 fluas
896 1673 947 1715 me
966 1651 1073 1735 ipsum
1093 1673 1132 1716 ex
1152 1651 1224 1716 aliis
1244 1650 1409 1717 codicibus
1429 1651 1584 1717 lectiones

306 1760 534 1845 comprobasse
564 1764 597 1824 et
623 1759 658 1823 in
681 1763 807 1823 textum
837 1758 996 1843 recepisse
1025 1759 1187 1845 coarguit,
1215 1781 1269 1823 eas
1296 1780 1363 1823 non
1391 1780 1429 1823 ex
1454 1759 1586 1825 meliore

303 1869 394 1933 fonte
423 1868 569 1951 flrixisse,
597 1867 652 1931 sed
680 1866 837 1932 facillima
860 1889 959 1951 opera
982 1890 1001 1930 a
1023 1866 1181 1951 librariis,
1209 1865 1341 1931 scholiis
1365 1866 1418 1932 hic
1440 1866 1508 1930 illic
1532 1868 1584 1931 acl·

303 1974 431 2058 bibitio,
456 1980 616 2039 correctas
640 1995 710 2038 esse
734 1979 877 2058 apparet.
920 1972 982 2038 Sed
1006 1996 1079 2038 cum
1103 1979 1178 2039 ante
1202 1973 1453 2059 typographiam
1475 1973 1583 2038 inven-

305 2085 372 2146 tam
397 2082 430 2145 in
458 2080 673 2145 deterioribus
703 2080 867 2146 codicibus
894 2080 1051 2146 nonnulla
1078 2082 1195 2146 menda
1218 2080 1347 2145 sublata
1370 2080 1451 2166 sint,
1479 2080 1583 2146 omnis

304 2192 414 2253 autem
442 2187 591 2252 lectionis
620 2193 769 2273 receptae
796 2191 963 2252 auctorem
992 2192 1147 2252 testemve
1174 2186 1255 2250 mihi
1277 2187 1485 2252 indicandum
1513 2210 1585 2273 pro

302 2294 499 2379 posuissem,
526 2295 579 2360 hic
603 2295 670 2359 illic
695 2296 793 2360 etiam
818 2295 872 2359 alii
897 2293 1038 2376 codices,
1064 2294 1118 2378 qui
1143 2294 1208 2358 illis
1231 2294 1421 2379 integritate
1445 2295 1585 2378 proximi

304 2406 412 2466 essent
441 2406 474 2467 et
501 2425 539 2466 ex
568 2402 685 2487 quibus
715 2403 885 2467 emendata
913 2402 1009 2467 lectio
1038 2400 1170 2465 fluxisse
1198 2402 1375 2486 videretur,
1405 2400 1440 2465 in
1471 2402 1584 2466 critico

304 2513 461 2594 apparatu
486 2508 565 2573 mihi
591 2510 864 2574 commemorandi
889 2512 989 2573 erant.
1035 2506 1118 2572 Sunt
1142 2512 1251 2573 autem
1273 2508 1321 2572 hi:

302 2616 338 2681 E
357 2647 398 2669 =
418 2616 581 2681 Mediccus
596 2618 652 2700 32,
672 2618 712 2681 37
734 2638 816 2681 saec.
830 2614 909 2680 XIV
923 2616 980 2699 in.,
1000 2615 1145 2680 continet
1160 2615 1311 2700 Olympia
1329 2621 1362 2681 ct
1375 2614 1495 2700 Pythia
1510 2640 1583 2681 cum

357 2722 490 2788 scholiis
510 2722 678 2787 Vaticanis
702 2723 827 2809 mixtis,
851 2723 994 2807 optimus
1013 2724 1113 2787 codex
1132 2729 1181 2788 est
1201 2724 1358 2788 secundae
1378 2723 1491 2788 classis
1510 2730 1585 2807 post

356 2829 458 2894 libros
481 2828 515 2893 B
537 2833 569 2893 et
591 2829 626 2895 D
653 2851 756 2913 neque
785 2834 894 2893 tamen
923 2830 962 2893 ad
986 2833 1080 2894 vetus
1103 2830 1266 2914 exemplar
1290 2834 1398 2895 textus
1421 2828 1584 2895 Pindarici

357 2936 593 3002 restituendum
617 2938 712 3021 plane
735 2936 946 3001 necessarius.

305 3044 339 3109 F
358 3075 399 3097 =
418 3042 582 3109 Mediceus
607 3045 663 3130 32,
686 3044 728 3110 33
758 3066 840 3109 saec.
863 3043 941 3108 XIV
964 3044 1021 3127 in,
1055 3045 1199 3110 continet
1227 3044 1377 3130 Olympia
1406 3050 1439 3109 et
1466 3043 1584 3129 Pythia

358 3173 430 3216 cum
456 3150 588 3216 scholiis
612 3150 782 3217 Vaticanis
806 3151 931 3236 mixtis,
954 3152 1062 3216 affinis
1086 3156 1136 3217 est
1159 3151 1261 3217 codici
1284 3151 1325 3216 E.
1566 3148 1570 3155 ’

308 3258 338 3324 G
358 3290 400 3312 =
421 3258 648 3345 Gottingensis
665 3260 682 3324 1
704 3280 785 3324 saec.
799 3258 894 3343 XIII,
918 3259 1063 3324 continet
1082 3258 1263 3324 O.n-X1v
1282 3264 1315 3324 ct
1334 3258 1490 3323 P.1-x11
1511 3282 1583 3325 cum

358 3365 492 3430 scholiis
516 3364 684 3430 Vaticanis
709 3365 834 3449 mixtis,
857 3364 965 3430 affinis
990 3371 1040 3430 est
1063 3366 1164 3431 codici
1188 3366 1228 3430 E.

304 3580 337 3643 P
357 3611 398 3632 =
418 3578 587 3644 Palatinus
612 3579 827 3644 bibliothecae
852 3578 1136 3666 Heidelbergcnsis
1155 3581 1199 3646 40
1223 3604 1305 3646 saec.
1323 3580 1401 3646 XIII
1408 3633 1417 3666 ,
1440 3583 1585 3646 continet

358 3686 511 3771 Olympia
543 3691 576 3752 et
604 3685 723 3770 Pythia
755 3688 824 3751 sine
852 3686 1016 3753 veteribus
1045 3688 1192 3773 scholiis,
1224 3687 1331 3754 affinis
1364 3687 1502 3753 maxime
1535 3694 1585 3754 cst

357 3793 522 3859 codicibus
545 3793 624 3859 DE.

307 3902 334 3983 Q
360 3932 401 3954 =
421 3900 583 3967 Mediceus
603 3904 660 3987 32,
679 3905 721 3967 35
746 3925 825 3967 saec.
845 3901 939 3985 XIII,
968 3902 1114 3967 continet
1137 3902 1289 3987 Olympia
1315 3907 1347 3967 et
1370 3902 1490 3987 Pythia
1511 3925 1585 3969 cum

359 4008 491 4074 scholiis
517 4009 684 4074 Vaticanis
708 4008 832 4095 mixtis,
856 4015 1014 4096 cognatus
1038 4015 1088 4074 est
1112 4009 1214 4074 codici
1238 4008 1277 4073 P.

306 4114 337 4179 R
359 4146 401 4167 =
423 4115 563 4181 Urbinas
581 4118 644 4181 144
663 4139 744 4181 saec.
759 4116 829 4199 XV,
849 4116 994 4182 continet
1013 4116 1164 4202 Olympia
1182 4122 1215 4181 et
1229 4116 1348 4200 Pythia
1362 4140 1436 4181 cum
1452 4117 1584 4181 scholiis

359 4220 527 4287 Vaticanis
551 4222 676 4307 mixtis3
700 4223 808 4288 affinis
832 4229 882 4289 est
906 4223 1009 4288 codici
1034 4224 1067 4305 Q.

308 4436 335 4502 0
356 4467 398 4491 --·
417 4435 583 4501 Leidensis
607 4435 634 4513 Q
654 4439 674 4501 4
698 4458 779 4502 saec.
798 4436 879 4501 XIII
898 4460 960 4522 en,
983 4437 1129 4502 continet
1152 4438 1188 4502 Ο.
1209 4456 1328 4502 1—x111
1354 4461 1426 4503 cum
1451 4441 1584 4505 scholiis

359 4541 526 4608 Vaticanis
550 4542 675 4627 mixtis3
698 4548 857 4629 cognatus
880 4549 931 4610 est
954 4544 1118 4610 codicibus
1145 4544 1172 4611 (7
1192 4550 1225 4610 et
1247 4546 1288 4611 Ε.

306 4650 342 4715 Ν
360 4681 402 4703 =
421 4649 658 4714 Ambrosianus
681 4650 709 4714 Il
735 4652 794 4716 103
819 4673 900 4716 saec.
926 4648 1002 4714 XIII
1021 4673 1084 4737 ex.;
1107 4653 1273 4737 conspirat
1296 4677 1369 4719 cum
1398 4655 1437 4740 0,
1461 4678 1524 4740 qua
1547 4656 1585 4720 de

357 4780 392 4823 re
416 4758 527 4823 confer
550 4780 577 4821 v.
601 4756 622 4821 l.
646 4755 737 4821 0.x1
762 4760 808 4823 10.
