3442 5550
218 376 283 439 302
695 381 842 461 munim
860 381 1023 431 summm.

219 546 348 622 denique
368 546 498 605 dissidiis
512 545 634 605 Adrasti
653 548 685 605 et
698 546 873 623 Amphiarai
893 546 1016 604 dissidia
1035 546 1179 606 Theronis
1198 552 1228 606 et
1246 547 1386 607 Hieronis
1406 547 1501 625 signi-

221 634 303 694 ficari
326 635 410 712 dixit,
433 655 469 694 ea
492 635 588 713 magis
611 636 762 713 ingeniose
785 635 955 713 excogitata
978 655 1068 712 quam
1087 635 1293 712 probabilibus
1311 638 1502 715 argumentis

220 723 394 783 confirmate
413 743 475 784 esse
495 724 598 783 sentio.
614 724 715 783 -De
734 725 813 783 ludis
833 724 949 800 Pythiis
968 724 1115 798 Sicyoniis
1134 725 1219 785 docte
1238 745 1335 801 nuper
1348 745 1498 785 commen·

220 814 302 871 tatus
333 817 379 872 est
410 813 570 891 Luebbert,
601 813 664 872 Ind.
692 814 758 872 lect.
787 815 881 873 Bonn.
911 810 1063 892 messer,
1095 814 1148 873 hos
1178 818 1280 873 autem
1311 815 1397 874 ludos
1428 834 1498 874 cum

221 902 387 962 Clisthenes
410 905 556 979 tyrannus
580 903 768 979 instituisset,
791 905 880 979 poeta
906 903 944 961 ad
967 903 1129 961 Adrastum
1153 909 1307 962 auctorem
1330 904 1497 980 mythicum

221 992 347 1051 rettulit.
369 1023 408 1032 μ
429 992 533 1049 (luruli
553 1010 679 1068 pompae
703 990 834 1049 Chromii
853 992 908 1049 hac
927 992 985 1050 oda
1003 991 1172 1051 illustratae
1199 984 1241 1073 (v.
1257 987 1288 1059 tl
1307 993 1496 1069 triumphum

221 1081 387 1139 Romanum
417 1082 549 1140 conferre
581 1081 678 1158 iuvat,
708 1085 744 1138 ut
774 1081 825 1156 qui
856 1101 890 1139 ex
921 1081 1088 1140 imitatione
1117 1081 1247 1141 Graecae
1277 1083 1497 1143 comissationis

221 1173 310 1228 natus
338 1188 400 1229 esse
424 1170 574 1244 videatur3
604 1170 762 1246 utriusque
787 1172 887 1229 sutem
911 1169 966 1229 hoc
990 1189 1109 1246 quoque
1133 1190 1289 1230 commune
1312 1171 1384 1245 fuit,
1416 1173 1497 1248 quod

220 1278 361 1335 pompam
389 1258 578 1336 magnificam
605 1260 712 1335 epulae
741 1259 878 1334 publicae
906 1263 937 1317 et
964 1260 1044 1318 laeta
1072 1261 1224 1336 symposia
1252 1254 1294 1341 (v.
1314 1252 1363 1341 51)
1392 1280 1497 1337 seque·

103 1422 104 1425 Ἴ
220 1348 338 1408 bantur.

309 1438 344 1495 In
376 1437 527 1513 prooemio
560 1437 660 1496 Musas
693 1439 782 1512 poeta
816 1437 937 1514 invitet,
971 1442 1006 1496 ut
1035 1456 1135 1497 secum
1165 1439 1267 1497 urbem
1292 1440 1420 1498 Aetnam
1453 1440 1496 1497 in-

221 1529 314 1603 trent,
346 1526 397 1585 ubi
432 1526 604 1586 Chromium
637 1526 792 1602 victorem,
826 1527 877 1602 qui
911 1527 970 1585 iam
1000 1528 1213 1603 triumphalem
1242 1547 1363 1586 currum
1395 1547 1495 1588 ascen-

219 1616 309 1693 derit,
342 1617 451 1691 hymno
485 1615 611 1690 epinicia
644 1620 750 1674 ornent
782 1609 905 1697 (1—10).
951 1617 1063 1676 Mentio
1096 1617 1236 1676 ludorum
1267 1617 1402 1694 Adrasti,
1427 1619 1493 1694 qui·

220 1705 276 1762 bus
299 1704 457 1764 tllrromius
485 1723 624 1764 coronam
652 1708 814 1781 meruerat,
845 1724 948 1764 ansam
977 1710 1082 1781 poetae
1111 1706 1234 1781 praebet
1262 1707 1402 1765 narrandi
1430 1708 1494 1766 sata

219 1794 342 1852 Adrasti
371 1794 494 1870 eiusque
524 1794 625 1871 generi
655 1794 830 1869 Amphiarai
862 1787 1006 1875 (lo—27).
1059 1795 1123 1853 lam
1152 1794 1329 1869 Amphiarai
1360 1796 1435 1874 l'uga
1464 1802 1494 1855 et

219 1884 344 1942 interitu
374 1885 540 1942 commotus
563 1883 664 1943 lovem
692 1886 843 1959 precatur,
873 1903 910 1941 ne
938 1883 1065 1942 similem
1093 1884 1123 1942 in
1151 1884 1266 1943 cladem
1295 1885 1393 1943 Aetna
1423 1885 1494 1944 urbs

217 1973 341 2049 eiusque
365 1972 479 2031 strenui
507 1971 585 2032 cives
609 1973 763 2031 incurrant
786 1964 934 2051 (ct-33),
966 1973 1044 2031 inter
1071 1993 1147 2049 quos
1175 1974 1348 2032 (bromium
1371 1975 1494 2051 pudore,

218 2062 384 2138 prudentia,
408 2061 515 2120 bellica
538 2061 626 2119 laude
651 2062 778 2121 eminere
804 2061 911 2120 laudat
933 2054 1077 2143 (tl—43).
1116 2061 1164 2121 Sic
1187 2082 1253 2121 cum
1279 2083 1297 2122 a
1321 2063 1433 2122 fabulis
1456 2064 1493 2122 ad

218 2170 279 2209 rem
299 2154 486 2228 praesentem
504 2151 656 2228 ingeniose
675 2151 820 2226 rediisset,
836 2151 865 2209 in
885 2152 1003 2229 epilogo
1022 2151 1161 2210 carminis
1176 2152 1349 2211 Chromium
1369 2153 1493 2231 dignum

219 2259 281 2299 esse
310 2240 474 2316 praedicet,
506 2240 557 2315 qui
586 2241 671 2299 lauro
699 2240 841 2316 partein
865 2259 967 2299 serena
997 2243 1149 2300 senectute
1178 2242 1310 2318 fruatur,
1340 2246 1372 2300 et
1402 2248 1495 2302 semet

220 2329 317 2405 ipsum
336 2330 516 2404 chorumque
533 2329 652 2406 excitat,
671 2333 707 2387 ut
721 2330 791 2388 vina
810 2349 845 2388 ex
864 2329 1013 2407 argenteis
1032 2330 1150 2409 phialis,
1166 2330 1306 2407 quasilla
1326 2333 1494 2407 praemium

218 2418 373 2495 acceperit,
396 2417 530 2476 bibentes
553 2417 681 2477 virtutes
704 2418 825 2478 victoris
848 2418 1023 2495 triumphali
1047 2420 1134 2479 modo
1159 2420 1319 2479 illustrent.

764 2571 807 2636 De
831 2573 952 2638 metris.

308 2684 432 2744 Carmen
463 2684 767 2762 praestantissimum,
797 2686 878 2761 quod
907 2690 943 2744 ιιι
972 2686 1003 2744 in
1033 2705 1144 2763 pompa
1167 2687 1204 2745 sd
1233 2687 1415 2763 hospitalem
1443 2688 1494 2748 do·

220 2794 300 2833 mum
324 2774 447 2834 victoris
471 2774 655 2834 instituenda
678 2774 801 2833 citharis
820 2774 962 2851 tibiisque
982 2776 1185 2835 accinentibus
1204 2779 1386 2855 cantaretur,
1405 2777 1495 2838 desti-

219 2868 324 2922 natum
347 2864 407 2921 fuit
430 2855 491 2945 (vv.
513 2875 588 2923 1-3.
608 2855 653 2944 8),
678 2863 716 2921 cd
739 2883 871 2923 severam
895 2868 925 2923 et
948 2865 1105 2941 antiquam
1128 2884 1263 2925 normam
1286 2865 1496 2944 dactylo-epi·

219 2954 388 3013 triticorum
407 2953 563 3012 modorum
581 2953 779 3028 compositum
798 2956 851 3012 est.
888 2954 993 3029 Epodo
1013 2954 1094 3030 quod
1113 2959 1202 3031 caret,
1223 2955 1288 3014 eius
1311 2973 1403 3014 causa
1427 2956 1496 3016 inde

220 3044 381 3120 repetenda
403 3046 457 3121 est,
481 3043 559 3120 quod
583 3043 670 3118 epodi
682 3045 794 3119 ,partes
817 3043 918 3101 nullae
939 3046 1026 3102 eraut
1044 3044 1168 3103 carmini
1187 3044 1218 3102 iu
1237 3063 1348 3121 pompa
1367 3064 1385 3103 a
1404 3044 1496 3105 choro

219 3132 374 3210 gradiente
406 3132 570 3206 cantand03
600 3132 636 3190 cf.
660 3132 728 3189 Prol
763 3150 800 3189 nx
829 3135 860 3190 et
887 3150 949 3209 arg.
972 3132 1005 3193 P.
1029 3151 1081 3191 xri.
1127 3134 1290 3193 Metrorum
1321 3133 1428 3193 divisio
1460 3140 1497 3193 ut

220 3221 356 3297 passibus
387 3221 550 3296 gradientis
580 3220 662 3280 chori
692 3221 979 3297 accommodaretur,
1010 3225 1109 3281 totum
1136 3223 1191 3282 hoc
1215 3241 1333 3281 carmen
1357 3222 1498 3283 similiter

220 3315 311 3386 atque
339 3310 472 3369 carmina
502 3309 536 3369 Ο.
556 3328 618 3368 vm.
647 3310 679 3369 P.
699 3328 741 3366 xrr
764 3310 794 3367 in
819 3310 955 3386 dipodias
984 3311 1176 3370 dividendum
1204 3316 1234 3369 et
1257 3312 1403 3387 tripudias
1427 3312 1496 3371 dac·

220 3400 328 3476 tylicas
356 3399 384 3456 in
417 3398 562 3457 ambitum
591 3398 729 3457 binarum
757 3399 946 3475 dipodiarum
970 3401 1168 3460 extendendas
1191 3401 1369 3460 curavimus.
1416 3401 1497 3461 Pau·

221 3507 322 3547 sarum
345 3507 415 3546 vero
439 3488 500 3546 sive
524 3487 660 3546 inanium
687 3490 856 3564 temporum
884 3489 967 3548 sedes
991 3493 1021 3548 et
1044 3489 1175 3549 ambitus
1197 3490 1263 3566 ipso
1286 3494 1381 3550 metro
1405 3495 1497 3566 poeta

221 3577 364 3653 definivit,
389 3577 446 3634 nisi
470 3577 549 3653 quod
572 3577 714 3635 ultimum
737 3596 856 3636 versum
880 3597 897 3636 a
921 3579 1113 3655 praecedente
1142 3582 1245 3637 utrum
1275 3579 1359 3639 nullo
1382 3598 1423 3638 au
1446 3600 1497 3651 sex

221 3673 390 3743 temporum
404 3665 562 3726 intervallo
578 3665 758 3742 diremptum
776 3666 869 3726 fuisse
883 3672 979 3744 putes,
994 3668 1132 3726 dubitare
1147 3668 1255 3747 possis;
1278 3670 1313 3728 cf.
1329 3668 1408 3730 Prol.
1424 3687 1497 3728 nvn.

221 3756 305 3827 Quod
335 3758 436 3814 autem
464 3756 544 3814 solus
571 3755 698 3813 ultimus
721 3774 824 3814 versus
852 3757 991 3832 strophae
1015 3758 1053 3816 ab
1077 3757 1214 3817 anacrusi
1243 3757 1360 3834 incipit,
1384 3758 1442 3818 hac
1464 3778 1497 3819 re

220 3845 352 3904 ordinem
376 3845 576 3919 rhythmicum
601 3845 638 3903 ad
662 3844 748 3903 finem
773 3846 905 3904 converti
936 3845 1136 3923 significatum
1165 3849 1217 3907 est.
1264 3847 1400 3923 Denique
1431 3851 1497 3908 tota

219 3935 343 4010 strophe
361 3953 396 3992 ex
415 3933 511 3992 tribus
531 3933 667 4009 partibus
685 3936 811 4010 constat,
835 3935 950 3993 duabus
969 3935 1193 4012 principalibus,
1217 3955 1344 4012 quarum
1363 3938 1496 4014 utraque

219 4044 255 4082 ex
282 4022 359 4081 binis
388 4023 522 4082 versibus
550 4022 726 4099 aequalibus
754 4024 919 4099 composita
947 4029 992 4084 est
1020 4018 1080 4103 (vv.
1102 4037 1169 4083 1--2
1194 4025 1225 4083 et
1249 4020 1346 4102 3-4l,
1374 4028 1406 4084 et
1434 4046 1496 4085 una

219 4112 343 4189 epodica
367 4107 407 4181 (v.
428 4106 467 4192 5),
492 4132 566 4189 quae
590 4112 733 4190 gravibus
756 4113 885 4189 epitritis
909 4132 1027 4173 carmen
1051 4114 1172 4174 claudit.

275 4267 481 4351 Κωμάοομεν
503 4266 580 4352 παρ’
605 4266 810 4344 ’Λπόλλωνος
834 4272 1046 4349 Σικυωνόθε,
1071 4273 1213 4349 Μοῖσαι,
1299 4273 1379 4356 Στρ.
1399 4270 1443 4335 α’.

274 4375 336 4439 τᾶν
353 4378 546 4439 νεοκτίσταν
565 4374 598 4450 ἐς
617 4381 755 4457 Αἴτναν,
775 4373 848 4440 ἕνθ’
870 4375 1134 4461 ἀναπεπταμέναι
1154 4375 1271 4452 ξείνων
1295 4380 1443 4443 νενίκαν-

221 4536 336 4543 ..—-
392 4540 412 4544 -
1203 4509 1256 4549 ται
1280 4486 1400 4566 θύραι,
1480 4502 1495 4549 5

293 4640 373 4675 venre
392 4640 495 4678 nanno.
533 4622 616 4676 lnscr.
637 4640 690 4678 om.
711 4623 773 4677 BD
793 4656 825 4663 -
845 4629 869 4678 ⁶2.
890 4622 917 4686 ἐς
936 4624 978 4678 D:
1000 4623 1039 4685 εἰς
1057 4624 1084 4676 Β
1104 4655 1136 4663 -

293 4784 482 4819 comesurum.
519 4783 544 4817 v.
563 4773 584 4818 l.
604 4763 672 4833 παρ’
692 4763 856 4828 ’Λπόλλωνος
875 4764 1050 4834 Σικυωνόθε,
1068 4782 1085 4818 α
1100 4765 1174 4819 ludia
1190 4766 1327 4837 Apollinis
1343 4766 1496 4838 Sicyoncis,

222 4835 250 4889 in
274 4836 376 4904 quibus
396 4836 540 4892 Chromius
560 4836 679 4905 vicerat3
703 4837 736 4892 cf.
757 4836 829 4892 Prol.
849 4856 893 4890 xer
914 4869 946 4877 -
970 4842 995 4893 ι.
1020 4835 1193 4893 νενίκανται·
1220 4840 1331 4892 tautum
1350 4856 1495 4894 numerum
