3442 5550
581 397 627 451 IV.
655 397 705 446 DE
723 396 807 447 VITA
824 397 981 451 PINDARI.
1376 395 1422 450 CV

144 555 306 639 ἐγίνοντο.
353 557 372 640 6
401 553 436 621 δὲ
465 557 576 641 χέλυς,
604 560 622 623 ὕ
650 558 739 623 ἐστιν
767 559 786 641 6
815 559 953 644 κιθάρα,
981 558 1013 637 ἐξ
1042 559 1257 644 ἀρχαιοτάτης
1279 562 1423 643 κλήσεως

144 668 422 751 κεκληρονόμηται
455 667 501 742 είς
534 667 667 751 φράσιν.
717 662 759 749 611
791 667 855 750 γάρ
885 667 936 731 ὅτε
966 669 1129 751 ὄστρακον
1156 666 1285 752 χέλυος,
1318 669 1423 751 ἤγουν

143 773 302 856 χελώνης,
329 774 375 848 είς
402 777 548 858 κοίλωμα
573 774 716 858 κιθάρας
740 785 784 861 τῳ
804 772 905 859 Ἑρμῇ
929 773 1178 858 ἐχρησίμευσεν,
1207 775 1251 851 ὡς
1273 773 1328 839 καὶ
1351 773 1421 858 μετ’

145 881 240 963 ὀλίγα
258 880 465 965 γεγράψεται,
483 880 562 946 καθ’
580 876 620 946 οὗ
640 880 828 947 ε’νταθεῖσαι
847 879 966 967 χορδαὶ
982 883 1043 965 τὴν
1057 881 1203 965 κιθάρα-ν
1218 881 1424 947 ἀπετέλεσαν.

145 987 163 1053 6
186 984 223 1051 δέ
247 972 343 1071 ἑσμὸς
366 989 464 1070 δηλοῖ
484 985 545 1071 μὲν
568 990 629 1072 τὴν
651 989 818 1073 βοτρυδὸν
842 992 1014 1071 συνίζησιν
1037 999 1104 1053 τῶν
1122 994 1298 1073 μελισσῶν,
1322 984 1370 1054 ὧν
1389 988 1459 1055 §vr

70 1108 76 1114 “
145 1107 213 1171 τοῖς
240 1094 411 1179 κατωτέρω
438 1101 575 1161 πλατεῖα
603 1097 713 1180 μνήμη
741 1099 842 1161 ἔσται.
888 1097 1066 1161 δασύνεται
1091 1097 1155 1182 γάρ
1180 1095 1244 1163 άπὸ
1267 1106 1327 1162 τοῦ
1350 1095 1423 1175 έζω·

146 1202 293 1287 κάθισμα
316 1204 378 1287 γάρ
402 1209 567 1287 μελισσῶν
590 1204 610 1288 ἡ
634 1203 718 1282 λέξις
742 1206 847 1287 δηλοῖ,
870 1202 925 1268 καὶ
948 1213 1089 1290 συνιστηῖ
1111 1205 1148 1268 τὸ
1173 1205 1257 1269 δασύ
1277 1204 1425 1270 ἐνταῦθα

146 1319 274 1394 πνεῦμα
297 1310 315 1376 6
338 1311 427 1395 παρά
448 1308 662 1396 Ἀριστοτέλει
687 1310 722 1375 ἐν
745 1320 790 1399 τῷ
814 1309 889 1395 περὶ
914 1312 1005 1388 ζώων
1025 1312 1171 1396 ἱστορίας
1190 1311 1346 1396 άφεσμός.
1388 1312 1425 1376 τὸ

147 1414 181 1482 δέ
206 1418 386 1501 κηρόδετον
407 1416 480 1501 μέλι
504 1416 728 1502 άφομοιοῦταί
747 1440 816 1493 ττως
836 1427 880 1506 τῳ
899 1416 977 1501 παρ’
994 1418 1151 1505 Αἰσχύλῳ
1170 1419 1425 1506 κηροπλάστῳ
1501 1392 1509 1471 :²

147 1526 300 1607 δόνακι,
323 1523 360 1600 ὃς
383 1526 481 1607 δηλοῖ
501 1525 538 1589 τὸ
561 1526 712 1610 σύριγγα.
750 1525 939 1601 Μαινάλιος
962 1521 997 1589 δέ
1021 1527 1100 1601 θεὸς
1119 1524 1136 1591 6
1157 1525 1233 1591 Πάν
1252 1526 1297 1601 ὡς
1314 1524 1426 1612 Ἀρκα-
1448 1542 1479 1591 10

148 1634 248 1709 δικός.
288 1630 323 1697 ἐν
342 1631 507 1720 Μαινάλῳ
527 1632 589 1719 γάρ
609 1631 750 1717 ἐτιμᾶτο,
771 1631 945 1719 Ἀρκαδίας
963 1634 1042 1719 όρει.
1080 1635 1206 1717 κερόεις
1225 1629 1260 1697 δέ
1280 1632 1297 1698 6
1318 1633 1427 1716 αὐτός,

148 1738 216 1806 ἐπεὶ
234 1743 440 1824 κερασφόρος
458 1738 642 1823 ἐπλάττετο,
661 1740 717 1804 διά
736 1741 793 1817 τὰς
812 1752 879 1804 τῶν
897 1740 987 1825 ὀρῶν
1006 1739 1117 1823 ἐξοχάς
1136 1741 1194 1817 τὰς
1209 1739 1427 1823 ὑψηλοτάτας,

147 1852 184 1913 αἳ
209 1845 307 1913 αὐταὶ
334 1845 432 1931 μέρος
460 1846 523 1912 είσὶ
550 1855 610 1911 τοῦ
638 1850 775 1931 παντός,
804 1849 851 1924 εἱς
875 1847 893 1912 δ
916 1848 1197 1932 μεταλαμβάνεται
1221 1845 1276 1912 καὶ
1299 1848 1317 1914 6
1342 1848 1427 1914 Πάν.

149 1956 198 2021 ὅτι
231 1951 266 2019 δέ
294 1952 414 2039 κέρατα
443 1953 593 2036 ἐλέγοντο
621 1952 676 2019 καί
704 1957 741 2019 αἱ
765 1953 893 2040 ὀρειναὶ
920 1955 1095 2040 ὑπεροχαί,
1128 1956 1227 2037 δηλοῖ
1251 1954 1270 2020 6
1298 1954 1428 2038 γράψας

147 2059 364 2145 ὑψικέρατα
386 2060 546 2146 πέτραν,
569 2064 631 2146 τήν
654 2059 709 2126 καὶ
732 2061 865 2145 ὑψηλήν
888 2059 942 2126 καί
961 2063 1008 2138 είς
1026 2060 1085 2139 όξὺ
1105 2064 1282 2144 λήγουσαν.
1320 2061 1428 2146 ὕμνον
1449 2078 1480 2127 ιο

149 2165 184 2233 δὲ
208 2166 320 2244 άείσας
342 2168 464 2232 ταύτόν
487 2167 554 2233 ε’στι
578 2179 623 2256 τῳ
649 2167 730 2255 ὕσας
752 2177 891 2251 παιᾶνα,
918 2170 991 2253 τὸν,
1015 2170 1059 2246 ὡς
1083 2170 1275 2252 δεδήλωται,
1300 2171 1427 2235 Πινδα-

148 2279 258 2359 ρικόν,
285 2277 316 2339 εἰ
337 2272 391 2339 καὶ
415 2276 523 2361 άλλως
545 2274 691 2361 ἑτεροῖόν
714 2299 745 2340 τι
768 2277 857 2361 παρὶι
880 2277 938 2341 τὸν
961 2277 1069 2362 ὕμνον
1092 2277 1110 2343 6
1134 2276 1245 2342 παιάν.
1291 2278 1429 2354 δόνακες

149 2380 185 2448 δὲ
212 2385 337 2467 νόμιοι,
366 2381 514 2448 τουτέστι
538 2387 630 2468 φίλοι
653 2395 723 2460 τοῖς
745 2381 895 2467 νέμουσι·
923 2382 979 2449 καὶ
1002 2386 1061 2467 όλη
1085 2382 1201 2470 σύριγξ
1224 2383 1245 2466 6
1268 2394 1314 2473 τῷ
1339 2383 1430 2450 Πανὶ

150 2493 230 2575 φίλη
268 2491 323 2554 διά
360 2491 417 2565 τὰς
453 2492 558 2568 πνοὰς
593 2502 661 2555 τῶν
693 2495 907 2575 κατακόσμων
940 2490 1071 2575 ἀνέμων
1103 2489 1158 2555 καὶ
1190 2494 1268 2567 τοὺς
1301 2491 1430 2558 ἐκεῖθεν

149 2599 342 2684 συριγμούς,
365 2597 449 2686 δτῳ
471 2596 560 2664 Πανὶ
580 2597 708 2684 [παντὶ]
729 2602 810 2682 φίλα
829 2601 902 2663 είσί.
939 2597 994 2663 καὶ
1013 2598 1100 2663 οὕτω
1120 2594 1180 2683 μέν
1198 2599 1235 2664 τὸ
1255 2598 1430 2684 εἰρημένον
1447 2615 1482 2664 20

150 2704 336 2791 ἐπίγραμμα
359 2712 503 2791 θεοφιλῆ
527 2706 680 2791 ἐμφαίνει
703 2704 860 2789 γενέσθαι
884 2707 943 2770 τὸν
966 2706 1150 2791 Πίνδαρον.

239 2811 366 2895 λέγεται
395 2809 432 2877 δέ
459 2812 513 2878 καὶ
542 2814 587 2890 ὡς
611 2815 771 2897 Δημήτηρ
796 2816 878 2900 όναρ
901 2809 979 2878 ποτέ
1003 2813 1092 2901 αὐτῷ
1117 2812 1314 2899 ἐπιφανεῖσα
1338 2813 1430 2899 έμέμ-

149 2930 250 3000 ψατο,
283 2921 314 2984 εἱ
344 2923 451 3004 μόνην
483 2927 574 2986 θεῶν
605 2923 710 3005 αὐτήν
743 2921 803 3004 οὐχ
835 2921 990 3004 ὕμνησεν.
1041 2920 1058 2986 6
1092 2918 1128 2986 δὲ
1160 2919 1214 2986 καὶ
1247 2923 1294 2996 είς
1326 2921 1430 3005 αὐτήν

151 3027 319 3112 ἐποίησεν,
351 3027 532 3113 ἀρξάμενος
564 3029 664 3093 οὕτω.
698 3031 849 3094 Πότνια
881 3031 1117 3113 θεσμοφόρε.
1168 3026 1222 3092 καὶ
1252 3030 1366 3112 βωμὸν
1394 3025 1430 3093 δὲ

152 3135 279 3220 άμφοῖν
301 3136 366 3222 πρὸ
390 3144 447 3219 τῆς
466 3138 576 3213 ,οἰκίας
600 3137 768 3223 ἱδρύσατο.
1449 3150 1483 3199 25

238 3242 435 3328 Χαμαιλέων
463 3243 502 3308 δέ
527 3262 609 3329 φασι
637 3242 691 3308 καλ
713 3241 840 3329 Ἴστρος
868 3244 1073 3327 ἱστοροῦσιν,
1103 3242 1147 3319 ὡς
1173 3241 1248 3329 περὶ
1271 3240 1432 3307 Ἑλικῶνα

152 3357 325 3434 θηρῶντος
353 3351 456 3416 αὐτοῦ
485 3350 539 3416 καὶ
567 3351 699 3439 καμάτῳ
728 3347 982 3433 κατενεχθέντος
1007 3350 1053 3426 είς
1076 3349 1198 3432 ὕπνον,
1226 3347 1362 3433 μέλισσα
1385 3359 1431 3437 τῷ

152 3461 288 3542 στόματι
311 3462 566 3544 προσκαθίσασα
589 3463 687 3545 κηρία
711 3457 858 3523 ἐνέθετο·
883 3459 917 3521 οἳ
934 3452 969 3520 δέ
989 3457 1071 3540 ὕναρ
1091 3453 1195 3539 φασὶν
1215 3457 1300 3520 ίδεῑν
1319 3456 1432 3538 αὐτόν,

154 3564 198 3642 ὡς
224 3563 354 3649 μέλιτος
381 3563 434 3630 καὶ
463 3574 567 3651 κηροῦ
594 3570 715 3651 πλῆρες
742 3564 831 3653 αὐτῷ
861 3566 992 3646 γεγόνοι
1020 3564 1057 3627 τὸ
1085 3565 1197 3647 στόμα.
1244 3560 1298 3627 καί
1326 3562 1433 3639 οὕτως

154 3673 390 3756 οἰωνισάμενος
412 3673 522 3736 ἔπειτα
546 3673 592 3748 εἱς
610 3674 784 3757 ποιητικήν
803 3670 936 3757 ἐτράπη,
960 3669 1245 3755 καθηγησαμένων
1264 3669 1353 3757 αὐτῷ
1372 3679 1432 3735 τοῦ
1451 3685 1485 3735 30

153 3785 276 3865 μαθεῖν
301 3777 322 3862 6
345 3787 405 3843 τοῦ
429 3779 558 3859 Λάσου,
587 3779 631 3855 ὡς
654 3784 794 3864 εἴρηται,
823 3777 842 3861 6
866 3788 925 3843 τοῦ
947 3777 1127 3861 Ἀθηναίου
1149 3775 1389 3861 Ἀγαθοκλέους
1412 3776 1432 3860 6

151 3887 414 3971 Ἀπολλοδώρου,
438 3887 477 3951 ὕν
500 3904 582 3970 φασι
605 3884 659 3951 καὶ
682 3886 924 3969 προϊστάμενον
947 3889 1093 3952 κυκλίων
1116 3896 1225 3970 χορῶν
1249 3882 1332 3969 [καὶ]
1353 3883 1432 3948 ἀπο-

154 3996 323 4080 δημοῦντα
351 4002 523 4058 πιστεῦσαι
551 3996 612 4078 τήν
639 3995 857 4058 διδασκαλίαν
885 3993 1045 4082 Πινδάρῳ
1072 3990 1167 4058 παιδί
1195 3993 1281 4057 όντι·
1309 3992 1368 4056 τὸν
1396 3988 1432 4055 δέ

150 4098 188 4169 εὖ
210 4103 248 4167 τὸ
266 4097 436 4167 πιστωθὲν
455 4103 722 4186 διακοσμήσαντα
741 4103 993 4186 περιβοηθῆναι.
1035 4097 1122 4176 τινές
1141 4099 1180 4164 δέ
1196 4123 1243 4183 γε,
1267 4099 1312 4175 ὡς
1329 4123 1432 4164 κατω-

151 4207 233 4294 τέρω
262 4209 459 4291 ῥηθήσεται,
487 4209 524 4273 τὸ
553 4221 689 4292 σημεῖον
716 4218 774 4292 τῆς
801 4210 956 4291 μελίσσης
982 4207 1076 4272 παιδὶ
1103 4206 1255 4294 νεωτάτῳ
1285 4209 1332 4271 ἐτι
1360 4208 1432 4272 όντι
1450 4222 1485 4271 35

152 4316 313 4403 Πινδάρῳ
334 4313 545 4397 ἐπιγενέσθαι
566 4317 765 4401 ἱστοροῦσιν.
803 4315 854 4379 ὅτι
873 4311 909 4378 δέ
929 4313 965 4379 έν
983 4319 1112 4402 παλαιῷ
1133 4313 1353 4399 ἐπιγράμματι
1367 4324 1432 4378 κεῖ-

151 4449 205 4489 ται
228 4434 358 4509 γοργῶς
379 4431 491 4507 μνῆμα
514 4433 573 4488 τοῦ
591 4426 778 4508 μελισσείου
798 4422 896 4486 τοῦδε
915 4425 1043 4506 κηρίου,
1067 4422 1250 4503 δεδήλωται
1269 4418 1432 4504 ἀνωτέρω.

241 4660 266 4706 8.
287 4652 371 4707 Arist.
390 4651 457 4708 hist.
472 4652 557 4708 anim.
571 4672 588 4706 x
603 4658 638 4708 40
656 4672 682 4723 p.
698 4658 773 4721 624⁵,
789 4659 830 4705 28.
851 4683 885 4692 -
905 4656 928 4705 9.
948 4650 1047 4705 Αεειλι.
1063 4649 1153 4705 Prom.
1169 4653 1228 4702 574.
1250 4680 1280 4688 -
1304 4654 1345 4702 10.
1365 4646 1433 4710 θεὸς

153 4724 224 4780 coni.
240 4723 448 4780 Schneidewin:
463 4725 549 4788 θετὸς
562 4725 623 4779 eod.
656 4758 673 4763 -
697 4731 737 4778 19.
753 4725 816 4779 fort.
832 4732 887 4777 τῶν
901 4721 974 4777 κατὰ
989 4719 1092 4790 κόσμον
1108 4718 1228 4791 ἀνέμων.
1245 4751 1280 4759 -
1300 4724 1342 4772 20.
1357 4720 1434 4772 Πανί

152 4798 236 4852 παντὶ
258 4797 318 4852 cod.
346 4828 368 4834 --
393 4802 435 4851 24.
455 4795 591 4850 fabellam
609 4797 682 4850 hanc
701 4795 736 4850 de
751 4796 848 4850 Cerere
865 4793 1012 4849 exornavit
1024 4793 1106 4846 Paus.
1122 4812 1150 4845 rx
1165 4797 1208 4859 23,
1223 4797 1247 4844 3.
1269 4822 1300 4830 -
1322 4795 1363 4843 27.
1382 4795 1433 4843 θε-

154 4878 282 4938 ριοῦντος
301 4866 373 4922 coni.
389 4867 483 4938 Unger
497 4868 600 4923 collato
615 4868 697 4923 Perre.
712 4873 796 4936 1123,
812 4875 837 4921 ⁶2.
856 4897 891 4907 —
911 4871 952 4921 34.
971 4863 1126 4925 πιστευθὲν
1141 4863 1212 4919 coni.
1227 4863 1432 4917 Westermann.
