3442 5550
599 396 605 409 '
700 421 831 471 1111111
849 422 881 471 ν.

367 581 518 647 δέκονται
541 585 716 647 θυσίαισιν
739 582 864 667 ἄνδρας

412 688 579 773 οίχεόντάς
602 706 663 772 σφι
687 690 887 774 δωροφόροι.

366 799 445 873 τοὺς
468 794 546 879 <δ’>
568 793 792 880 Ἀριστοτέλης
813 797 929 878 άγαγε,
952 794 1051 861 ναυσὶ
1074 803 1173 873 θοαῖς

367 902 445 978 ἁλὸς
467 906 610 986 βαθεῖαν
633 900 796 966 κέλευθον
818 900 973 983 άνοίγων.

367 1013 477 1074 κτίσεν
501 1008 535 1073 δ’
560 1011 660 1074 άλσεα
683 1012 813 1093 μείζονα
836 1015 942 1090 θεῶν,
1220 1027 1270 1074 120

313 1134 346 1180 90
366 1117 556 1201 εὐθύτομόν
569 1140 636 1181 -τε
659 1115 841 1199 κατέθηκεν
862 1114 1112 1193 Ἀπολ-λωνίαις

366 1223 611 1309 ἀλεξιμβρότοις
633 1223 773 1288 πεδιάδα
796 1235 940 1308 πομπαῖς

367 1335 467 1415 ἔμμεν
490 1332 690 1413 ἱππόκροτον

368 1415 543 1522 σκυρωτὰν
565 1436 661 1519 taos,
685 1439 769 1501 ἔνθα
792 1459 896 1522 πρυμ-

411 1525 482 1622 νοίς
505 1544 629 1629 ἀγορᾶς
651 1546 704 1608 ἔπι
727 1544 803 1627 δίχα
825 1556 928 1609 κεῖται
951 1544 1078 1609 θανών.
1219 1560 1270 1609 125

366 1723 472 1809 μάκαρ
496 1720 556 1807 μὲν
580 1722 714 1807 ἀνδρῶν
737 1721 817 1806 μίτα
922 1728 925 1733 ’
1047 1727 1126 1808 Στρ.
1151 1720 1194 1786 δ’.

315 1847 348 1894 95
368 1833 491 1912 ἔναιεν,
514 1831 603 1915 ἥρως
625 1827 657 1893 δ’
683 1831 793 1894 ἔπειτα
817 1832 984 1913 λαοσεβής.

369 1937 488 2020 ἄτερθε
512 1932 548 1999 δὲ
571 1937 636 2021 πρὸ
660 1935 821 2020 δωμάτων
927 1950 932 1959 ’

410 2042 514 2128 ἕτεροι
539 2045 693 2126 λαχόντες
715 2042 814 2106 ἀίδαν

367 2148 516 2235 βασιλέες
540 2147 622 2235 ίερολ

368 2258 438 2323 ἐντί
443 2279 449 2292 ·
472 2257 618 2342 μεγάλαν
641 2255 672 2321 δ’
698 2256 819 2340 ἀρετάν

367 2367 476 2453 δρόσῳ
500 2370 656 2450 μαλθακᾷ

300 2491 350 2537 100
369 2473 554 2558 ῥανθεῖσαν
576 2471 692 2556 ὕμνων
714 2471 779 2536 ὑπὸ
803 2473 961 2557 χεύμασιν

368 2579 527 2644 ἀκούοντί
547 2602 611 2644 που
635 2583 757 2666 χθονία
780 2583 893 2663 φρενί,
1220 2598 1270 2645 136

227 2742 268 2792 87,
294 2739 359 2800 τοὺς
384 2735 412 2791 δ’
432 2736 480 2803 Ἀρ.
501 2735 612 2807 scripsi:
632 2737 696 2799 τοὺς
712 2733 761 2803 Ἄρ.
781 2736 860 2790 codd.
882 2768 914 2776 -
935 2741 977 2791 88.
1004 2735 1125 2810 βαθείας
1147 2754 1180 2791 ex
1204 2737 1317 2792 scholiis
1337 2737 1429 2805 Bergk

158 2843 188 2850 —-
209 2817 251 2865 90.
279 2809 435 2863 aidrlrovov
455 2825 488 2861 ex
508 2807 622 2861 scholiis
648 2807 775 2872 Schmid;
801 2810 839 2860 at.
859 2808 892 2861 cf.
913 2809 932 2861 I.
952 2827 980 2860 vr
999 2824 1025 2862 aa
1044 2842 1078 2848 —
1097 2814 1139 2863 98.
1167 2810 1289 2879 μεγάλαν
1315 2807 1343 2863 δ’
1366 2811 1429 2877 ἀρε-

154 2891 207 2935 τᾶν
227 2925 232 2935 .
254 2925 258 2935 .
280 2925 285 2935 .
307 2877 464 2948 ὁανθεισᾶν
487 2880 514 2932 Β
532 2879 562 2933 D
580 2880 623 2943 E,
652 2881 681 2932 ct
699 2879 844 2948 gcnetivos
863 2883 893 2932 et
910 2880 1086 2934 accusativos
1110 2886 1267 2948 agnoscunt
1291 2880 1376 2934 schol.
1397 2913 1430 2920 —

156 2960 214 3008 100.
241 2951 336 3020 ὕμνων
364 2967 397 3004 ex
425 2949 540 3003 scholiis
568 2949 655 3004 Beck:
687 2951 786 3019 κώμων
814 2948 846 3003 θ’
878 2951 997 3015 RBE,
1023 2951 1057 3004 θ’
1087 2970 1140 3006 orn.
1170 2953 1235 3005 ΧΖ
1261 2951 1366 3006 Mosch.
1396 2984 1430 2991 -

158 3031 216 3079 101.
244 3043 298 3078 που
317 3040 352 3077 ex
370 3021 485 3076 scholiis
504 3021 658 3076 Hermann:
677 3040 726 3074 ποι
745 3020 837 3088 codd,
856 3041 897 3074 τοι
918 3021 1030 3075 Boeclrh
1052 3055 1083 3061 -

155 3165 360 3221 nominativum
375 3160 530 3234 οἰχνέοντες
549 3162 708 3216 ‘adeuntes'
729 3161 893 3216 retinuit-
910 3167 952 3218 87.
972 3165 1037 3226 τοὺς
1051 3162 1079 3218 δ’
1094 3162 1285 3234 Ἀριστοτέλης·
1302 3169 1335 3232 Δ,
1355 3165 1429 3233 quod

155 3236 239 3292 facile
254 3239 319 3291 ante
330 3242 351 3289 A
362 3235 527 3289 intercidere
542 3233 643 3302 potuit,
654 3234 813 3287 addendum
829 3234 932 3303 censui,
943 3239 975 3288 at
989 3234 1136 3305 expositio,
1147 3253 1195 3289 cur
1205 3235 1329 3304 Cyrenas
1342 3238 1430 3306 ἀγαι-

155 3307 252 3379 τιμένα
266 3307 345 3370 πόλις
360 3306 471 3360 dicatur
484 3310 520 3374 (v.
531 3310 575 3371 all,
591 3305 683 3359 verbis
698 3305 789 3374 ἔχοντι
805 3348 844 3359 ...
859 3304 1047 3375 Ἀντανορίδαι
1064 3307 1205 3372 inchoata,
1219 3311 1276 3361 iam
1291 3306 1382 3361 altera
1396 3325 1429 3360 ex

156 3384 235 3451 parte
245 3379 421 3434 continuetur
431 3382 460 3431 et
468 3377 630 3446 perficiatur
641 3408 673 3416 —
683 3382 725 3430 88.
736 3375 857 3446 μείζονα,
868 3394 953 3446 quam
962 3395 1035 3445 quae
1045 3378 1235 3432 Antenoridae
1245 3379 1431 3433 condiderant

157 3483 190 3491 —-
205 3456 247 3505 80.
263 3450 432 3518 εὐθάτομον·
448 3449 496 3502 via
510 3448 609 3518 pavita
623 3447 781 3516 (caucasei),
795 3465 867 3516 quac
881 3448 994 3518 proprio
1008 3450 1120 3503 nomine
1136 3450 1272 3518 Σκορωτδι
1287 3450 1429 3505 audivisse

156 3523 185 3576 in
200 3521 314 3577 scholiis
329 3521 432 3575 dicitur
445 3523 475 3573 et
489 3520 575 3572 ctiam
590 3537 663 3573 nunc
678 3518 894 3573 admirationem
904 3520 1143 3590 peregrinantium
1153 3524 1255 3587 movet,
1266 3538 1356 3591 aequo
1370 3521 1430 3576 iure

156 3593 260 3647 dicitur
274 3611 288 3647 e
303 3609 370 3646 saxo
385 3591 478 3645 excisa
492 3591 669 3660 (εὐθάτομος)
684 3594 713 3644 et
731 3594 808 3644 recta
824 3593 1009 3659 (εὐθύτονοςμ
1028 3610 1091 3646 eam
1110 3610 1173 3646 cum
1191 3593 1292 3648 Battus
1332 3594 1429 3663 ompis,

156 3665 258 3734 quibus
276 3663 415 3734 Apollinis
434 3679 516 3732 opem
535 3667 632 3716 contra
650 3662 761 3716 morbos
780 3662 928 3730 pestiferos
950 3663 1140 3734 implorarent,
1160 3664 1289 3718 idoneam
1308 3611 1430 3733 iicisses,

157 3740 217 3789 tum
238 3735 371 3804 temporis
391 3734 540 3787 choreutae
559 3733 611 3787 hoc
630 3750 741 3786 carmen
761 3737 893 3787 canentes
912 3734 1088 3789 incedebant.
1109 3735 1201 3789 Simili
1223 3735 1306 3789 modo
1325 3736 1431 3790 Itomae

156 3807 281 3861 carmina
295 3805 440 3873 salutaria,
451 3822 523 3874 quae
533 3804 724 3874 pestilentiam
740 3807 906 3873 averterent,
917 3809 1049 3860 canentes
1064 3806 1125 3861 vias
1140 3807 1217 3859 urbis
1231 3807 1430 3878 peragrabant,

156 3895 210 3948 quo
230 3879 264 3932 do
283 3894 359 3930 more
378 3877 436 3929 dixi
461 3876 536 3932 Stab.
552 3876 578 3929 d.
598 3875 890 3945 b.Ak.1893p.143
910 3910 943 3916 —
963 3883 1005 3931 93.
1032 3886 1168 3946 πρυμνοῖς
1190 3879 1295 3947 ἀγορᾶς
1319 3877 1377 3932 ἔπι·
1401 3879 1431 3931 iu

156 3954 279 4004 extrema
298 3951 378 4019 parte
397 3948 459 4016 tori,
479 3965 534 4016 quo
553 3946 725 4016 Apollinaris
743 3946 795 4000 illa
814 3947 860 4001 via
887 3948 1020 4011 ducebat,
1044 3949 1122 4002 Batti
1145 3949 1248 4003 veteris
1273 3966 1301 4003 se
1323 3949 1430 4005 ulcrum

156 4025 225 4087 erat,
244 4039 262 4075 a
280 4019 392 4074 Catullo
411 4036 431 4087 τ,
451 4034 463 4073 o
483 4020 741 4084 commemoratun13
769 4019 859 4072 forum
885 4020 960 4073 enim
983 4021 1069 4074 etiam
1093 4020 1218 4089 Mycenis
1245 4024 1274 4074 et
1329 4038 1430 4090 egarae

154 4097 183 4147 et
209 4092 326 4161 Sicyone
352 4091 519 4144 venerandis
545 4089 680 4160 sepulcris
706 4093 735 4143 et
761 4091 948 4145 monumentis
979 4092 1155 4146 conditorum
1186 4096 1323 4162 (καττῶν)
1353 4092 1430 4146 urbis

155 4164 327 4218 destinatum
350 4162 416 4228 suia
443 4162 478 4216 cf.
498 4161 689 4229 Schliemann‚
716 4160 853 4230 Mykenae
876 4181 903 4232 p.
924 4179 961 4218 mr
984 4164 1187 4235 -λαοσεβής,
1213 4181 1276 4217 oum
1298 4164 1359 4217 vita
1382 4164 1429 4217 dc-

155 4235 296 4303 cessisset,
320 4237 466 4302 tamquam
485 4233 566 4286 heros
586 4250 603 4286 a
621 4231 725 4303 populo
743 4231 789 4302 pio
809 4233 901 4287 cultus
920 4237 964 4288 est
983 4266 1014 4274 —
1035 4240 1077 4289 86.
1100 4235 1155 4303 πρὸ
1175 4234 1310 4304 δωμάτων
1330 4234 1430 4303 ἕτεροι·

155 4306 256 4362 ceteris
275 4305 389 4376 regibus
409 4305 560 4374 separatim
580 4321 598 4357 a
616 4304 760 4358 conditore
781 4303 857 4357 urbis
876 4323 926 4375 pro
946 4322 997 4359 sua
1015 4306 1116 4374 cuique
1140 4306 1235 4373 domo,
1260 4307 1289 4360 in
1312 4311 1431 4375 utroque

155 4376 245 4432 latere
263 4377 327 4431 viae
345 4376 484 4447 pompalis
504 4375 632 4445 sepulcra
657 4378 799 4429 exstructa
825 4380 917 4443 erant;
944 4377 990 4430 vix
1016 4376 1088 4430 enim
1115 4378 1170 4445 πρὸ
1195 4377 1331 4447 δωμάτων
1357 4379 1430 4432 idem

155 4452 240 4518 atque
258 4450 313 4517 πρὸ
330 4452 438 4514 πολῶν,
462 4451 494 4500 ut
517 4446 687 4501 scholiastae
711 4448 889 4516 interpretari
908 4448 1080 4516 maluerunt,
1107 4448 1265 4518 significare
1285 4453 1378 4519 potest
1397 4480 1429 4488 —

156 4525 198 4575 88.
213 4521 317 4587 ἀρετὰν
328 4563 332 4573 .
345 4564 350 4574 .
363 4563 368 4573 .
380 4519 508 4589 χείματι
527 4517 639 4571 virtutis
654 4519 766 4572 laudem
782 4524 876 4573 tcnoro
890 4536 952 4573 rore
966 4519 1072 4573 tinctae
1087 4520 1139 4573 sub
1154 4519 1337 4574 libaminibus
1351 4521 1429 4588 hym·

154 4609 271 4658 norum;
306 4592 339 4645 cf.
365 4592 396 4646 0.
421 4609 469 4643 vur
491 4606 504 4643 o
530 4621 560 4629 -
582 4596 642 4644 101.
662 4591 806 4644 ἀκούοντι·
831 4590 931 4644 Battus
956 4591 1085 4645 conditor
1102 4591 1180 4644 urbis
1200 4596 1229 4644 et
1247 4592 1332 4645 ceteri
1351 4608 1430 4662 reges

156 4664 310 4719 mortui-
332 4659 435 4736 χθονίᾳ
454 4659 549 4729 φρενί,
575 4661 635 4730 peri
656 4661 777 4715 hrasticc
800 4679 850 4729 pro
870 4664 901 4716 ἐν
919 4661 1016 4733 χθονί,
1043 4666 1074 4715 ut
1093 4661 1143 4717 νέα
1163 4666 1272 4735 κεφαλᾷ
1298 4663 1327 4717 P.
1347 4681 1374 4715 xr
1392 4678 1431 4722 aaz

154 4738 230 4790 recte
250 4733 347 4788 schol:
375 4731 478 4807 χθονίᾳ
502 4732 533 4786 δὲ
557 4681 654 4801 φρενί)
663 4751 745 4802 φησι,
770 4731 896 4800 παρόσον
914 4735 1069 4803 τεθνήκασι
1088 4719 1135 4788 καλ
1156 4734 1185 4787 ἐν
1204 4741 1238 4803 τῇ
1258 4741 1291 4803 γῇ
1311 4743 1429 4788 κεῖνται.

157 4806 296 4860 immerito
318 4805 400 4859 Jebb.
418 4805 512 4859 Journ.
533 4805 564 4858 of
585 4803 800 4858 llell.stud.1u
825 4811 916 4873 (1888)
942 4823 979 4862 15³
1003 4811 1109 4860 cethim
1132 4805 1274 4874 quandam
1300 4809 1430 4859 naturam

157 4878 314 4933 animarum
333 4876 362 4929 in
382 4877 453 4930 Orco
473 4875 633 4944 degentium
654 4875 696 4930 his
715 4874 808 4930 verbis
828 4876 978 4947 significari
997 4877 1110 4947 putswit
1129 4909 1161 4917 —-

1168 4965 1220 5020 ra*
