3442 5550
218 404 282 467 11⁴2
683 406 831 457 4444444
850 406 1016 459 seruicia,

216 574 332 632 Aetnae
355 573 447 649 urbis,
472 591 564 648 quam
583 572 732 632 Diodorus
751 591 783 629 ar
797 584 831 630 44
852 570 898 633 01.
914 576 964 648 76,
982 576 997 630 1
1015 571 1166 631 conditam
1185 589 1248 630 esse
1267 570 1367 648 refert,
1386 569 1497 629 distare

217 661 327 739 arguit.
373 661 487 720 Deinde
516 661 703 736 eruptionem
731 661 842 720 montis
870 662 985 720 Aetnae
1013 664 1103 736 poeta
1131 660 1162 718 in
1189 660 1245 719 hoc
1273 660 1404 719 carmine
1434 662 1497 719 tam

217 751 325 809 vividis
350 750 499 810 coloribus
522 749 670 828 depingit,
694 752 730 808 ut
752 769 821 808 oum
843 751 899 809 hoc
922 769 1040 810 carmen
1064 751 1218 827 pangeret,
1241 768 1302 808 non
1324 749 1456 807 multum
1479 767 1497 807 a

218 839 343 899 terribili
368 839 427 897 ista
450 841 550 916 strage
575 839 685 897 afuisse
708 839 855 897 rideatur.
892 839 1007 898 Aetnae
1032 843 1133 897 autem
1157 839 1344 914 eruptionem
1367 857 1498 897 marmor

216 929 340 987 Parium
368 928 413 988 Ol.
440 930 494 1005 75,
520 930 552 1004 2,
577 927 765 1003 Thucydides
795 946 830 985 111
855 939 905 986 116
934 925 981 987 Ol.
1006 932 1023 987 7
1029 931 1062 1005 6,
1090 934 1104 986 1
1130 928 1242 987 factam
1271 946 1333 986 esse
1364 927 1497 986 tradunt.

217 1018 294 1076 Tum
318 1021 416 1076 toturn
438 1017 494 1076 hoc
517 1035 636 1075 carmen
656 1017 851 1075 14444444444
870 1020 932 1075 tarn
957 1017 994 1077 ob
1012 1016 1171 1076 victoriam
1189 1017 1337 1075 ludicram
1354 1015 1497 1091 Pythiam

219 1126 310 1182 quam
335 1106 371 1166 ob
394 1106 552 1166 victoriam
576 1105 784 1183 gravissimam
803 1106 838 1163 de
857 1106 993 1165 Etruscis
1017 1106 1056 1165 ad
1074 1106 1201 1164 Cumam
1219 1107 1406 1181 reportatam
1424 1105 1496 1164 adeo

218 1196 374 1271 perfusum
401 1197 458 1272 est,
486 1198 522 1253 ut
545 1214 580 1253 ex
603 1195 708 1253 multis
731 1194 818 1253 rebus
843 1195 880 1253 ab
903 1195 1033 1254 Hierone
1056 1195 1130 1254 bene
1153 1195 1247 1273 gestis
1269 1195 1346 1253 hanc
1368 1194 1497 1253 maxime

217 1290 283 1343 tum
306 1284 338 1342 in
362 1284 496 1343 omnium
519 1304 568 1343 ore
592 1283 683 1342 fuisse
708 1286 861 1361 appareat,
886 1284 965 1360 quod
988 1284 1047 1342 nisi
1066 1302 1167 1343 recens
1185 1286 1251 1343 tum
1270 1284 1335 1342 eius
1354 1281 1497 1343 memoria

216 1374 284 1451 fuit,
305 1373 353 1431 vix
371 1372 514 1449 explicari
532 1375 645 1448 potest,
664 1373 740 1431 hanc
759 1376 862 1431 autem
880 1392 1014 1450 pugnam
1030 1371 1076 1432 Ol.
1093 1376 1143 1450 76,
1159 1376 1177 1432 3
1193 1373 1212 1433 i.
1227 1393 1251 1434 e.
1267 1368 1388 1451 474s73
1404 1390 1430 1430 a.
1445 1371 1496 1431 ch.

216 1463 404 1522 commissam
428 1480 491 1521 esse
515 1462 665 1520 Diodorus
684 1480 716 1519 x1
736 1472 766 1519 41
789 1465 900 1538 narrat,
925 1462 1006 1537 quod
1029 1461 1104 1520 nihil
1127 1461 1253 1538 impedit
1276 1461 1438 1538 quominus
1462 1460 1497 1520 de

217 1551 403 1628 expeditione
423 1552 538 1610 aestate
557 1550 605 1608 vel
624 1554 796 1609 auctummo
817 1551 888 1607 anni
907 1553 972 1608 474
991 1552 1073 1610 facta
1092 1551 1331 1627 interpretemur.
1361 1549 1497 1626 Denique

217 1642 382 1699 Aetnaeum
401 1640 530 1698 frontem
545 1639 663 1698 Siculae
683 1642 780 1697 terrae
799 1643 830 1697 et
849 1638 969 1698 Siciliae
989 1659 1110 1715 campos
1130 1641 1190 1699 late
1209 1642 1347 1716 patentes
1360 1640 1497 1717 frugum·

218 1750 275 1807 que
300 1729 381 1787 omni
404 1748 510 1806 genere
534 1728 721 1787 abundantes
740 1729 784 1786 iia
802 1732 892 1804 poeta
914 1728 1062 1807 describit,
1086 1732 1202 1788 utnon
1227 1730 1325 1788 solum
1348 1729 1411 1787 suis
1434 1728 1497 1804 ipse

217 1818 312 1879 oculis
336 1817 469 1877 Siciliam
497 1817 610 1893 vidisse,
635 1817 796 1876 sedetiam
819 1818 931 1877 recenti
955 1820 1127 1893 spectaculo
1151 1818 1238 1894 quasi
1262 1818 1498 1893 obstupefactus,

217 1928 276 1967 non
300 1907 361 1965 iarn
384 1906 500 1965 duobus
523 1906 609 1964 44444
637 1907 668 1964 in
693 1906 796 1965 Sicilia
820 1911 1020 1966 commoratus
1044 1926 1106 1967 esse
1131 1907 1276 1967 videatur.
1323 1905 1406 1976 Quae
1429 1924 1498 1965 cnm

217 1997 261 2054 414
280 1996 349 2071 4444,
369 1996 532 2054 Pindarum
551 2000 619 2071 post
642 1995 752 2071 Pythia
777 1993 823 2054 Ol.
844 1999 893 2073 76,
915 1998 933 2055 3
953 2016 1015 2054 444
1036 2016 1105 2055 cum
1128 1999 1248 2055 caterva
1266 1995 1389 2055 victoris
1408 1994 1498 2071 Syra·

218 2104 305 2144 cusas
329 2086 496 2161 profectum
520 2103 582 2142 esse
606 2089 637 2142 et
659 2085 759 2159 ipsum
783 2084 813 2142 in
837 2085 909 2143 aula
931 2085 1015 2163 regia
1039 2086 1161 2145 chorum
1185 2085 1320 2145 docuisse
1343 2083 1440 2145 credo.

307 2172 496 2232 Clarissimae
519 2173 609 2231 huius
633 2174 707 2232 odae
730 2192 878 2232 summam
901 2194 968 2233 cunr
992 2177 1083 2250 poeta
1106 2195 1165 2233 non
1184 2174 1289 2232 fabula
1307 2173 1412 2251 aliqua
1429 2192 1499 2233 con-

218 2262 308 2322 tineri
326 2263 426 2339 441144,
445 2282 481 2320 ex
499 2262 650 2337 praesenti
668 2282 768 2321 rerum
788 2266 871 2320 statu
888 2263 1036 2339 rebusque
1056 2263 1093 2321 ab
1111 2262 1240 2323 Hierone
1258 2263 1387 2322 feliciter
1405 2262 1499 2341 gestis

219 2351 406 2428 potissimam
425 2351 582 2409 materiam
601 2351 741 2411 carminis
760 2351 856 2426 petiit.
892 2351 1012 2429 Ingenti
1031 2372 1100 2412 vero
1122 2372 1221 2411 rerum
1240 2352 1327 2428 copia
1346 2352 1499 2428 affluente,

218 2461 286 2500 cum
314 2440 373 2499 duo
402 2458 499 2516 reges,
527 2440 617 2500 Hiero
647 2444 678 2499 et
704 2439 784 2499 filius
812 2441 876 2499 eius
899 2440 1092 2519 Dinomenes,
1116 2441 1308 2519 praedicandi
1331 2444 1445 2519 essent,
1469 2444 1500 2499 et

218 2531 336 2606 praeter
359 2529 513 2588 hominum
536 2530 691 2605 praeclara
714 2530 795 2589 facta
818 2529 909 2587 etiam
928 2533 1054 2589 naturae
1073 2531 1220 2590 miracula
1238 2530 1373 2590 animum
1391 2532 1499 2607 poetae

218 2620 401 2677 commotum
424 2621 567 2693 tenerent,
591 2638 648 2676 non
670 2618 750 2676 intra
769 2618 841 2676 fines
860 2618 949 2676 unius
968 2620 1012 2679 rei
1031 2639 1061 2679 se
1080 2620 1240 2697 continuit,
1264 2620 1315 2679 sed
1336 2620 1368 2677 in
1386 2619 1499 2679 multas

217 2726 263 2765 res
283 2706 371 2783 quasi
389 2706 528 2784 diffluxit,
543 2707 587 2764 ita
606 2711 715 2783 tamen,
735 2710 770 2764 ut
788 2706 880 2765 otiam
899 2708 993 2767 severi
1012 2709 1133 2786 iudices,
1153 2709 1209 2768 etsi
1223 2708 1373 2767 unitatem
1386 2708 1499 2767 iustam

217 2796 386 2855 desiderent
412 2798 443 2854 et
469 2798 570 2871 partes
599 2796 769 2873 argumenti
796 2815 864 2854 curn
892 2797 1024 2856 metricis
1052 2797 1181 2873 periodis
1204 2817 1312 2873 parum
1340 2797 1498 2857 convenire

218 2884 444 2961 reprehendant,
463 2887 563 2943 tamen
583 2884 736 2960 aptissime
757 2885 794 2942 ab
813 2905 875 2943 una
889 2886 926 2944 ad
945 2886 1070 2947 alteram
1085 2906 1148 2945 rem
1167 2888 1330 2946 transitum
1347 2886 1413 2946 fieri
1431 2906 1500 2946 con·

218 2974 332 3033 cedant.
357 2971 482 3032 Orditur
495 2973 591 3051 igitur
609 2977 699 3050 poeta
717 2993 735 3031 4
754 2974 842 3033 laude
861 2975 1055 3054 phormingis,
1070 2975 1156 3034 cuius
1171 2976 1252 3035 dulci
1267 2995 1339 3035 sono
1360 2976 1452 3035 etiam
1469 2975 1500 3033 in

219 3063 347 3140 Olympo
367 3063 446 3122 14444
465 3063 579 3122 441444
599 3066 630 3121 41
648 3064 752 3139 aquila
771 3063 992 3142 consopiantur,
1011 3064 1132 3124 inimica
1151 3068 1252 3123 autem
1273 3063 1500 3141 Olympicorum

217 3153 341 3213 deorum
359 3155 494 3212 monstra
513 3156 625 3212 terrore
645 3152 821 3231 affligantur
835 3145 961 3233 (1--1l).
991 3154 1073 3212 Inter
1091 3154 1150 3213 4414
1169 3157 1304 3214 4444444
1324 3172 1393 3213 444
1408 3154 1501 3212 41444

219 3242 345 3317 Typhon
368 3241 416 3319 sit,
441 3242 477 3299 ad
502 3243 689 3318 eruptionem
713 3242 824 3301 montis
843 3242 958 3300 Aetnae
982 3242 1092 3302 transit
1115 3244 1267 3303 daemonis
1291 3243 1379 3302 istius
1403 3243 1434 3301 vi
1457 3242 1498 3301 ef-

220 3332 329 3389 fectam
348 3321 492 3410 (lt-³28),
512 3331 599 3390 cuius
618 3330 727 3408 stragis
746 3334 857 3389 terrore
877 3330 964 3407 quasi
987 3332 1184 3390 conturbatus
1208 3332 1310 3391 Iovem
1330 3333 1499 3392 Aetnaeum

219 3422 368 3495 precatur,
386 3423 422 3477 ut
440 3420 544 3478 urbem
561 3420 691 3478 Aetnam
710 3439 806 3495 nuper
824 3420 975 3479 conditam
994 3423 1117 3479 tueatur
1135 3424 1167 3479 et
1184 3421 1342 3480 victoriam
1361 3420 1502 3480 Hieronis

219 3507 347 3565 Aetnaei
370 3508 532 3585 augurium
555 3510 726 3567 futurorum
750 3509 889 3568 decorum
908 3509 991 3567 urbis
1010 3529 1072 3569 esse
1091 3502 1335 3591 44441(49-34).
1365 3510 1502 3569 Victoria

220 3616 288 3654 cunr
307 3595 432 3671 Delphis
455 3599 543 3672 parta
567 3600 652 3673 esset,
676 3598 737 3656 iam
756 3598 935 3675 Apollinem,
960 3599 1126 3674 praesidem
1148 3600 1290 3658 ludorum
1312 3598 1502 3675 Pythiorum,

219 3688 255 3743 ut
273 3685 404 3743 insulam
423 3685 561 3761 civesque
580 3689 728 3764 protegat,
748 3687 903 3763 implorat,
927 3690 957 3746 et
981 3688 1122 3763 quoniam
1142 3689 1265 3747 deorum
1284 3688 1502 3747 inmortalium

220 3774 341 3833 nurnine
356 3775 510 3849 praeclara
526 3776 626 3833 omnia
645 3776 727 3853 fiant,
743 3796 773 3834 se
789 3794 907 3851 sperare
927 3776 1000 3834 dicit
1018 3778 1090 3855 fore,
1104 3781 1140 3835 ut
1157 3778 1220 3852 ipsc
1234 3780 1390 3853 tamquam
1404 3776 1503 3835 bonus

223 3863 371 3922 iaculator
384 3863 542 3923 victoriam
557 3864 696 3923 Hieronis
711 3865 800 3943 digne
814 3865 974 3941 praedicet,
989 3868 1078 3941 atque
1094 3867 1259 3941 praesentis
1273 3865 1417 3926 victoriae
1436 3866 1504 3925 feli·

220 3953 311 4013 citate
331 3952 493 4028 praeterita
512 3954 592 4011 nrala
607 3953 638 4010 in
653 3954 834 4013 oblivionem
853 3954 974 4030 abeant3
994 3956 1099 4031 quodsi
1115 3956 1232 4015 labores
1247 3954 1396 4015 oblivione
1413 3954 1504 4015 obru-

221 4046 319 4117 antur,
334 4046 453 4120 gratam
470 4042 645 4101 memoriam
660 4043 783 4102 excitari
803 4063 903 4102 rerum
920 4046 1072 4120 praeclare
1091 4048 1245 4123 gestarum
1260 4048 1291 4103 et
1305 4044 1504 4121 superiorum,

222 4131 333 4207 quibus
368 4130 546 4207 dignitatem
579 4132 693 4209 regiam
729 4132 782 4189 lilii
817 4133 992 4192 Dinomenis
1026 4134 1128 4209 adepti
1160 4135 1233 4212 sint,
1265 4135 1296 4192 et
1328 4132 1504 4209 recentium,

222 4220 331 4295 quibus
345 4220 375 4277 H
377 4220 437 4279 iero
453 4221 540 4296 quasi
555 4221 633 4279 alter
647 4220 816 4280 Philocteta
830 4223 1000 4297 superbiam
1014 4223 1211 4283 Etruscorum
1225 4221 1349 4300 fregerit
1358 4214 1504 4303 (as-57).

222 4310 296 4367 Post
314 4309 475 4368 Hieronem
495 4310 532 4368 ad
551 4310 755 4387 Dinomenem,
780 4330 869 4386 quem
892 4318 978 4386 pater
996 4311 1088 4372 Hiero
1110 4332 1204 4371 novae
1223 4312 1291 4370 urbi
1309 4311 1505 4389 praefecerat,

222 4404 314 4475 poeta
337 4416 368 4457 se
392 4399 547 4476 convertit,
571 4420 624 4474 pro
649 4420 682 4460 4ο
708 4419 826 4475 quoque
850 4400 901 4476 pia
923 4406 995 4460 vota
1018 4401 1143 4479 faciens,
1167 4404 1203 4459 ut
1227 4402 1322 4460 Dores
1343 4400 1442 4461 coloni
1466 4400 1505 4460 ad

223 4491 355 4547 veterem
379 4507 511 4546 normam
537 4489 714 4548 Doricarum
738 4489 907 4548 civitatium
932 4490 1116 4549 concorditer
1139 4510 1207 4549 cum
1229 4509 1299 4567 rege
1318 4509 1373 4549 suo
1392 4490 1506 4568 degant

221 4582 253 4637 et
272 4578 302 4635 irr
323 4577 488 4653 tranquilla
506 4596 579 4653 pace
599 4578 636 4636 ab
656 4578 876 4637 incursionibus
895 4578 1026 4637 hostium
1045 4579 1183 4638 inviolati
1203 4583 1344 4638 maneant
1359 4572 1505 4661 (orl-73).

221 4667 300 4726 Hinc
332 4686 400 4725 cum
431 4666 470 4724 ad
499 4666 640 4725 victorias
671 4668 927 4742 Syracusanorum
964 4667 1158 4728 illustrandas
1185 4672 1216 4727 et
1244 4688 1313 4729 cum
1341 4668 1505 4744 praeclaris

221 4756 357 4815 victoriis
384 4754 492 4814 Medici
525 4754 596 4814 belli
626 4757 819 4815 conserendas
847 4776 910 4816 sese
938 4756 1114 4817 accinxisset
1141 4749 1291 4838 (le-80),
1319 4776 1350 4816 se
1378 4758 1417 4816 ab
1444 4758 1506 4816 illis

225 4845 314 4903 rebus
333 4845 453 4923 longius
472 4845 692 4923 persequendis,
706 4866 742 4904 ne
758 4847 914 4905 fastidium
928 4846 1082 4905 hominum
1097 4850 1224 4925 moveat,
1236 4840 1506 4929 4444444181-84)
