3442 5550
759 439 909 490 ISTHMIA
928 439 963 492 Π.

221 616 255 662 κο
274 611 346 676 ταῖς
368 604 523 686 λιπαραῖς
546 598 582 665 έν
602 597 773 684 Ἀθάναις,
797 600 858 665 οὐκ
882 599 1034 685 ἐμέμφθη

273 706 476 792 ῥυσίδιφρον
499 718 591 793 χεῖρα
614 705 811 784 πλαξίπποιο
835 711 957 790 φωτός,

1424 940 1432 961 Ι

1435 994 1441 1005 ι

273 939 333 1003 τάν
356 941 547 1024 Νικόμαχος
569 939 650 1003 κατά
673 939 790 1024 καιρὸν
812 937 899 1023 νεῖμ’
924 939 1065 1015 ἀπάσαις
1088 938 1204 1017 ἀνίαις.
1296 937 1379 1005 Ἀντ.
1398 944 1419 1024 β

274 1046 347 1110 ὄντε
370 1045 424 1111 καλ
448 1046 588 1132 κάρυκες
606 1043 662 1110 Ὡ-

316 1163 379 1239 ρᾶν
403 1152 558 1236 ἀνέγνον,
581 1154 809 1241 σπονδοφόροι
833 1154 983 1240 Κρονίδα
1461 1174 1495 1220 35

274 1262 380 1343 Ζηνὸς
402 1259 533 1343 Ἀλεῖοι,
556 1262 722 1337 παθόντες
743 1263 809 1327 πού
832 1286 863 1326 τι
887 1260 1062 1344 φιλόξενον
1086 1264 1198 1346 ἔργον·

219 1384 252 1429 ‘25
273 1366 429 1455 ἁδυπνόῳ
453 1366 491 1432 τέ
509 1391 565 1432 νιν
589 1367 772 1446 ἀσπάζοντο
795 1377 893 1454 φωνᾷ

272 1472 412 1560 χρυσέας
435 1473 471 1538 έν
493 1475 655 1557 γούνασιν
678 1477 836 1540 πιτνόντα
860 1477 967 1551 Νίκας

275 1717 373 1788 γαῖαν
392 1705 455 1770 ἀνά
474 1705 647 1793 σφετέραν,
666 1708 728 1771 τάν
746 1709 787 1791 δὴ
806 1706 973 1772 καλέοισιν
990 1705 1168 1790 Ὀλυμπίου
1186 1709 1270 1785 Διὸς
1312 1706 1378 1772 'Era
1397 1707 1441 1792 β’.
1460 1725 1496 1773 40

272 1814 383 1889 ἀλσος·
407 1811 449 1877 ἵν’
477 1812 658 1889 ἀθανάτοις
682 1814 912 1898 Αἰνησιδάμου

271 1919 387 1995 παῖδες
410 1918 446 1983 έν
469 1932 578 2004 τιμαῖς
601 1923 745 2004 ἔμιχθεν.

217 2044 252 2090 30
271 2025 326 2091 καὶ
349 2028 412 2113 γάρ
437 2027 497 2091 οὐκ
521 2026 664 2109 ἀγνῶτες
686 2027 767 2112 ὑμῖν
790 2026 858 2093 έυτλ
882 2030 977 2113 δόμοι

270 2134 345 2198 οὔτε
369 2135 503 2218 κώμων,
527 2130 553 2198 ὦ
580 2133 802 2220 Θρασύβουλ’,
826 2133 966 2221 ἐρατῶν,

273 2241 348 2305 οὔτε
371 2243 581 2326 μελικόμπων
605 2240 731 2306 ἀοιδᾶν.

273 2441 331 2524 κθ.
355 2467 428 2540 νεῖμ’
449 2437 572 2533 άπάσαις
594 2471 666 2526 coni.
686 2471 783 2526 Pauw:
806 2481 885 2540 νωμᾶ
911 2470 1016 2534 πάσαις
1037 2470 1117 2527 codd.
1136 2504 1171 2512 -
1190 2477 1232 2527 23.
1256 2471 1377 2543 ἀνέγνον
1396 2473 1450 2528 scri
1471 2473 1494 2527 si

217 2540 387 2596 Ahrensium
407 2545 518 2596 secutus
537 2542 582 2595 hic
601 2548 630 2598 et
648 2543 678 2598 P.
693 2561 721 2596 rx
736 2559 761 2597 ss
779 2541 885 2597 colluto
903 2543 932 2597 P.
948 2562 975 2597 ιν
991 2559 1041 2598 rec:
1061 2542 1188 2613 ἀνέγνων
1203 2544 1265 2598 BD
1280 2577 1312 2584 —
1333 2551 1374 2599 λλ.
1391 2493 1494 2600 'Attico

218 2612 306 2738 sghp}
326 2645 362 2737 {a
379 2619 421 2737 {a
441 2614 598 2679 ἀσπάζοντο
618 2631 651 2668 ex
670 2614 842 2679 ἀσπάζονται
868 2630 937 2669 corr.
956 2615 984 2669 Β
1010 2646 1043 2655 -
1070 2621 1111 2669 26.
1137 2614 1269 2670 πίτνοντο
1289 2617 1328 2684 D,
1353 2625 1494 2670 πιτνῶντα

217 2701 260 2738 e.
298 2701 330 2738 ra
363 2702 422 2739 nr.
443 2717 478 2724 -

288 2832 330 2881 tl.
350 2822 516 2896 όνσίδιφρον
535 2836 612 2897 χεῖρα
632 2846 742 2883 currum
761 2830 886 2882 tuentem
905 2845 1033 2896 manum,
1053 2845 1087 2882 ne
1106 2832 1198 2882 metae
1218 2829 1380 2883 curribusve
1400 2847 1493 2884 aemu-

218 2897 308 2952 lorum
327 2898 549 2952 concertantium
573 2899 752 2954 collideretur
771 2931 804 2939 -
824 2905 866 2953 22.
892 2898 1069 2970 Νικόμαχον·
1095 2899 1168 2952 hunc
1187 2900 1387 2954 Atheniensem
1407 2900 1493 2956 fuisse

216 2969 386 3024 scholiastae
410 2969 538 3038 tradunt,
563 2987 596 3023 ex
621 2970 673 3025 hoc
691 2971 766 3041 ipso,
786 2970 897 3040 opinor,
917 2971 979 3025 loco
998 2971 1188 3025 coniecturam
1208 2970 1344 3026 facientes
1365 3005 1397 3013 —
1417 2972 1491 3042 νεῖμ’

217 3040 342 3104 άπάσαις
355 3038 458 3109 ἀνίαις,
477 3041 604 3095 admovit
618 3059 667 3095 suc
683 3045 807 3111 tempore
826 3058 940 3096 manum
959 3041 1088 3096 omnibus
1108 3041 1234 3111 habenis,
1253 3046 1286 3096 ut
1303 3043 1392 3097 citato
1411 3060 1493 3098 cursu

218 3115 322 3166 metam
346 3112 610 3181 circumveheretur,
634 3112 664 3166 id
687 3114 762 3183 quud
786 3112 888 3166 clarius
908 3112 1049 3183 Vergilius
1069 3114 1136 3168 Aen.
1151 3132 1168 3167 v
1182 3130 1221 3169 crs
1240 3129 1274 3168 ex
1295 3114 1391 3170 ressit:
1414 3117 1494 3170 addit

215 3184 297 3251 frena
318 3186 386 3251 feris
407 3187 585 3255 morsibusque
607 3187 695 3239 ωακίε
718 3186 834 3253 effundit
852 3186 972 3239 lrotcnas
995 3217 1030 3224 -
1053 3190 1094 3238 28.
1119 3183 1182 3238 ὅντε
1200 3184 1260 3239 scil.
1275 3132 1493 3255 1ilicomachum,

216 3254 266 3322 qui
289 3254 414 3326 proxime
438 3255 592 3323 antecedit,
616 3273 672 3310 non
692 3256 889 3324 Xenocratem,
913 3254 962 3324 qui
983 3256 1090 3337 primas
1114 3259 1208 3326 partes
1232 3258 1292 3311 toto
1316 3256 1345 3310 in
1369 3257 1493 3313 carmine

216 3325 339 3394 obtinet,
359 3326 426 3381 licet
445 3327 546 3380 mirum
565 3326 654 3381 videri
673 3327 764 3397 possit
781 3326 911 3397 aurigam
923 3330 1024 3451 lpotrus
1043 3343 1128 3396 quam
1147 3326 1282 3381 victorem
1301 3327 1458 3452 principlem
1476 3346 1494 3383 a

216 3397 337 3452 Pindaro
357 3398 475 3453 laudari.
513 3398 567 3452 Sed
588 3397 734 3469 Olympica
753 3397 872 3453 victoria
891 3415 921 3452 sc
934 3416 977 3451 rus
997 3397 1132 3452 'l'heronis
1151 3399 1214 3467 fuit,
1233 3415 1289 3453 non
1309 3403 1341 3453 ut
1358 3400 1399 3453 lst
1419 3399 1493 3454 mica

216 3472 246 3522 et
268 3469 387 3538 Pythice
410 3469 528 3523 fratrum
546 3469 682 3524 Theronis
706 3475 735 3525 et
753 3470 918 3524 Xenocratis
942 3469 1109 3535 communis;
1136 3472 1281 3540 praeterea
1304 3469 1493 3525 Nicomachus

216 3539 378 3595 etiamnunc
397 3541 567 3596 interrivos
587 3541 673 3596 fuisse
692 3546 721 3597 et
739 3541 891 3612 praecipua
909 3540 1003 3612 gratia
1022 3540 1191 3610 Thrasybuli
1209 3558 1276 3594 usus
1299 3559 1360 3597 esse
1381 3541 1494 3597 videtur

217 3643 250 3652 -
269 3613 390 3681 κάρυκες
404 3611 490 3681 Ὡρᾶν
506 3658 511 3667 .
526 3658 530 3667 .
544 3657 549 3667 ,
565 3613 757 3684 σπονδοφόροι
776 3611 911 3682 Κρονίδα,
930 3612 1041 3666 fetiales
1061 3612 1130 3681 Elei,
1150 3612 1198 3681 qui
1218 3630 1281 3667 cum
1300 3630 1388 3683 aeque
1408 3617 1493 3683 atque

216 3683 377 3738 sacerdotes
396 3685 514 3738 Romani
534 3685 622 3740 fastos
642 3686 802 3754 conderent,
821 3687 932 3754 tempus
946 3683 1077 3737 ludorum
1091 3683 1281 3755 designabant
1295 3688 1380 3754 atque
1395 3702 1492 3755 pacem

216 3757 246 3808 et
263 3754 389 3809 indutias
403 3755 458 3825 (ίκε
478 3754 579 3825 ειρίαν)
593 3773 642 3825 per
661 3756 745 3811 ferias
763 3756 838 3810 lovis
853 3754 1066 3809 denuntiabant.
1100 3755 1304 3810 Posterioribus
1318 3756 1493 3826 temporibus

216 3830 310 3880 certae
324 3827 436 3880 cuidam
450 3778 534 3880 ciassi
550 3828 727 3882 sacerdotum
741 3844 842 3882 nomen
857 3825 1061 3896 σπονδοφόρων
1076 3826 1197 3880 inditum
1212 3827 1298 3881 fuisse
1314 3828 1406 3882 titulis
1418 3827 1493 3882 Eleis

216 3901 340 3964 constat;
356 3899 426 3952 cons.
439 3898 583 3952 Bttticher
596 3898 727 3970 Olympia
741 3919 766 3970 p.
781 3916 825 3953 rm.
845 3899 903 3952 Hoc
919 3898 981 3952 loco
996 3898 1108 3952 fetiales
1122 3897 1174 3967 illi,
1189 3916 1252 3952 cum
1267 3899 1493 3968 hospitalitatem

216 3969 343 4037 aliquam
358 3970 604 4041 Agrigentinorum
624 3971 731 4041 experti
746 3973 847 4038 essent,
861 3969 984 4024 libenter
997 3968 1200 4022 Nicomachum
1215 3970 1343 4040 aurigam
1357 3969 1493 4025 Theronis

216 4040 365 4111 agnovisse
381 4041 523 4108 dicuntur;
538 4042 586 4095 rix
601 4042 676 4097 enim
690 4042 807 4097 verbum
820 4040 941 4111 ἀνέγνον
955 4041 990 4095 de
1004 4040 1212 4095 renuntiatione
1220 4040 1335 4094 victoris
1346 4058 1379 4095 ex
1393 4041 1493 4096 tabula

215 4111 294 4167 facta
308 4112 368 4166 acci
388 4129 433 4166 ere
447 4111 514 4165 lieet
529 4145 561 4153 -
576 4119 619 4168 tt.
634 4112 779 4177 παθόντες
792 4113 847 4168 πού
862 4134 888 4168 τι
902 4111 1050 4182 φιλόξενον
1066 4111 1162 4181 ἔργον·
1179 4128 1234 4179 quo
1249 4111 1310 4164 loco
1325 4116 1354 4166 et
1368 4116 1492 4182 tempore

215 4183 339 4254 hospitio
381 4184 518 4238 icomachi
538 4188 566 4239 et
585 4203 682 4256 regum
696 4184 943 4255 Agrigentinorum
963 4184 1006 4237 usi
1025 4186 1126 4250 essent,
1146 4186 1231 4252 poeta
1249 4200 1305 4236 non
1324 4182 1492 4249 declararit-3

215 4254 282 4309 inde
306 4255 442 4325 suspicari
466 4256 533 4310 licet
556 4257 650 4326 Eleos,
674 4276 729 4326 quo
754 4256 930 4327 splendorem
954 4255 1083 4309 ludorum
1101 4254 1257 4324 patriorum
1275 4257 1424 4324 augerent,
1443 4272 1493 4324 per

217 4327 328 4396 legatos
347 4344 425 4397 reges
445 4327 559 4382 Siciliae
578 4330 613 4382 ad
633 4329 763 4383 obeunda
777 4328 933 4383 certamina
948 4325 1095 4396 Olympica
1113 4325 1250 4380 invitasse
1270 4359 1301 4366 -
1322 4331 1363 4380 26.
1384 4325 1414 4380 έν
1429 4327 1492 4394 γοό-

216 4416 299 4453 νσισιν
313 4397 456 4453 πιτνόντα
480 4398 583 4463 Νίκας·
608 4401 643 4454 ef.
657 4401 692 4456 N.
707 4418 761 4454 vsi
783 4397 875 4462 Νίκας
899 4398 929 4452 ἐν
953 4398 1106 4466 ἀγκώνεσσι
1128 4399 1234 4451 πιτνὼν
1254 4430 1286 4437 -
1307 4403 1348 4451 ⁶27.
1373 4397 1426 4450 τάν
1442 4441 1447 4450 .
1464 4441 1492 4452 ..

217 4469 311 4532 ἄλσος·
331 4472 421 4524 totum
440 4489 538 4540 agmm
557 4472 656 4526 Eleum
674 4472 748 4527 Iovis
767 4473 878 4525 hortum
894 4486 954 4524 esse
968 4468 1105 4536 serebant,
1119 4471 1151 4522 ut
1164 4468 1194 4523 P.
1210 4487 1236 4520 rx
1251 4485 1277 4522 τι
1292 4469 1411 4537 Libyam
1426 4468 1494 4530 Διὸς

216 4550 311 4596 κᾶπον
325 4545 354 4595 et
368 4541 396 4596 P.
412 4561 439 4596 rv
454 4560 477 4597 ιι
494 4543 676 4612 Cyrenaicum
692 4561 790 4616 agrum
804 4551 898 4596 κᾶπον
909 4537 1072 4610 Ἀφροδίτας
1085 4540 1260 4610 nuncupavit
1274 4573 1306 4579 —
1323 4546 1356 4592 ‘29
1380 4542 1492 4602 παῖδες·

216 4611 327 4667 Theron
341 4615 371 4667 et
384 4614 563 4685 Xenocrates,
578 4615 646 4669 licet
660 4633 745 4669 unum
759 4615 915 4669 Theronem
926 4611 1057 4681 Olympia
1071 4611 1171 4665 vicisse
1186 4615 1270 4681 poeta
1285 4611 1362 4665 dicat
1378 4611 1408 4666 0.
1421 4631 1440 4663 n
1455 4628 1493 4674 εις

217 4684 267 4739 sed
290 4687 368 4738 amat
391 4685 528 4740 Pindarus
551 4704 603 4740 usn
626 4686 744 4756 pluralis
768 4704 826 4741 rem
850 4700 1020 4754 exaggerare
1044 4687 1073 4737 et
1095 4683 1189 4752 plures
1212 4682 1319 4752 gloriae
1339 4683 1492 4752 participes

216 4754 322 4822 facere;
346 4757 380 4811 cf.
400 4758 420 4812 Ι.
441 4778 449 4809 ι
471 4777 494 4813 is
515 4792 546 4798 —
567 4759 597 4813 ἐν
621 4767 713 4828 τιμαῖς
737 4757 864 4829 ἔμιχθεν·
891 4755 1042 4810 honoribus
1067 4755 1161 4809 affecti
1185 4757 1262 4817 sunt;
1287 4754 1321 4807 cf.
1342 4755 1373 4808 0.
1389 4773 1398 4805 ι
1417 4771 1443 4809 ao
1462 4752 1492 4808 ἐν

217 4826 413 4898 αἱμακουρίαις
437 4829 565 4900 μέμικται
590 4863 624 4871 -
648 4836 690 4884 31.
714 4832 833 4901 κώμων.
851 4873 856 4882 .
873 4830 998 4882 ,ἀοιδᾶν
1021 4827 1250 4881 comissaticnum
1272 4841 1493 4895 pomparumque

216 4903 246 4954 et
264 4900 421 4954 carminum
438 4902 468 4955 in
487 4902 684 4957 comissatione
704 4901 900 4956 canendorum.

276 4999 286 5008 “
304 5008 403 5043 ’ωσι
419 5002 454 5045 ed.
469 5004 571 5042 Christ.
1248 4992 1281 5040 ‘22
