3442 5550
223 402 288 465 322
698 405 845 456 crunam
863 405 1028 456 ιιειιιιοιι.

284 564 320 629 έν
343 567 454 646 λόγοις
477 563 510 629 δ’
536 564 647 629 ἀστῶν
670 563 831 647 ἀγαθοῖσί
852 589 909 649 μιν
932 567 1100 629 αἰνεῖσθαι
1124 566 1240 649 χρεών,
1299 569 1390 648 ,Στρ.
1409 565 1456 647 β’.

279 669 334 735 καλ
356 672 606 756 μελιγδούποισι
631 671 855 736 δαιδαλθέντα
877 672 1044 756 μελιζέμεν
1066 671 1203 755 ἀργδαῖς.

280 778 314 843 ἐκ
338 776 374 842 δέ
396 782 614 864 περικτιόνων
637 777 798 843 ἑκκαίδεκ’
821 776 1058 864 Ἀρισταγόραν

226 903 260 950 2ο
280 885 398 969 ἀγλααὶ
421 897 510 951 νῖκαι
533 886 663 973 πάτραν
685 884 714 951 τ’
741 886 914 971 εὐώνυμον

278 991 525 1076 έστεφάνω-σαν
548 991 636 1080 πάλᾳ

320 1097 375 1163 καὶ
397 1111 555 1184 μεγαυχεῖ
575 1103 774 1186 παγκρατίῳ.

278 1294 406 1372 ἐλπίδες
429 1294 460 1360 δ’
486 1295 701 1382 ὀκνηρότεραι
723 1295 850 1378 γονέων
872 1296 991 1372 παιδὸς
1012 1299 1090 1378 βίαν
1301 1293 1383 1359 Ἀντ.
1403 1293 1448 1378 β’.

275 1405 372 1487 ἔσχον
396 1403 432 1467 έν
455 1408 600 1468 Πυθῶνι
623 1410 801 1487 πειρᾶσθαι
827 1402 880 1468 καὶ
903 1402 1061 1490 Ὀλυμπίᾳ
1085 1400 1226 1490 ἀέθλων.

273 1508 329 1574 ναὶ
352 1511 397 1594 μά
421 1512 483 1595 γάρ
507 1510 622 1595 ὅρκον,
646 1510 727 1594 έμάν
751 1510 851 1588 δόξαν
874 1512 963 1595 παρὰ
986 1513 1157 1596 Κασταλίᾳ

223 1634 257 1680 23
276 1615 330 1680 καὶ
353 1614 431 1701 παρ’
457 1615 624 1704 εὐδένδρῳ
648 1617 760 1701 μολὼν
783 1619 875 1705 όχθω
900 1619 1034 1701 Κρόνου

273 1723 410 1789 κάλλιον
433 1722 475 1787 ἀν
494 1764 507 1771 -
528 1725 668 1810 δηριών-

317 1855 385 1896 των
408 1829 557 1913 ένόστησ’
582 1831 786 1913 ἀντιπάλων,

273 2027 504 2112 πενταετηρίδ’
528 2025 646 2112 ἑορτὰν
665 2025 844 2112 Ἡρακλέος
865 2026 1005 2111 τέθμιον
1315 2025 1381 2091 Ἐπ.
1400 2026 1444 2110 β’.
1463 2046 1497 2091 33

274 2136 441 2218 κωμάσαις
463 2134 691 2218 ἀνδησάμενός
712 2158 744 2199 τε
769 2137 874 2218 κόμαν
898 2133 933 2198 έν
956 2133 1156 2219 πορφυρέοις

275 2245 413 2326 ἕρνεσιν.
459 2240 542 2306 ἀλλά
564 2245 695 2327 βροτῶν
717 2242 777 2306 τὸν
799 2238 859 2325 μὲν
882 2245 1098 2326 κενεόφρονες
1121 2237 1219 2324 αὖχαι

221 2366 255 2411 30
275 2347 308 2425 ἐξ
332 2348 471 2430 ἀγαθῶν
495 2352 627 2431 ἔβαλον·
651 2350 710 2413 τὸν
733 2346 766 2411 δ’
792 2345 834 2413 αὖ
857 2347 1138 2433 καταμεμφθέντ’
1163 2350 1248 2429 ἀγαν
1462 2365 1497 2411 so

293 2582 333 2629 17.
360 2577 379 2629 ἀ
397 2574 495 2630 αθοῖσί
520 2597 567 2646 μιν
587 2576 657 2630 coni
677 2576 849 2645 Mingurelli
876 2578 998 2646 ἀγαθοῖς
1020 2575 1072 2647 μἐν
1097 2577 1173 2642 BD,
1196 2572 1326 2645 ἀγανοῖσέ
1351 2596 1400 2644 μιν
1424 2576 1494 2630 coni.

220 2647 329 2730 Heelrer
348 2597 411 2702 coll.
426 2648 455 2701 P.
472 2667 498 2701 ιι
514 2666 603 2701 101—-
626 2655 666 2702 18.
686 2648 845 2716 μελισδοίπ.
862 2649 937 2701 B-
951 2651 1022 2703 λανδ.
1038 2649 1115 2703 D—
1130 2647 1271 2717 μελιζέμεν
1290 2647 1365 2702 BD
1388 2646 1496 2718 μελέζεν

220 2719 291 2773 coni.
311 2719 404 2787 Pauw,
429 2719 533 2801 μέλειν
540 2718 570 2772 έν
593 2719 765 2786 Hermann³,
793 2716 898 2789 μεμίχθ
875 2717 961 2773 θ’έν
986 2720 1198 2773 Mommsen—
1223 2726 1264 2773 1³.
1288 2737 1447 2785 περιντνον.
1467 2720 1496 2773 D

220 2798 310 2845 -26
326 2763 543 2861 μεγάνχεῖαοιιί
559 2790 684 2845 Schnrid:
699 2810 748 2860 μεγ
750 2760 838 2860 ἀλαυχ
841 2799 868 2844 εἴ
880 2791 1008 2845 codd
1024 2797 1057 2844 22
1072 2794 1124 2844 et
1118 2796 1218 2844 2.3οιιι
1233 2790 1310 2843 D-
1326 2796 1367 2845 26
1385 2790 1495 2859 ένοστή-

220 2860 299 2916 σαντ’
320 2863 381 2916 ἀντ.
401 2864 482 2917 D-
502 2866 544 2917 28.
564 2863 662 2931 άνδησ.
682 2813 778 2917 Τεὶδλε
799 2863 916 2931 ἀναδησ.
937 2863 1053 2917 BD—
1072 2870 1114 2915 30.
1135 2861 1235 2933 ἔλαβον
1254 2862 1281 2914 Β
1302 2893 1333 2901 -

220 3008 249 3058 et
267 3006 379 3060 tertiam
398 3004 558 3086 pericopam
582 3004 712 3058 carminis
736 3005 870 3058 claudit
863 3024 917 3073 ιιι.
934 3022 958 3059 ιο
978 3007 1007 3059 et
1024 3008 1068 3073 ιι),
1088 3004 1233 3058 contram
1252 3003 1346 3057 media
1364 3008 1495 3073 parentes

219 3076 401 3147 Aristagorae
428 3075 502 3130 iusto
525 3076 639 3130 maioris
663 3075 770 3130 timidit
758 3076 827 3130 tatis
850 3076 989 3130 incusat
980 3094 1015 3167 ιι.
1031 3081 1120 3142 ω)-
1141 3080 1182 3129 16.
1208 3084 1263 3146 γᾶν
1287 3074 1495 3161 ἐπιεσσόμενος·

219 3148 254 3201 ol.
274 3148 353 3202 Hom.
376 3151 440 3201 Γει
460 3148 558 3201 λάινον
581 3146 643 3202 έσσο
663 3158 778 3217 χιτῶνα,
797 3147 852 3202 ΑΡ.
872 3167 910 3200 vrr
929 3165 967 3201 aas
990 3146 1081 3202 Ἀίδαο
1107 3147 1198 3229 κακὴν
1223 3145 1381 3216 ἐπιειμένος
1398 3148 1495 3217 dxliv.

218 3218 411 3289 Aristagoram
431 3219 564 3272 hocloco
584 3218 720 3272 Pindarus
740 3218 900 3272 mortalium
920 3236 1011 3272 rerum
1030 3218 1146 3272 infirmit
1148 3218 1202 3271 atis
1217 3218 1358 3285 admonet,
1372 3234 1408 3273 ue
1409 3236 1496 3300 ..quae

219 3289 357 3344 humanae
372 3294 489 3343 naturae
505 3290 645 3360 denegata
659 3290 724 3358 sint,
743 3294 847 3343 temere
862 3294 991 3371 appetat3
1011 3291 1060 3343 sed
1075 3288 1249 3343 semoribus
1264 3292 1377 3358 (λόγοις)
1391 3288 1495 3344 civium

218 3360 300 3415 bonis
320 3366 349 3415 et
366 3360 536 3414 carminibus
560 3379 623 3415 eum
628 3361 763 3442 dignum
784 3377 845 3415 esse
863 3361 912 3429 qui
930 3362 1074 3443 pracdicct
1075 3379 1108 3414 ur
1127 3364 1320 3415 asseverat-
1342 3367 1385 3415 17.
1403 3359 1496 3431 λόγοις

218 3433 310 3486 ἀστῶν
333 3434 481 3501 ἀγαθοῖσι,
505 3433 586 3486 bonis
610 3432 712 3486 civium
736 3432 924 3498 sermonibus,
947 3432 995 3500 qui
1015 3433 1088 3487 viros
1107 3433 1179 3486 bene
1201 3431 1316 3485 meritos
1340 3448 1391 3485 sua
1410 3432 1495 3487 laude

218 3521 273 3557 non
287 3503 409 3573 privant,
424 3507 456 3556 ut
470 3504 600 3557 similiter
613 3508 697 3572 poeta
711 3503 784 3557 dixit
797 3504 817 3558 I
832 3521 881 3558 ιιι
897 3503 990 3566 ἔπος
976 3520 1004 3557 α
996 3503 1101 3573 γαθόν
1122 3507 1220 3557 contra
1234 3502 1388 3556 scholiasta
1402 3505 1495 3558 ἀστῶν

217 3574 378 3641 genetivum
407 3575 572 3643 partitivum
601 3591 660 3628 esse
685 3578 763 3628 ratus
789 3577 924 3644 ἀγαθοῖσι
950 3574 987 3628 ed
1013 3576 1127 3629 verbum
1152 3575 1295 3629 αἰνεῖσθαι
1323 3574 1494 3628 rettulit-

220 3653 260 3700 18
281 3646 421 3715 μελιζέμεν
440 3646 485 3699 vel
508 3646 582 3714 quod
603 3650 717 3715 propter
735 3645 914 3700 insolentiam
934 3650 1094 3700 contractae
1113 3648 1219 3699 formae
1237 3646 1349 3716 ἀοιδαῖς
1363 3645 1494 3700 Pauwius

218 3718 364 3787 proposuit
382 3715 488 3787 μελίζεν
507 3716 637 3770 similiter
656 3720 740 3786 atque
759 3716 851 3799 μέλειν
871 3718 926 3771 vim
946 3718 1024 3771 verbi
1046 3716 1218 3771 intransitivi
1237 3717 1332 3782 habet,
1351 3720 1384 3770 ut
1402 3717 1495 3771 simile

218 3789 286 3856 quid
300 3789 396 3842 valeat
412 3792 497 3857 atque
516 3787 670 3842 infinitivus
689 3789 795 3857 passivi
814 3790 971 3844 αἰνεῖσθαιι
992 3789 1166 3843 orationibus
1185 3787 1297 3842 laudari
1315 3789 1344 3841 et
1363 3788 1493 3843 carmini·

221 3860 273 3913 bns
288 3860 444 3914 ornatum'
436 3878 466 3913 ιιι
485 3876 531 3913 ore
551 3863 579 3914 et
597 3859 723 3913 corde
699 3860 803 3914 civium
817 3861 958 3941 vivere—
974 3867 1016 3915 20
1036 3862 1158 3927 πάτραν·
1178 3877 1215 3929 pa
1217 3858 1300 3913 triam
1318 3859 1416 3914 urbem
1431 3860 1493 3914 illu-

218 3932 319 3984 stravit
337 3933 365 3985 et
385 3931 542 3999 coronavit,
566 3932 641 3999 quod
664 3948 721 3985 una
744 3949 807 3985 curn
830 3931 942 3985 nomine
961 3932 1075 3985 victorie
1098 3948 1198 4013 nomen
1220 3930 1331 4001 patriae
1349 3932 1494 3985 renuntia-

217 4002 313 4070 batur,
339 4002 393 4056 nisi
415 4001 527 4069 πάτραν
546 4006 659 4075 gentem
677 4002 859 4089 Aristagorae
878 4002 1041 4071 intellegere
1060 4002 1162 4071 mavis,
1183 4019 1247 4084 qua·
1257 4002 1292 4056 de
1311 4002 1427 4058 notione
1446 4021 1494 4057 ro·

218 4046 313 4127 cabuli
330 4092 355 4127 v.
376 4073 409 4127 N.
429 4093 457 4126 vr
476 4091 555 4129 33-
574 4081 616 4128 24
643 4076 690 4128 ναὶ
715 4074 753 4144 ad
779 4075 832 4145 γὰρ
817 4074 955 4143 ρὸρκον,
982 4073 1127 4145 έμάνξ
1078 4072 1127 4139 δόξ
1129 4092 1179 4128 aa·
1205 4075 1282 4144 prior
1305 4074 1493 4142 accusativus,

217 4145 247 4198 in
265 4144 385 4198 formula
404 4145 516 4199 iurandi
535 4146 582 4200 ναὶ
596 4148 626 4200 et
639 4146 678 4215 μὰ
695 4145 846 4213 sollemnis,
866 4118 959 4215 ellipsi
979 4145 1161 4216 explicandus
1180 4150 1235 4199 eet:
1274 4144 1381 4199 rofeoto
1400 4162 1492 4200 sacra·

217 4219 342 4270 mentum
361 4220 497 4283 antestor3
518 4217 590 4271 alter
608 4216 691 4288 ’έμὰν
705 4215 802 4283 δόξαν
824 4190 971 4271 absolutus
986 4222 1038 4285 est,
1052 4220 1129 4272 ortus
1145 4233 1178 4270 ex
1192 4215 1278 4269 simi
1293 4233 1344 4269 usu
1359 4214 1491 4271 infinitivi

217 4285 340 4341 absoluti
363 4287 499 4342 formulae
524 4288 556 4358 έμ
557 4290 583 4342 ol
607 4290 714 4357 δοκεῖν,
739 4306 824 4356 quam
846 4304 882 4341 no
905 4287 1054 4375 scriptores
1078 4287 1190 4356 quidem
1215 4286 1491 4356 aspernabantur-

216 4358 294 4425 παρά
313 4356 456 4413 Κασταλία
464 4359 634 4429 ,Delphicis
653 4332 740 4427 ludis,
760 4360 838 4432 ὄχθῳ
857 4358 981 4426 Κρόνου,
1002 4359 1155 4429 Olympicis
1174 4358 1261 4425 ludis,
1281 4358 1329 4427 qui
1348 4358 1380 4413 in
1398 4359 1492 4414 radiae

216 4430 297 4484 collis
322 4414 448 4485 Saturnii
469 4431 679 4511 agebantur-
704 4404 745 4485 ‘ld
771 4382 923 4502 εὐδένδρῳ,
947 4431 1073 4499 pulchris
1096 4430 1243 4484 arboribus
1266 4430 1389 4499 consito,
1417 4430 1492 4500 quod

217 4501 308 4569 magis
327 4501 357 4554 in
374 4505 506 4555 naturam
525 4502 636 4567 montis,
654 4502 745 4570 qualis
760 4502 876 4556 Pindari
890 4506 984 4557 aetate
999 4502 1053 4556 luit
1041 4502 1198 4570 tquadrat
1211 4518 1296 4570 quam
1311 4474 1405 4570 qualis
1418 4520 1491 4556 nuno

216 4577 311 4626 est—
331 4580 373 4627 28.
394 4572 549 4654 κωμάσαις
569 4574 605 4627 δε
623 4574 782 4643 vespertina
802 4574 1006 4641 comissatione,
1026 4546 1091 4643 prist
1108 4572 1256 4626 victoriam
1271 4572 1402 4627 adaram
1418 4573 1490 4628 lovis

217 4644 254 4697 ab
269 4643 414 4698 sodalibus
430 4644 544 4699 victoris
560 4645 692 4698 instituta
706 4664 730 4699 v.
746 4644 818 4700 Prol.
834 4665 948 4698 κοιν-
967 4644 1151 4712 πορφυρέοις·
1170 4660 1226 4697 non
1245 4642 1366 4698 colorem
1385 4644 1490 4700 frondis

216 4715 372 4796 oleaginus,
392 4715 441 4769 sed
442 4716 637 4802 splendorem
656 4722 685 4771 et
703 4716 871 4786 dignitatem
890 4732 1008 4771 coronae
1031 4715 1229 4785 metaphorice,
1253 4713 1384 4770 similiter
1407 4720 1490 4785 atque
1515 4742 1521 4755 ·

216 4786 342 4867 epitheto
365 4785 483 4868 χρυσέῳ,
508 4787 660 4857 significari
683 4787 799 4859 exposui
819 4786 903 4842 adl'.
923 4806 950 4841 ιν
970 4803 1016 4841 ιιι.
1046 4794 1076 4841 6).
1097 4804 1184 4841 vrur.
1222 4786 1263 4840 De
1282 4785 1490 4843 instrumentali

216 4875 244 4911 vr
263 4858 480 4928 praepositionis
500 4858 530 4913 έν
549 4859 583 4913 cf
604 4858 634 4913 Ο.
654 4879 699 4913 mv
720 4878 797 4913 ιιι-
763 4866 859 4914 -36
882 4857 1112 4929 καταμεμφθέντ’
1135 4858 1208 4929 ἄγαν
1227 4856 1319 4928 έσχένν
1348 4860 1489 4929 passivam
