3442 5550
328 380 392 445 130
795 381 943 432 crunam
961 381 1128 433 arsurem.

379 562 428 628 ὅτι
452 584 486 626 τε
509 558 826 645 μεγαλοκευθέεσσιν
850 563 887 626 ἔν
908 584 986 626 ποτε
1009 559 1174 644 θαλάμοις
1395 557 1478 624 Ἀντ
1501 558 1547 643 β’.
1572 576 1607 624 ao

380 670 463 745 Διὸς
486 670 614 733 ἄκοιτιν
638 668 721 734 ἐπει-

423 786 512 862 ρᾶτο.
558 779 620 862 χρὴ
644 773 680 841 δέ
703 775 775 841 κατ’
800 776 903 841 αὐτὸν
927 774 990 841 αἰεὶ

422 886 545 961 παντὸς
568 884 651 970 δρᾶν
673 883 802 970 μέτρον.

325 1008 358 1056 35
378 990 472 1057 εὐναὶ
496 988 532 1056 δὲ
555 992 762 1078 παράτροποι
778 991 819 1068 Ιές
841 988 993 1056 κακότατ’
1019 1031 1032 1038 -
1055 989 1187 1074 ἀθρόαν

377 1102 497 1183 ἔβαλον
519 1096 595 1163 ποτὶ
618 1110 730 1163 κοῖτον
754 1097 853 1179 ἰόντ’,
877 1096 945 1162 ἐπεὶ
968 1094 1091 1183 νεφέλᾳ
1113 1095 1327 1182 παρελέξατο,

377 1206 501 1283 ψεῦδος
524 1208 629 1288 γλυκὺ
652 1204 822 1290 μεθέπων,
846 1204 955 1289 ι’ίιδρις
978 1203 1075 1288 ἀνήρ·

377 1307 465 1388 εἶδος
488 1313 551 1397 γάρ
574 1312 807 1399 ὑπεροχωτάτᾳ
830 1309 953 1396 πρέπεν
979 1310 1183 1395 Οὐρανιδᾶν,

376 1418 539 1504 θυγατέρι
564 1422 711 1504 Κρόνου·
736 1420 792 1484 άν-
890 1408 893 1413 ’

421 1552 453 1592 τε
478 1528 579 1592 δόλον
601 1527 705 1615 αὐτῷ
728 1524 835 1591 θέσαν

323 1652 358 1699 40
379 1634 485 1718 Ζηνὸς
508 1634 671 1718 παλάμαι,
694 1635 796 1699 καλὸν

420 1752 519 1826 πῆμα.
565 1743 624 1807 τὸν
647 1738 684 1806 δὲ
707 1741 930 1826 τετράκναμον
953 1739 1069 1826 ἔπραξε
1094 1740 1230 1824 δεσμόν,

376 1953 432 2021 έὸν
455 1958 598 2040 όλεθρον
622 1954 687 2039 ὅγ’·
712 1954 747 2020 έν
770 1953 802 2018 δ’
828 1954 913 2039 ἀφύ-

419 2081 524 2128 κτοισι
548 2061 738 2145 γυιοπέδαις
761 2062 871 2127 πεσὼν

419 2172 481 2235 τάν
503 2171 705 2235 πολύκοινον
727 2169 784 2235 άν-
807 2166 927 2246 δείξατ’
953 2168 1117 2252 ἀγγελίαν.

377 2280 457 2342 άνευ
479 2284 533 2342 λοι
557 2281 711 2362 Χαρίτων
733 2277 825 2342 τέκεν
840 2280 969 2359 -γόνον
991 2277 1213 2364 ὑπερφίαλον,

396 2495 437 2543 34.
466 2487 530 2543 κατ’
560 2488 647 2543 αὐτὸν
675 2508 726 2543 eur.
752 2489 899 2543 Thicrsch:
935 2487 1005 2542 καθ’
1036 2488 1122 2543 αὐτὸν
1152 2490 1219 2557 0¹¹⁰,
1244 2487 1314 2542 καθ’
1341 2489 1427 2543 αὑτὸν
1453 2490 1549 2544 ΟΜ)
1569 2522 1600 2530 -

325 2566 368 2616 35.
389 2560 514 2628 ἀθρόανι
535 2560 628 2627 ὀρθάν
647 2579 672 2614 v.
688 2560 705 2615 l.
721 2560 806 2614 schol.
822 2593 857 2600 -
874 2565 915 2614 36.
934 2561 999 2614 ποτὶ
1017 2569 1112 2614 κοῖτον
1131 2557 1201 2614 ἰόντ’
1223 2559 1293 2614 coni.
1308 2560 1437 2629 Boeclrh,
1456 2561 1502 2615 oui
1521 2578 1600 2632 prae-

326 2632 381 2685 ivit
399 2648 432 2685 ex
451 2634 531 2701 parte
549 2632 665 2685 Jacobs:
689 2633 754 2685 ποτὶ
772 2631 850 2700 (ποτὲ
866 2632 912 2698 0⁸)
932 2632 1048 2686 καὶτὸν
1067 2630 1154 2686 ἵκοντ’
1175 2632 1269 2693 codd.;
1288 2651 1355 2686 ποτε
1374 2632 1490 2687 καὶτὸν
1510 2630 1598 2687 ἑλόντ’

327 2702 528 2770 Schneidewin,
548 2722 615 2756 ποτε
635 2704 682 2756 καλ
697 2700 757 2757 τόν·
779 2702 849 2756 έκόον
863 2702 1021 2756 Fracearoli
1037 2736 1068 2742 -
1085 2708 1126 2757 38.
1149 2704 1315 2769 Οὐρανιδᾶν
1328 2704 1433 2774 Bergk:
1455 2704 1600 2772 Οὔρανιᾱν

323 2775 416 2843 codd,
443 2775 589 2843 Οὐρανίδα
616 2791 649 2827 ex
676 2773 761 2827 schol.
780 2774 935 2827 Mommsen
956 2806 986 2813 -
1007 2780 1049 2828 39,
1074 2773 1141 2829 ἅντε
1165 2776 1205 2829 E:
1232 2774 1285 2829 τάν
1307 2794 1335 2828 τε
1362 2777 1394 2841 C,
1420 2774 1457 2828 ἄν
1484 2795 1552 2830 ποτε
1571 2776 1601 2831 D

324 2879 356 2886 -
383 2852 425 2900 41.
450 2846 480 2901 ἐν
503 2847 553 2914 ἀφ.
578 2844 693 2912 (omisso
719 2844 760 2913 δ’)
786 2845 816 2899 D
841 2877 873 2885 —
900 2844 1077 2915 γυιοπέδαισι
1097 2847 1121 2901 C
1141 2879 1174 2885 -
1198 2847 1289 2901 πετὼν
1313 2846 1424 2915 requiro
1447 2863 1511 2901 cum
1529 2847 1599 2901 Her-

322 2918 451 2973 werdeno
471 2949 504 2958 —
524 2914 630 2982 άνδείξ.
650 2915 720 2971 coni.
740 2916 944 2972 Mitscherlich:
969 2916 1077 2983 ἀνεδέξ.
1098 2918 1177 2971 codd.
1197 2920 1275 2986 vett,
1295 2916 1387 2983 ἀνδέξ.
1403 2917 1509 2974 Mosch.
1531 2950 1563 2959 —

326 3060 481 3132 supplicem
499 3062 594 3115 lovem
613 3059 718 3114 adiisse
737 3062 766 3114 et
784 3060 821 3114 ab
841 3077 873 3114 eo
891 3077 947 3113 non
967 3058 1057 3113 solum
1076 3058 1231 3129 expiatum,
1251 3060 1299 3115 sed
1319 3059 1405 3114 etiam
1429 3061 1466 3114 ad
1485 3061 1599 3116 deorum

327 3151 438 3188 mensas
457 3133 611 3186 admissum
626 3149 686 3186 esse
702 3131 914 3198 fabulabantnr3
935 3150 959 3186 v.
974 3131 1057 3185 Diod.
1071 3150 1098 3184 iv
1113 3149 1138 3184 uo
1153 3135 1182 3185 et
1200 3131 1286 3185 schol.
1301 3132 1365 3186 Eur.
1380 3131 1483 3187 Phoen.
1499 3149 1552 3189 rias
1565 3164 1599 3175 -

325 3211 368 3260 34.
395 3202 458 3259 κατ’
480 3203 579 3273 αιἰτόν,
602 3222 652 3273 pro
671 3220 727 3273 quo
745 3202 832 3256 Attici
852 3201 923 3256 καθ’
945 3201 1032 3257 αὑτόν
1050 3202 1195 3270 dicebant,
1219 3202 1329 3257 dicendi
1349 3220 1416 3257 usus
1433 3203 1599 3259 Pindaricus

325 3276 450 3347 flugitat3
470 3275 664 3330 cf.O.x1nsa.
702 3274 830 3328 Ceterum
853 3274 991 3328 Pindarus
1014 3274 1107 3327 reddit
1134 3275 1303 3328 sententiam
1325 3274 1429 3329 Pittaci
1450 3274 1504 3330 τὰν
1527 3275 1599 3331 κατὰ

326 3348 431 3402 σαυτὸν
456 3344 519 3413 ἔλα,
542 3350 574 3401 ut
597 3346 728 3400 similiter
746 3345 900 3414 Aeschylus
919 3345 1008 3399 Prom.
1024 3362 1063 3399 seo
1082 3376 1115 3386 —
1135 3351 1169 3399 ³6
1184 3364 1219 3400 ss.
1239 3345 1324 3400 schol.
1340 3346 1483 3427 Eunsrrso:
1509 3345 1599 3414 Ἰξίων
1628 3307 1706 3399 ii&

325 3415 535 3473 ἀκολασταίνων
555 3420 622 3472 ίδὼν
640 3418 693 3487 τὴν
706 3414 797 3484 Ἥραν
815 3417 928 3486 ἠράσθη
948 3418 1045 3485 αὐτῆς·
1065 3416 1100 3486 μὴ
1116 3417 1240 3486 φέρουσα
1255 3417 1286 3471 δὲ
1301 3417 1318 3486 ι’]
1331 3414 1404 3486 Ἥρα
1422 3417 1474 3487 τὴν
1492 3417 1599 3487 μανίαν

325 3492 411 3544 αὐτοῦ
438 3507 507 3558 φησι
532 3494 569 3561 τῷ
594 3490 645 3541 Διί
648 3508 653 3518 ·
681 3487 728 3557 ἐφ’
753 3484 774 3561 ᾧ
801 3488 998 3558 ἀγανακτήσας
1024 3487 1038 3541 ὁ
1066 3489 1134 3551 Ζεὺς
1159 3487 1326 3562 βουλόμενός
1348 3508 1376 3542 τε
1400 3498 1507 3559 γνῶναι
1525 3490 1555 3545 εέ
1568 3510 1598 3560 γε

323 3560 429 3630 ἀληθές
453 3561 540 3627 ἐστιν,
559 3558 694 3614 ἀπείκασε
717 3568 751 3631 τῇ
772 3558 845 3635 Ἥρᾳ
864 3559 998 3629 νεφέλην,
1017 3559 1052 3628 ἣν
1071 3560 1139 3613 ἰδὼν
1158 3560 1173 3614 ό
1191 3559 1290 3629 Ἰξίων,
1310 3558 1425 3631 νομίσας
1442 3560 1495 3631 τὴν
1507 3557 1599 3630 Ἦραν

323 3628 409 3699 εἶναι,
433 3629 562 3702 μίγνυται
586 3633 656 3702 αὐτῇ
680 3632 728 3685 καὶ
751 3641 827 3686 ποιεῖ
849 3636 939 3685 παῖδα
958 3633 1058 3700 διφυῆ,
1077 3631 1112 3684 τὰ
1131 3630 1182 3701 μὲν
1201 3633 1356 3698 ἀνθρώπου
1376 3631 1488 3702 ἔχοντα,
1511 3632 1548 3687 τὰ
1566 3630 1597 3687 δέ

323 3702 424 3767 ἵππου,
444 3701 497 3772 ἀφ’
519 3700 552 3757 οὗ
571 3704 619 3757 καὶ
639 3702 665 3756 οἱ
684 3704 773 3756 λοιποὶ
794 3701 950 3772 Κένταυροι
973 3701 1112 3772 γεγόνασι,
1149 3703 1287 3757 Pindarus
1310 3702 1383 3757 hano
1406 3703 1535 3758 fabulam
1556 3704 1599 3759 in

322 3775 456 3844 mutavit,
480 3777 512 3828 ut
535 3791 590 3828 non
614 3774 766 3841 Centauro,
791 3775 894 3829 Ixionis
918 3777 947 3828 et
965 3773 1109 3844 Nephelae
1128 3774 1195 3843 filio,
1219 3774 1274 3845 ipsi
1298 3792 1331 3828 co
1356 3793 1397 3829 rus
1422 3792 1455 3829 ex
1477 3791 1550 3844 equo
1568 3778 1598 3830 et

321 3846 433 3901 homine
461 3846 577 3900 mixtum
605 3846 692 3899 fuisse
719 3847 849 3917 fingeret,
883 3846 932 3901 sed
959 3844 1026 3900 filiis
1055 3845 1186 3901 Centauri
1215 3864 1248 3900 ex
1276 3864 1349 3915 oqua-
1370 3864 1402 3899 us
1428 3846 1596 3916 procreatis3

321 3922 384 3973 tota
408 3921 500 3972 nutem
526 3916 624 3970 fabula
648 3935 681 3971 ex
704 3920 798 3971 vetere
818 3918 940 3972 carmine
959 3935 974 3971 e
995 3918 1039 3971 ico
1058 3919 1092 3971 de
1111 3934 1208 3988 pugna
1226 3917 1410 3986 Lapitharum
1429 3921 1458 3971 et
1477 3916 1596 3973 Centau·

320 4007 413 4044 rorum
437 3992 550 4059 sumpta
575 4005 635 4043 esso
658 3988 778 4043 videtur.
816 3989 931 4043 Prorsus
955 3937 1013 4042 aiis
1033 3989 1068 4042 de
1087 3990 1195 4058 origine
1214 3990 1319 4043 mixtae
1338 3990 1444 4043 formae
1464 3988 1597 4044 Centauri

321 4060 487 4132 Apollonius
504 4062 569 4130 Arg.
584 4080 604 4112 11
621 4076 669 4115 nn
686 4078 721 4114 ss.
742 4063 771 4114 et
789 4060 962 4128 Pherecydes
981 4060 1010 4113 in
1029 4059 1114 4114 schol.
1131 4062 1167 4114 nd
1185 4060 1277 4130 Apoll.
1293 4060 1310 4114 l.
1326 4061 1343 4115 l.
1359 4063 1544 4115 narraverunt
1563 4093 1594 4101 -

321 4138 364 4187 37.
384 4134 468 4201 ἀνήρ·
487 4148 588 4187 nomen
607 4132 660 4186 hoc
679 4131 806 4185 additum
826 4132 862 4186 ad
882 4132 1073 4185 infirmitatem
1092 4132 1231 4186 humanae
1250 4132 1352 4186 ruentis
1371 4131 1595 4201 significandam,

320 4207 352 4257 ut
366 4221 390 4258 r.
406 4210 441 4256 43
455 4203 577 4272 ἀνδράσι
591 4203 609 4256 i.
625 4220 647 4257 e.
662 4202 829 4257 mortalibus
844 4203 884 4256 dii
899 4202 1032 4257 contrarii
1046 4206 1187 4272 ponuntur
1201 4204 1240 4243 -'
1250 4210 1293 4258 40.
1308 4203 1394 4258 καλὸν
1414 4211 1508 4273 πῆμα·
1529 4221 1594 4273 oxy-

320 4292 417 4329 moron
436 4276 473 4328 ad
493 4274 635 4343 exemplar
654 4275 740 4328 καλὸν
759 4273 859 4329 κακόν,
879 4275 954 4343 quod
974 4274 1009 4327 de
1027 4273 1157 4328 Pandora
1176 4275 1248 4328 dixit
1265 4274 1378 4330 Hesiod.
1393 4274 1487 4344 theog.
1503 4292 1543 4331 τωο
1561 4306 1595 4315 -

320 4346 524 4415 τετράκναμον·
548 4352 626 4400 rotao
649 4346 748 4416 priscis
773 4346 945 4416 temporibus
969 4349 1090 4414 quatuor
1112 4345 1185 4399 radii
1210 4350 1291 4400 erant
1309 4347 1354 4411 (cf.
1370 4347 1400 4401 P.
1415 4365 1443 4399 ιν
1457 4349 1519 4415 νει),
1539 4364 1596 4416 qua

319 4417 410 4472 forma
427 4420 507 4471 rotae
527 4420 592 4487 npte
610 4417 656 4471 hic
675 4421 761 4487 poeta
780 4435 846 4471 usus
866 4422 916 4481 est,
936 4420 968 4470 ut
981 4434 1081 4469 manus
1096 4422 1125 4471 ct
1138 4418 1224 4485 pedes
1239 4418 1343 4472 Ixionis
1362 4417 1489 4489 illigatos
1508 4418 1594 4473 fuisse

320 4489 493 4561 significaret
510 4522 544 4528 -
564 4495 606 4543 41.
627 4486 770 4558 ἀγγελίαν
790 4492 971 4559 praeceptum
990 4484 1074 4555 illud,
1094 4490 1126 4540 ut
1144 4489 1270 4542 homines
1290 4489 1365 4559 grati
1384 4490 1442 4543 sint
1460 4489 1594 4544 adversus

318 4561 512 4615 benefactores
527 4564 562 4629 (v.
578 4564 621 4629 νι),
635 4563 780 4628 tamquam
795 4559 924 4613 nuntium
938 4558 1099 4613 hominibus
1114 4560 1242 4623 missunr;
1263 4562 1357 4615 confer
1371 4560 1594 4615 Christianorum

319 4633 481 4702 εὐαγγέλιον
499 4664 533 4673 -
552 4638 594 4685 42.
614 4630 683 4685 ἄνευ
702 4630 822 4700 χαρίτων
840 4631 1007 4685 Plutarchus
1026 4633 1110 4683 amat.
1128 4648 1140 4684 s
1158 4634 1187 4684 et
1201 4650 1273 4685 unus
1288 4650 1321 4686 ex
1336 4631 1496 4687 scholiastis
1511 4632 1593 4687 blan-

320 4703 370 4757 das
394 4704 554 4774 voluptates
577 4702 742 4756 concubitus
765 4703 998 4772 interpretantur3
1021 4700 1121 4754 melius
1146 4702 1217 4756 alter
1241 4703 1395 4758 scholiasta-
1417 4702 1487 4757 haee
1507 4705 1594 4758 verba

319 4791 382 4899 ¹curn
401 4774 486 4845 γόνον
505 4774 598 4844 iungit
616 4776 725 4828 vertens
745 4773 847 4845 ἄχαριν
866 4774 959 4845 γόνον,
978 4777 1010 4828 ut
1028 4772 1144 4827 Gnrtiue
1162 4775 1290 4829 nascenti
1309 4775 1448 4829 Centauro
1467 4792 1523 4828 non
1543 4776 1591 4829 sd·

331 4845 406 4900 uisse
425 4846 556 4901 dicontur
575 4878 606 4886 -
