3442 5550
276 624 284 693 l

341 399 405 454 XVI
847 397 1124 451 Pnonnaouana

342 569 404 649 est,
433 563 520 647 quod
546 561 635 626 notis
664 561 809 642 musicis,
837 583 933 646 quae,
960 565 997 624 ut
1025 582 1064 622 ex
1092 558 1251 643 Dionysio
1278 559 1316 623 de
1345 579 1447 641 comp.
1472 557 1560 621 verb.
1583 558 1623 622 ll

277 702 281 757 ι
342 670 496 735 discimus
504 668 544 755 ¹),
581 674 730 734 exaratae
767 668 947 732 etiamtunc
984 666 1157 730 exstabant
1189 671 1221 729 et
1253 665 1342 729 facili
1375 686 1474 750 opera
1504 664 1625 749 inspici

341 783 508 862 poterant,
529 777 569 841 ad
588 775 752 841 difficilem
770 797 861 839 suam
876 773 1077 859 provinciam
1092 773 1322 858 expediendam
1336 773 1384 836 uti
1400 771 1590 858 supersedit.
1597 769 1625 859 ²)

432 886 543 949 Etiam
576 885 682 948 minus
720 881 942 968 grammaticis
973 881 1131 945 Romanis
1163 879 1417 964 Byzantinisque
1449 879 1625 965 explicatio

343 997 522 1056 metrorum
554 991 800 1056 Pindaricorum
837 989 1002 1054 successit.
1056 988 1259 1071 Quamquam
1290 987 1376 1052 enim
1408 987 1444 1050 in
1480 987 1625 1052 metricis

343 1099 476 1164 scholiis
510 1098 657 1164 codicum
688 1101 818 1182 praeter
849 1102 1033 1161 commenta
1064 1095 1267 1159 noviciorum
1295 1094 1554 1180 magistellorum
1582 1096 1624 1158 ab

342 1229 407 1270 uno
440 1207 551 1270 libello
582 1203 834 1290 Hephaestionis
866 1203 1115 1288 dependentium
1147 1202 1247 1266 etiam
1277 1201 1465 1266 vetustioris
1496 1202 1576 1266 artis
1604 1224 1626 1266 a

343 1313 541 1378 musicorum
569 1312 741 1397 disciplina
768 1310 912 1375 nondum
936 1310 1030 1395 plane
1054 1310 1180 1391 solutae¹
1205 1309 1330 1393 aliquot
1352 1309 1493 1395 vestigia
1515 1332 1626 1394 super-

343 1424 434 1504 sunt,
464 1424 574 1484 tamen
601 1419 685 1482 nihil
712 1417 779 1482 fere
807 1419 848 1483 ab
877 1418 949 1482 istis
979 1423 1165 1503 promotum
1193 1422 1251 1480 est.
1297 1416 1400 1480 Vetus
1428 1416 1531 1502 igitur
1557 1417 1625 1480 ista

343 1527 510 1592 colomet
470 1532 547 1611 tria,
573 1549 670 1610 quam
694 1526 828 1589 eandem
852 1530 885 1589 et
908 1525 1034 1590 codices
1059 1531 1093 1590 et
1116 1524 1240 1590 scholia
1263 1524 1416 1589 exhibent
1421 1547 1559 1611 ,usque
1583 1525 1625 1589 ad

341 1639 488 1698 nostram
529 1633 720 1699 memoriam
759 1631 889 1718 integra
924 1634 1088 1697 remansit.
1143 1632 1232 1708 Quae
1271 1631 1360 1696 enim
1397 1631 1547 1696 Pauvvius
1589 1637 1624 1696 et

340 1739 500 1825 Heynius,
529 1746 566 1805 ut
593 1740 726 1805 scabros
754 1761 907 1804 numeros
935 1741 1032 1825 paulo
1060 1738 1270 1826 procliviores
1299 1739 1483 1822 redderent,
1519 1762 1624 1825 pauca

340 1852 373 1911 et
396 1842 484 1911 levia
510 1851 725 1930 novaverunt,
753 1846 873 1910 similia
901 1853 977 1911 sunt
1004 1870 1041 1912 ac
1071 1847 1099 1911 si
1127 1847 1199 1931 quis
1233 1846 1370 1911 aedificii
1393 1847 1459 1910 iarn
1482 1847 1624 1911 labentis

342 1955 517 2039 ruinasque
551 1953 711 2018 trahentis
749 1975 873 2017 asseres
905 1954 1143 2038 laterculosque
1176 1959 1388 2038 transponere
1425 1958 1459 2018 et
1493 1954 1624 2018 reficere

343 2062 480 2127 studeat.
520 2060 664 2125 Tandem
688 2060 861 2144 aliquando
885 2060 1083 2145 Boeclrhius,
1107 2062 1157 2124 vir
1180 2060 1378 2125 clarissimus
1403 2061 1548 2146 mihique
1571 2061 1624 2146 pie

341 2168 509 2251 colendus,
532 2167 673 2252 exstitit,
698 2167 754 2252 qui
777 2167 899 2253 insigni
922 2170 1040 2233 mentis
1062 2169 1209 2233 acumine
1228 2168 1372 2232 rationes
1391 2167 1624 2253 Aristophanis

341 2279 550 2358 veterumque
584 2274 874 2361 grammaticorum
907 2274 1034 2339 futtiles
1063 2297 1132 2339 esse
1161 2281 1194 2339 et
1221 2274 1349 2339 indiciis
1379 2298 1398 2338 a
1425 2281 1524 2360 poeta
1550 2276 1623 2360 ipso

342 2379 535 2466 significatis
554 2403 688 2464 prorsus
706 2405 827 2447 novum
846 2382 1029 2447 aedificium
1047 2387 1224 2447 metrorum
1241 2381 1373 2446 Pindari
1392 2382 1624 2447 exstruendum

341 2510 412 2553 esse
436 2488 573 2553 doceret.
610 2488 724 2573 Neque
747 2489 815 2573 ille,
840 2513 903 2575 qua
925 2489 989 2554 fuit
1010 2489 1133 2575 ingenii
1154 2489 1313 2573 sollertia,
1336 2489 1372 2553 in
1394 2511 1432 2554 co
1452 2490 1624 2576 acquievit,

342 2601 380 2660 ut
407 2595 494 2661 viam
521 2618 640 2660 novam
668 2596 841 2661 ineundam
867 2620 937 2662 esse
961 2602 1120 2680 moneret,
1149 2597 1205 2662 sed
1231 2597 1301 2682 ipse
1325 2619 1452 2681 quoque
1477 2598 1624 2662 versibus

342 2707 429 2767 recte
458 2703 621 2788 discriptis
649 2701 781 2767 Pindari
810 2709 914 2768 artem
941 2704 996 2768 diu
1025 2705 1176 2769 obrutam
1205 2727 1221 2768 e
1249 2704 1392 2769 tenebris
1421 2706 1514 2794 quasi
1538 2728 1625 2769 resu-

343 2809 482 2874 scitavit.
521 2809 605 2874 Sane
625 2810 763 2874 obscura
780 2809 866 2875 haud
884 2834 988 2896 panca
1007 2817 1243 2896 remanserunt,
1267 2816 1300 2875 et
1318 2811 1390 2896 ipsa
1408 2811 1623 2897 inaequalitas

341 2939 494 2981 versuum
525 2916 675 2980 homines
708 2923 877 2982 emunctae
910 2918 997 2982 naris
1030 2919 1116 2983 haud
1149 2919 1354 2983 mediocriter
1387 2919 1535 3003 offendit3
1567 2918 1624 2983 sed

342 3046 538 3110 quamquam
570 3022 769 3109 Boeclrhius,
802 3047 876 3089 cum
908 3024 985 3108 quid
1017 3025 1181 3090 intervalli
1213 3026 1299 3090 inter
1331 3025 1477 3111 singulos
1510 3047 1623 3090 versus

292 3198 296 3215 Ι
340 3130 555 3197 intercederet
591 3152 656 3196 non
693 3137 838 3197 curasset
874 3137 908 3197 et
945 3133 985 3198 ad
1022 3134 1129 3218 spatia
1159 3134 1278 3218 pedum
1310 3132 1477 3217 aequanda
1507 3155 1624 3217 parum

292 3262 294 3267 ·
342 3239 468 3305 idoneis
492 3239 642 3304 remediis
666 3261 745 3304 usus
769 3245 869 3324 esset,
895 3262 962 3304 non
986 3240 1136 3305 omnibus
1160 3240 1328 3306 desideriis
1352 3240 1496 3305 virorum
1519 3261 1625 3326 gram-

342 3345 536 3410 maticorum
569 3350 602 3410 et
632 3348 830 3411 musicorum
863 3347 1035 3430 satisfecit,
1068 3351 1178 3412 tamen
1205 3348 1415 3413 fundamenta
1442 3347 1522 3412 artis
1551 3347 1625 3412 Pin-

343 3452 470 3518 daricae
493 3453 571 3518 iecit
594 3454 789 3518 firmissima.
835 3453 895 3519 His
921 3454 1067 3540 quisquis
1090 3477 1159 3520 rem
1183 3455 1409 3521 difficillimam
1432 3478 1623 3541 promovere

249 3618 252 3625 .
342 3560 422 3625 velit
453 3560 604 3625 insistere
638 3561 783 3645 debebit,
815 3562 899 3625 unde
931 3561 1030 3626 bilem
1064 3562 1145 3627 mihi
1177 3568 1321 3646 movent,
1355 3564 1381 3627 si
1415 3586 1497 3648 quos
1531 3563 1623 3628 video

342 3667 482 3756 egregiis
506 3667 568 3732 viri
592 3669 709 3732 summi
732 3668 873 3733 inventis
897 3670 976 3734 adeo
1000 3669 1197 3756 diffidentes,
1220 3676 1257 3735 ut
1280 3671 1315 3734 in
1339 3672 1486 3736 versibus
1509 3676 1625 3757 poetae

343 3775 481 3840 citandis
517 3776 661 3840 numeris
704 3775 921 3861 insipidorum
963 3779 1249 3864 grammaticorum
1290 3800 1387 3862 quam
1426 3779 1625 3844 Boeckhiani

343 3882 502 3948 acuminis
529 3883 577 3946 uti
607 3882 731 3947 malint.
777 3882 851 3968 Ipse
873 3883 909 3947 in
937 3885 998 3950 hac
1026 3887 1167 3952 editione
1191 3886 1393 3951 Boeckhium
1425 3890 1458 3951 et
1485 3886 1521 3949 in
1544 3887 1625 3951 divi-

342 3990 453 4055 dendis
482 3991 629 4055 versibus
658 3990 725 4055 fere
752 3991 872 4074 ubique
901 3997 1031 4058 secutus
1062 4017 1134 4058 sum
1157 3999 1190 4058 et
1213 4016 1366 4059 numeros
1391 3993 1473 4077 eius,
1500 3995 1624 4077 passim

341 4096 416 4162 illos
445 4096 575 4183 quidem
599 4103 775 4182 correctos,
799 4098 834 4162 in
861 4100 968 4184 priore
997 4106 1030 4166 et
1052 4101 1225 4186 principali
1248 4102 1393 4188 margine
1418 4100 1623 4166 collocandos

342 4205 462 4270 curavi.
504 4205 627 4269 Tamen
649 4228 690 4271 ne
714 4206 786 4290 quis
809 4207 906 4272 fidem
930 4209 1077 4274 codicum
1100 4209 1198 4273 nimis
1221 4209 1403 4294 neglectam
1427 4215 1625 4295 quereretur,

275 4354 307 4377 a.
345 4312 617 4397 colometriaeque
636 4313 754 4379 veteris
772 4313 917 4400 discript
908 4337 999 4380 rones
1018 4316 1215 4380 desideraret
1201 4319 1359 4401 t,versus
1379 4316 1595 4382 codicumt
1542 4342 1579 4384 ve
1581 4323 1626 4383 te

343 4442 433 4449 ---
435 4443 555 4448 -.—.-...

435 4512 461 4577 1)
481 4507 601 4561 Bekkeri
624 4525 669 4562 an.
693 4526 734 4577 gr
755 4513 818 4575 751,
847 4507 991 4563 Crusins
984 4527 1013 4561 ιιι
1037 4508 1137 4564 Philol
1157 4528 1195 4562 ιιι
1221 4511 1405 4579 163ff.‚Th
1429 4511 1568 4580 Reinach,
1596 4511 1625 4565 la

342 4579 471 4647 musique
491 4579 540 4634 des
558 4579 676 4649 hymnes
694 4580 730 4635 de
748 4578 883 4661 Delphos,
903 4579 976 4633 Bull.
996 4580 1031 4634 de
1050 4598 1169 4651 corresp.
1189 4581 1261 4636 Hell.
1277 4555 1333 4636 xvir
1352 4586 1485 4654 (1894)p.
1501 4590 1597 4638 684ss.

432 4654 459 4720 ι)
479 4649 657 4721 Quantopere
680 4668 697 4705 a
722 4653 845 4732 genuina
869 4652 1033 4706 colometria
1051 4652 1254 4722 Aristophanes
1277 4657 1307 4708 et
1326 4659 1434 4710 veteres
1454 4655 1589 4710 scholiast
1577 4659 1623 4708 tae

342 4722 453 4776 metrici
471 4722 664 4777 aberraverint
670 4721 824 4792 ,inprimis
844 4738 877 4776 ex
894 4740 1016 4778 carmine
1031 4724 1062 4778 0
1078 4744 1124 4778 xiv
1139 4728 1271 4795 apparet,
1291 4728 1444 4807 quodcum
1459 4727 1624 4809 exstropha

343 4797 373 4848 at
395 4794 573 4864 antistropha
597 4799 725 4848 constare
749 4810 805 4847 non
827 4795 1049 4866 perspexissent,
1073 4797 1310 4868 antistropham
1302 4816 1332 4853 ιιι
1355 4801 1414 4855 alia
1438 4802 1467 4855 at
1489 4802 1625 4868 pauciora

343 4866 407 4922 cola
426 4883 511 4936 quam
530 4866 675 4937 stropham
694 4865 857 4924 diviserunt
