3442 5550
306 437 443 491 LXXXIV
806 440 1083 495 Pnonuoonuns.

307 601 502 687 superiores,
525 602 566 666 ad
587 601 817 666 iaculationem
843 602 897 685 qui
921 624 960 667 ex
982 602 1034 667 his
1058 602 1200 687 quinque
1224 603 1405 687 superiores
1429 602 1584 668 discesse-

306 714 380 773 rant
403 714 552 793 quatuor,
575 710 614 773 ad
633 709 756 774 discum
777 713 852 793 tres,
876 710 914 773 ad
941 709 1063 774 luctam
1086 709 1182 797 duo¹)
1206 710 1364 775 admissos
1389 732 1458 775 esse
1478 711 1586 794 etqui

306 816 340 880 in
364 815 478 880 ultima
506 816 733 881 commissione
761 815 867 880 luctae
890 816 995 882 victor
1019 816 1233 900 discessisset,
1262 817 1364 881 totius
1388 817 1588 900 quinquertii

307 923 463 987 victorem
492 922 669 987 iudicatum
698 945 767 986 esse
796 923 1126 988 nobisstatuendum
1155 925 1225 988 erit.
1271 924 1317 987 At
1344 923 1419 988 huic
1444 923 1590 1008 opinioni

307 1029 418 1093 obstat
436 1051 501 1093 non
521 1029 627 1094 solum
646 1029 841 1093 scholiastae
861 1030 993 1095 Aristid.
1014 1028 1290 1096 Panath.111339
1310 1029 1406 1094 Dind.
1430 1052 1590 1095 commen-

308 1141 377 1200 tum
395 1135 490 1221 ἀρκεῖ
503 1148 572 1212 τοῖς
588 1136 788 1213 πεντάθλοις
803 1141 878 1221 τρία
892 1148 960 1202 τῶν
973 1135 1068 1201 πέντε
1082 1138 1165 1221 πρὸς
1178 1141 1285 1219 νίκην,
1305 1138 1360 1201 sed
1375 1137 1483 1221 etiam,
1504 1138 1588 1221 quod

306 1243 379 1328 plus
396 1244 490 1327 valet,
509 1243 687 1308 auctoritas
702 1242 869 1307 Plutarchi
885 1250 1007 1329 quaest.
1023 1266 1112 1308 conv.
1128 1262 1163 1307 rx
1179 1247 1209 1328 2,
1223 1247 1243 1309 2
1263 1256 1332 1320 τοῖς
1351 1242 1460 1328 τρισὶν
1479 1246 1589 1329 ὥσπερ

306 1352 342 1415 οἱ
357 1349 537 1416 πένταθλοι
557 1352 702 1434 περίεστι
721 1348 776 1414 καὶ
794 1360 871 1437 νικᾷ
893 1358 926 1415 01
944 1352 1168 1416 testimonium
1188 1351 1329 1415 Pollucis
1350 1373 1455 1416 onom.
1470 1369 1508 1415 111
1526 1353 1586 1416 151

307 1455 359 1521 ἐπὶ
374 1453 485 1522 1111οῦ
504 1458 695 1523 πεντάθλου
709 1459 747 1522 τὸ
762 1468 893 1542 νικῆσαι
909 1456 1102 1542 ἁποτριάξαι
1118 1456 1281 1540 λέγουσιν.
1288 1456 1314 1545 ²)
1352 1457 1443 1533 Quod
1459 1459 1486 1523 si
1502 1464 1590 1523 recte

307 1564 339 1627 hi
374 1566 507 1629 tradunt
539 1588 643 1650 neque
676 1565 762 1651 quod
795 1587 855 1630 usu
885 1566 1048 1648 veniebat,
1079 1566 1150 1651 lege
1179 1567 1341 1631 sancitum
1369 1588 1439 1629 esse
1468 1571 1590 1630 temere

306 1672 493 1757 sumebant,
520 1673 559 1737 de
587 1694 706 1736 corona
734 1673 931 1757 quinquertii
960 1673 1008 1738 ita
1035 1678 1195 1738 certatum
1223 1677 1288 1757 est,
1316 1677 1353 1737 ut
1379 1694 1445 1736 non
1474 1673 1588 1756 quiin

307 1784 451 1844 extrema
483 1785 575 1864 parte
604 1779 788 1844 certaminis
823 1780 927 1845 victor
959 1780 1174 1863 discessisset,
1206 1781 1262 1844 sed
1293 1779 1348 1863 qui
1381 1778 1415 1843 in
1445 1778 1588 1863 quinque

307 1887 456 1972 partibus
483 1887 557 1973 plus
585 1886 795 1952 victoriarum
824 1892 1036 1972 reportasset,
1067 1909 1188 1952 corona
1215 1891 1391 1951 ornaretur.
1439 1886 1590 1971 Exempli

308 1994 414 2079 gratia
438 1996 463 2058 si
485 2017 523 2058 ex
543 1995 687 2078 quinque
711 1996 766 2078 qui
790 1995 924 2060 nomina
946 1996 1100 2060 dederant
1122 1995 1292 2059 iuvenibus
1317 2017 1400 2058 unns
1424 1999 1483 2079 ter,
1506 1995 1589 2060 alius

306 2101 371 2187 bis,
402 2107 468 2166 tres
496 2123 656 2184 nusquam
685 2101 843 2186 vicerant,
870 2102 939 2187 ille,
968 2103 1023 2186 qui
1051 2107 1101 2167 ter
1127 2102 1162 2165 iu
1190 2102 1327 2188 singulis
1356 2101 1589 2166 certaminibus

306 2209 437 2293 vicerat,
454 2208 558 2272 victor
572 2208 674 2273 totius
690 2208 888 2293 quinquertii
904 2210 1109 2274 renuntiatus
1124 2215 1182 2291 est,
1198 2209 1265 2273 sive
1280 2209 1365 2273 saltu
1380 2231 1476 2274 cursu
1491 2209 1591 2293 lucta,

307 2316 374 2380 sive
402 2315 487 2379 saltu
514 2315 620 2380 iaculo
644 2316 748 2400 disce,
776 2316 843 2380 sive
867 2316 953 2380 saltu
975 2316 1082 2381 iaculo
1106 2316 1194 2381 lucta
1217 2316 1364 2401 superior
1387 2317 1527 2381 discesso
1566 2321 1590 2383 t.

305 2422 414 2506 Atque
438 2424 517 2487 haec
541 2423 671 2506 quidem
690 2423 775 2488 ratio
795 2424 899 2488 multa
916 2425 1025 2508 habet,
1049 2424 1166 2507 quibus
1186 2424 1436 2488 commendetur.
1474 2422 1589 2508 Neque

306 2534 417 2594 tamen
448 2552 583 2615 prorsus
616 2531 674 2595 illa
701 2531 914 2596 incommodis
943 2535 1040 2596 caret.
1090 2530 1235 2594 Primum
1264 2529 1292 2594 si
1320 2531 1392 2615 quis
1420 2531 1455 2594 in
1483 2531 1590 2595 tribus

305 2637 420 2721 primis
444 2637 678 2702 certaminibus
699 2639 830 2723 vicerat,
852 2660 917 2702 non
941 2643 1012 2702 erat
1035 2661 1092 2702 0111
1115 2639 1154 2702 ad
1178 2639 1241 2702 duo
1264 2637 1389 2721 reliqua
1413 2639 1590 2703 certamina

306 2744 551 2827 descenderent,
575 2750 645 2829 aut,
670 2745 697 2808 si
721 2745 783 2810 hoc
806 2746 857 2809 lex
881 2745 1062 2831 agonistica
1085 2745 1282 2829 postulabat,
1306 2745 1444 2809 multum
1467 2745 1589 2810 laboris

305 2850 357 2914 his
381 2850 616 2915 certaminibus
635 2856 805 2937 navarent,
828 2852 866 2915 de
885 2852 994 2936 palma
1012 2852 1098 2915 enim
1116 2851 1183 2915 iarn
1202 2856 1309 2915 actum
1329 2855 1406 2915 erat.
1440 2851 1589 2915 Alterum

306 2980 402 3042 saepe
426 2980 491 3022 non
521 2957 665 3023 accidere
691 2980 757 3022 non
785 2960 906 3045 potuit,
939 2965 975 3024 ut
1002 2959 1110 3023 nullus
1139 2958 1270 3023 omnino
1296 2959 1401 3023 victor
1428 2981 1467 3022 ex
1495 2958 1588 3043 quin-

307 3065 434 3149 quertio
464 3065 656 3143 discederet3
688 3087 827 3149 namque
855 3066 882 3129 si
912 3066 1032 3152 singuli
1064 3066 1098 3129 in
1127 3066 1267 3150 quinque
1300 3066 1447 3150 partibus
1479 3066 1589 3149 semel,

305 3178 363 3237 aut
381 3172 450 3236 bini
470 3172 520 3236 bis
540 3173 656 3237 tertius
677 3172 785 3257 serncl,
809 3177 865 3236 aut
884 3173 1021 3256 denique
1039 3196 1123 3236 unns
1142 3173 1192 3237 bis
1211 3172 1295 3236 terni
1315 3172 1414 3238 semel
1434 3172 1589 3257 vicerant,

304 3279 385 3343 nulli
405 3284 456 3342 tot
476 3279 630 3343 victoriae
650 3285 751 3358 erant,
770 3284 850 3364 quot
869 3280 977 3363 palma
996 3280 1193 3364 quinquertii
1213 3280 1409 3363 postulabat.
1448 3278 1511 3344 Sed
1525 3279 1588 3344 hoc

304 3387 544 3452 incommodum
569 3387 678 3451 nescio
703 3408 742 3449 an
766 3386 814 3450 ita
838 3408 1000 3451 removere
1023 3386 1135 3471 liceat,
1163 3392 1201 3450 ut
1224 3409 1321 3470 quam
1344 3387 1588 3471 interpretatio·

304 3516 379 3558 neni
407 3493 498 3557 verbi
526 3493 722 3574 rinocerotem
756 3493 960 3577 grammatici
989 3493 1028 3557 ad
1058 3499 1183 3558 certum
1214 3495 1372 3577 quendam
1400 3495 1506 3558 locum
1535 3516 1587 3559 co·

305 3600 379 3665 mici
413 3604 529 3684 poetae
563 3605 619 3664 aut
652 3600 791 3665 oratoris
825 3600 1083 3685 adnotavissent,
1114 3600 1196 3665 alios
1225 3602 1263 3664 ad
1295 3623 1406 3666 ornnes
1436 3601 1586 3666 ludorum

305 3732 398 3773 casus
422 3707 561 3773 traxisse
585 3709 749 3772 ducamus.
795 3706 880 3772 Nam
905 3730 1100 3791 quamquain
1125 3730 1184 3771 usu
1210 3707 1307 3792 venit,
1330 3713 1367 3771 ut
1391 3709 1445 3793 qui
1470 3712 1520 3772 101
1543 3708 1587 3772 vi·

305 3821 392 3881 cerat
416 3816 520 3880 victor
543 3815 644 3879 totius
669 3814 868 3899 quinquertii
892 3815 1141 3900 renuntiaretur,
1164 3820 1273 3879 tamen
1298 3815 1324 3878 si
1350 3815 1421 3898 quis
1445 3815 1496 3879 bis
1518 3820 1587 3880 tan·

304 3928 374 3987 tum
393 3924 523 4007 vicerat,
546 3945 629 4006 enm,
653 3922 681 3985 si
704 3945 743 3985 ex
763 3922 895 4007 reliquis
919 3923 1112 3987 aclversariis
1131 3945 1227 3987 nemo
1246 3921 1318 4007 plus
1339 3922 1438 3986 semel
1456 3923 1587 4007 vicerat,

304 4052 423 4095 corona
459 4031 623 4114 privatum
660 4052 731 4095 esso
768 4028 956 4113 neutiquam
993 4030 1162 4114 probabile
1195 4027 1291 4115 est.³)
1347 4028 1440 4093 Prius
1477 4035 1587 4094 autern

303 4138 389 4223 quod
412 4138 482 4202 fieri
505 4138 651 4222 potuisse
675 4137 825 4222 diximus,
849 4144 973 4201 utnon
999 4160 1125 4221 semper
1149 4137 1299 4201 omnibus
1324 4136 1473 4220 partibus
1493 4137 1586 4221 quin·

395 4334 422 4399 1)
440 4332 533 4399 Atque
552 4330 611 4383 lieri
630 4331 765 4400 potuisse,
784 4333 816 4383 ut
830 4329 880 4399 qui
894 4331 1028 4384 luctando
1043 4330 1236 4384 adversarium
1250 4329 1373 4397 vicisset,
1393 4328 1484 4383 victor
1496 4331 1584 4385 totius

304 4401 465 4455 ‹tertaniinis
489 4402 673 4469 iudicaretur,
698 4403 717 4455 ii
743 4402 895 4456 credidisse
920 4401 1062 4469 videntur,
1086 4401 1133 4470 qui
1158 4402 1270 4455 fabulas
1294 4400 1329 4454 de
1353 4400 1487 4469 mythicis
1510 4402 1585 4456 ludis

303 4475 529 4544 Argonautarum
549 4474 624 4542 apud
642 4473 853 4533 l'hilostratum.
873 4492 965 4542 11111111.
982 4480 997 4525 3
1017 4493 1042 4543 p.
1060 4480 1111 4526 263
1127 4473 1160 4528 K.
1181 4473 1332 4527 commenti
1351 4475 1424 4525 sunt.

393 4548 420 4612 2)
440 4547 555 4598 Ceterae
574 4545 776 4614 explicationes
795 4544 1146 4614 101111111111111111100111
1166 4544 1280 4598 scholiis
1300 4542 1399 4598 Aesch.
1416 4544 1516 4615 Agam.
1534 4550 1582 4598 111

303 4618 332 4671 et
355 4616 433 4670 verbi
456 4615 625 4684 ἀποτριάσαι
650 4616 679 4669 in
699 4617 817 4671 Bekkeri
837 4618 933 4671 arrecd.
953 4623 1005 4669 438
1026 4614 1220 4684 *ἀποτριάσαν
1244 4615 1352 4685 πληγὰς
1374 4623 1447 4681 τρεῖς
1468 4617 1582 4671 ὃοῦναι“

304 4692 426 4741 autnon
446 4690 483 4741 ad
502 4687 712 4756 quinquertium
730 4688 872 4758 pertinent
890 4690 940 4741 aut
958 4704 1049 4742 011010
1067 4687 1315 4757 grammaticorum
1334 4689 1419 4740 natae
1438 4689 1511 4741 sunt.

392 4766 419 4827 3)
438 4759 532 4812 Etiam
551 4758 663 4829 longius
681 4776 844 4829 progressus
858 4759 902 4814 Fr.
913 4759 968 4813 Mic
986 4759 1015 4812 in
1029 4777 1093 4813 111111.
1108 4759 1142 4814 cl.
1160 4758 1229 4828 phil.
1247 4764 1314 4812 1893
1334 4778 1360 4828 p.
1377 4763 1429 4812 805
1449 4756 1582 4828 speciosis

303 4830 461 4884 rationibus
489 4831 601 4885 omnino
630 4834 754 4885 evertere
784 4831 879 4883 studet
902 4829 1061 4899 opinionem
1085 4830 1119 4883 dc
1143 4829 1234 4884 tribus
1259 4829 1384 4884 victoriis
1407 4829 1436 4882 in
1462 4828 1581 4898 singulis

302 4902 430 4972 partibus
449 4902 621 4971 quinquertii
642 4903 677 4955 ad
698 4903 844 4956 victoria-m
863 4903 951 4955 totius
970 4901 1143 4970 quinquertii
1161 4902 1335 4957 necessariis.
