3442 5550
683 452 686 457 .
766 407 898 458 PYTHIA
916 408 937 459 1.

301 570 389 653 ὄφρα
412 566 483 632 κατ’
509 562 602 633 οἷκον
625 569 642 634 ὁ
669 573 748 633 Φοί-

344 675 396 753 νιξ
420 676 437 740 ὁ
466 680 649 761 Τυρσανῶν
672 673 701 740 τ’
727 675 888 751 ἀλαλατὸς
911 678 981 761 ἕχγ,
1005 700 1085 740 ναυ-

345 787 500 849 σίστονον
523 783 623 869 ύβριν
648 783 816 847 ίδὼν-τδιν
837 784 902 868 πρὸ
926 784 1056 868 Κύμας·
1440 800 1489 847 140

302 971 355 1044 οἷα
378 983 599 1063 Συρακοσίων
623 978 713 1066 ἀρχῷ
739 977 964 1062 δαμασθέντες
986 979 1115 1064 πάθον,
1278 978 1343 1044 Ἐκ.
1367 978 1409 1043 δ’.

303 1087 487 1171 ὠκυπόρων
510 1084 574 1150 άπὸ
598 1096 689 1150 ναῶν
712 1086 748 1162 ὅς
771 1102 853 1170 σφιν
876 1084 913 1150 έν
935 1090 1046 1175 πόντῳ
1069 1085 1186 1171 βάλεθ’
1213 1088 1359 1170 ἁλικίαν,
1440 1103 1489 1150 145

215 1210 247 1257 75
298 1190 428 1257 Ἑλλάδ’
455 1190 592 1269 ἐξέλκων
614 1195 749 1278 βαρείας
768 1193 928 1268 δουλείας.
949 1234 962 1242 -
982 1193 1118 1279 ἀρέομαι

301 1300 368 1384 πδιρ
391 1295 452 1382 μέν
476 1304 667 1383 Σαλαμῖνος
688 1297 876 1363 Ἀθαναίων
898 1301 997 1386 χάριν

302 1408 440 1489 μισθόν,
465 1404 501 1470 έν
525 1406 664 1492 Σπάρτα
687 1404 719 1470 δ’
745 1405 847 1491 ἐρέων
869 1408 934 1492 πρὸ
958 1410 1173 1493 Κιθαιρῶνος
1195 1408 1319 1491 μάχαν,
1440 1425 1490 1471 150

304 1528 390 1580 ταῖσι
415 1515 559 1597 Μήδειοι
582 1516 689 1598 κάμον
712 1513 941 1598 ἀγκυλότοξοι,

303 1623 391 1707 παρὰ
414 1619 451 1686 δέ
475 1623 536 1686 τὰν
559 1623 703 1707 εύυδρον
726 1621 828 1686 ἀκτὰν

343 1725 451 1811 Ἱμέρα
473 1728 647 1792 παίδεσσιν
670 1728 778 1811 ύμνον
801 1726 1020 1815 Δεινομένεος
1043 1727 1202 1813 τελέσαις,

304 1835 362 1899 τὸν
386 1833 528 1912 ἐδέξαντ’
554 1832 636 1919 ἀμφ’
662 1833 776 1921 ἀρετᾷ,

348 1945 514 2024 πολεμίων
537 1941 671 2027 ἀνδρῶν
694 1945 876 2026 καμόντων.

304 2137 421 2222 καιρὸν
444 2139 475 2202 εί
496 2136 673 2222 φθέγξαιο,
696 2142 830 2203 πολλῶν
852 2143 989 2223 πείρατα
1012 2139 1235 2215 συντανύσαις
1287 2142 1367 2223 Στρ.
1391 2136 1430 2202 ε’.

307 2242 342 2308 έν
364 2247 493 2328 βραχεῖ,
517 2248 619 2327 μείων
642 2242 752 2308 ἕπεται
1282 2247 1285 2253 ’

348 2361 460 2433 μῶμος
483 2349 683 2435 ἀνθρώπων.
730 2349 794 2416 άπὸ
818 2351 881 2437 γάρ
904 2354 1003 2435 κόρος
1026 2349 1187 2436 ἀμβλύνει
1442 2368 1493 2417 160

215 2578 331 2632 Advers.
346 2597 357 2630 1
371 2593 408 2633 ιιι
424 2610 456 2618 -
473 2584 514 2633 72.
534 2578 670 2648 ἀλαλητός
688 2579 712 2636 0
727 2612 760 2620 -
781 2580 838 2652 ἔχοι
854 2581 877 2636 G
892 2613 926 2622 —
944 2587 985 2636 73.
1005 2578 1214 2650 συρρακοσσίων
1230 2580 1254 2636 C
1264 2611 1298 2621 -·
1315 2584 1355 2634 74.
1375 2577 1406 2643 tc
1424 2598 1492 2649 σφιν

218 2649 268 2706 0²:
288 2647 303 2705 ὅ
322 2667 390 2718 σφιν
410 2650 483 2706 0¹1)
499 2683 529 2690 -
549 2648 641 2724 βάλετ’
665 2651 711 2718 0·,
731 2651 815 2725 βάλεν
834 2652 904 2708 eoni.
921 2652 1031 2708 Heelrer
1045 2685 1078 2693 -
1095 2657 1136 2707 75.
1156 2651 1275 2734 ἀρέομαι
1293 2651 1364 2706 eoui.
1378 2650 1491 2708 Dawes:

216 2718 347 2792 αἱρέομαι
366 2722 394 2789 0,
413 2720 543 2792 αἱρέομαι
561 2722 591 2776 D
608 2753 640 2762 -
661 2727 702 2777 76.
722 2722 802 2792 χάρις
822 2723 878 2780 0⁸⁰
897 2756 930 2764 —
951 2729 992 2779 77.
1012 2723 1041 2779 δ’
1063 2723 1148 2792 έρέων
1166 2741 1238 2778 conr.
1253 2722 1356 2778 Bothe:
1376 2721 1404 2777 δ’
1426 2721 1493 2791 έρέω

216 2793 269 2848 τὰν
296 2793 367 2857 01),
390 2791 418 2846 δ’
440 2791 506 2859 έρέω
531 2795 571 2861 Ε,
594 2791 625 2847 δὲ
650 2791 737 2848 κλέων
760 2794 790 2848 in
812 2795 959 2866 proeedosi
984 2795 1150 2867 scripseram
1168 2828 1202 2835 —
1223 2798 1264 2850 78.
1285 2794 1396 2864 μήδειοι
1415 2794 1493 2850 EF:

216 2867 302 2935 μῆδοι
318 2865 377 2919 01)
395 2895 429 2904 -
449 2869 490 2919 79.
510 2864 588 2932 παρὰ
607 2863 704 2919 Trici:
723 2863 781 2933 πὰρ
797 2866 855 2919 01)
874 2899 907 2906 -
928 2866 1046 2934 ἔνυδρον
1062 2868 1090 2934 0,
1110 2867 1230 2934 εὔυδρον
1245 2865 1285 2922 0¹
1304 2897 1337 2906 —
1356 2865 1495 2928 τελέσσαις

218 2937 256 2992 0¹
268 2936 341 3004 D⁸⁰,
359 2932 488 2999 τελέσσας
506 2936 572 2990 Dl'c
584 2935 630 3004 θ’,
648 2935 773 2989 τελέσαιν
792 2936 885 3006 Bergk
904 2937 949 3006 (cf.
965 2936 1000 2991 N.
1015 2957 1063 2991 vnr
1078 2942 1114 3006 a)
1135 2970 1168 2977 -
1188 2942 1229 2991 82.
1250 2944 1329 3005 μελον
1350 2936 1374 2990 0
1391 2968 1421 2976 -

217 3077 293 3147 ὄφρα
307 3075 370 3131 κατ’
386 3073 465 3132 οἷκον
481 3121 522 3132 .,.
538 3077 599 3148 ἔχῃ·
614 3080 647 3131 ut
660 3080 775 3131 maneat
788 3077 818 3131 in
833 3077 915 3132 domo
949 3082 1044 3146 aeeta;
1059 3080 1094 3133 de
1108 3078 1229 3133 formula
1243 3076 1308 3131 κατ’
1325 3072 1404 3131 οἷκον
1420 3077 1494 3147 ἔχειν

216 3148 288 3203 coni.
303 3148 405 3203 Herod.
419 3168 451 3201 m
465 3165 497 3203 το.
512 3167 541 3201 vr
555 3165 580 3203 as
595 3181 629 3188 -
645 3154 686 3202 72.
706 3146 889 3205 ναυσίστονον
907 3148 925 3203 ύ
945 3171 990 3217 ριν
1008 3150 1077 3204 ἰδὼν
1094 3148 1147 3204 τάν
1165 3150 1220 3218 πρὸ
1235 3148 1341 3218 Κύμας,
1359 3151 1494 3219 reputans

217 3223 246 3274 et
263 3219 352 3274 oculis
371 3237 485 3275 cernens
505 3220 664 3290 superbiam
684 3224 750 3276 ante
765 3219 881 3275 Cumani
895 3220 974 3274 humi
987 3224 1158 3291 prostratam
1172 3220 1287 3274 navium
1301 3236 1364 3273 eum
1378 3219 1494 3288 gemitu.

216 3291 361 3346 Victoriae
383 3290 467 3346 huius
492 3295 703 3345 monumentum
726 3292 809 3362 galea
832 3295 926 3347 exstet
948 3309 973 3346 a.
995 3298 1063 3346 1817
1083 3290 1230 3360 Olympiae
1249 3293 1369 3361 reperta,
1389 3290 1434 3344 oui
1453 3290 1494 3344 in-

217 3362 415 3432 scriptumest
434 3365 527 3417 vetere
547 3362 708 3417 litteratura
723 3362 822 3432 Ἰάρων
841 3364 856 3418 δ
877 3363 1061 3434 Δεινομένεος
1084 3363 1132 3417 καλ
1150 3363 1193 3416 τολ
1212 3359 1383 3430 Συρακόσιοι
1401 3367 1439 3436 τῷ
1459 3363 1495 3416 Δὶ

219 3432 335 3502 Τυρανὰ
352 3432 401 3488 ’πὸ
420 3434 518 3504 Κύμας
536 3432 611 3489 ch.
628 3452 660 3489 re.

290 3511 322 3559 74
341 3523 377 3559 ss.
406 3521 424 3558 a
447 3505 522 3559 votis
546 3522 597 3575 pro
621 3505 712 3560 salute
737 3508 925 3561 Aetnaeorum
951 3506 1034 3560 factis
1060 3505 1097 3560 ad
1125 3504 1319 3559 laudationem
1341 3521 1434 3559 rerum
1459 3505 1495 3558 ab

217 3576 337 3632 Hierone
357 3575 467 3631 fortiter
484 3579 628 3645 gestarum
647 3577 732 3645 redit3
752 3582 837 3646 atque
855 3578 977 3648 primum
996 3578 1072 3648 apud
1086 3577 1203 3633 Cumam
1217 3593 1274 3630 una
1288 3594 1351 3630 cum
1370 3576 1495 3630 Etruscis

217 3647 334 3716 Poenos,
353 3647 443 3702 socios
464 3663 568 3715 eorum,
587 3647 664 3702 susos
684 3666 744 3702 esse
763 3649 841 3715 dicit,
860 3651 936 3718 quod
958 3649 1086 3718 quamvis
1102 3666 1120 3703 a
1132 3648 1243 3702 nemius
1263 3646 1413 3701 memoriae
1432 3664 1495 3718 pro-

219 3718 309 3773 ditum
332 3719 371 3772 sit
405 3722 502 3772 tamen
526 3719 584 3772 veri
607 3718 684 3773 haud
709 3720 846 3774 dissimile
869 3725 924 3781 est;
949 3721 1051 3775 deinde
1075 3720 1105 3774 in
1127 3718 1304 3774 conferendis
1323 3718 1426 3789 pugnis
1445 3736 1495 3800 pro

218 3790 350 3846 libertate
368 3763 502 3845 iiraeciae
522 3794 557 3859 (v.
573 3793 609 3859 aa)
628 3808 691 3844 eum
711 3791 839 3845 barbaris
859 3792 1001 3846 dimicatis
1025 3792 1104 3845 iuxta
1127 3808 1237 3860 pugnas
1256 3790 1332 3860 apud
1351 3790 1496 3844 Salamina

220 3865 248 3917 et
264 3861 410 3929 Plataeas,
434 3878 553 3930 quarum
580 3861 729 3931 potissima
747 3861 810 3915 laus
829 3863 929 3933 prioris
947 3880 1033 3933 pones
1052 3862 1251 3929 Athenienses,
1275 3861 1392 3915 alterius
1411 3878 1496 3932 penes

220 3934 371 4004 Spartanos
391 3932 453 4001 fuit,
473 3950 598 4003 pugnam
612 3934 649 3986 ad
663 3932 754 4003 ripam
767 3933 907 4003 Himerae,
923 3952 979 4003 qua
992 3934 1045 3988 filii
1058 3933 1222 3988 Dinomenis
1237 3933 1362 4002 palmam
1376 3932 1496 3987 devictis

219 4004 347 4059 hostibus
372 4004 509 4071 tulerunt,
533 4004 640 4074 posuit,
660 4004 727 4059 lieet
745 4004 827 4058 huius
846 4023 958 4076 pugnae
977 4006 1109 4060 Etruscos
1128 4004 1281 4073 participes
1300 4004 1387 4058 tunae
1406 4021 1495 4072 neque

218 4075 355 4130 traditum
376 4092 467 4144 neque
491 4076 550 4129 veri
574 4075 665 4130 simile
689 4079 733 4130 est
757 4109 788 4116 -
815 4081 855 4131 74.
880 4077 911 4130 έν
933 4075 1026 4149 πόστῳ
1050 4077 1161 4149 βάλετο·
1185 4073 1302 4157 βάλλετο
1325 4093 1387 4128 eum
1412 4074 1443 4130 ἐν
1467 4079 1496 4129 et

220 4147 325 4214 dativo,
345 4146 424 4201 ouius
443 4145 505 4200 loeo
524 4164 574 4200 uos
594 4145 622 4210 ές
640 4152 670 4201 et
688 4147 882 4201 accusativum
896 4151 1100 4218 exspectamus,
1114 4147 1207 4200 iunxit
1220 4150 1253 4201 ut
1266 4147 1403 4201 Homerus
1418 4150 1445 4204 Ξ
1457 4162 1497 4201 ιιι

219 4218 317 4291 ἔμβαλε
332 4215 432 4291 πόντῳ,
451 4222 480 4271 Ψ
492 4235 532 4272 ere
545 4226 628 4287 μῆτιν
643 4218 775 4290 ἐμβάλλεο
789 4223 873 4291 θυμῷ
890 4252 920 4258 -
937 4225 978 4274 77.
998 4220 1052 4287 πρὸ
1067 4222 1259 4286 Κιθαιρῶνος
1279 4234 1403 4288 pugnam
1422 4218 1495 4271 hane

219 4290 292 4361 apud
314 4289 447 4343 Plataeas
465 4292 577 4359 praeter
595 4292 703 4344 ceteras
722 4290 796 4344 inter
815 4291 916 4344 deeora
935 4291 1052 4361 Spartae
1072 4290 1166 4356 refert,
1186 4289 1261 4357 quod
1281 4289 1310 4342 in
1328 4289 1381 4342 hue
1400 4306 1495 4358 pugna

218 4378 264 4416 rex
287 4360 571 4414 Lacedaemoniorum
595 4361 751 4415 Pausanias
775 4361 864 4432 copiis
884 4361 1053 4416 Graecorum
1076 4364 1218 4432 praeerat,
1245 4378 1416 4429 quamquam
1439 4376 1495 4414 uon

219 4432 308 4487 solum
331 4431 407 4486 Medi
431 4432 479 4485 sed
504 4432 590 4486 etiam
609 4432 737 4486 Thebani
761 4433 838 4501 apud
861 4433 993 4488 Plataeas
1013 4432 1082 4486 victi
1101 4435 1167 4486 sunt
1185 4464 1217 4471 —
1239 4437 1272 4484 78
1301 4430 1494 4501 ἀγκυλότοξοι·

219 4520 313 4558 areum
327 4502 480 4572 Medorum,
494 4503 607 4557 hastam
622 4503 790 4558 Graecorum
806 4520 867 4558 esso
881 4507 981 4575 poetae
997 4503 1099 4575 tragici
1114 4501 1325 4568 declamabant;
1345 4503 1380 4556 ef.
1395 4501 1494 4555 Aesch.

219 4574 291 4630 Pers.
309 4590 346 4629 ιιι
365 4572 485 4643 πότερον
504 4574 586 4641 τόξον
605 4572 639 4644 ρ’ῦ
698 4576 729 4628 τὸ
748 4584 835 4630 νικῶν
853 4579 909 4630 κτλ.

289 4650 421 4700 81-100.
448 4645 478 4699 in
497 4651 622 4700 extrema
661 4664 694 4700 ae
733 4649 792 4699 arte
811 4647 957 4714 carminis,
977 4646 1107 4701 similiter
1127 4649 1211 4714 atque
1231 4645 1259 4699 iu
1280 4643 1406 4713 carmine
1421 4642 1451 4695 P.
1466 4660 1495 4710 ιι,

220 4713 382 4771 laudatione
402 4716 524 4787 abrupta
542 4720 628 4787 poeta
646 4666 860 4771 famiiiariorem
878 4718 1033 4772 orationem
1052 4719 1088 4773 ad
1108 4718 1258 4772 Hieronem
1277 4716 1369 4786 ipsum
1383 4713 1495 4795 direxit,

223 4788 257 4841 ad
280 4787 430 4842 veritatem
454 4794 482 4842 et
505 4788 706 4843 liberalitatem
730 4807 794 4843 eum
817 4789 971 4843 adhortans
995 4798 1025 4844 et
1049 4790 1086 4844 ab
1114 4792 1321 4843 assentatorum
1349 4785 1496 4840 fraudibus

223 4872 354 4913 revocans
376 4890 411 4898 -
435 4866 477 4913 el.
502 4862 602 4927 καιρὸν
621 4860 823 4915 adverbialiter
841 4878 891 4930 pro
911 4862 982 4915 κατὰ
1002 4860 1110 4931 καιρόν,
1130 4863 1161 4914 ut
1179 4860 1263 4930 Soph.
1278 4858 1322 4912 Αἰ.
1337 4874 1370 4913 34.
1387 4874 1440 4913 laea
1459 4855 1495 4912 al.
