3442 5550
747 398 895 450 PINDARI
913 398 1081 451 EPlNlClA.

409 580 443 629 ει)
488 566 547 628 τὸν
570 561 634 627 αἰεὶ
657 585 764 646 μενοι·
777 570 845 625 νῶν
868 565 1013 644 κεφαλάς
1035 561 1150 642 βαλεῖν

532 669 743 753 εὐφροσύνας
766 668 892 732 άλᾶται.

489 920 554 1002 ἔχει
578 914 610 979 d'
636 915 808 1000 άπάλαμον
831 919 907 1001 βίον

535 1032 655 1087 τοῦτον
678 1022 943 1107 ἐμπεδόμοχθον,

490 1132 570 1215 μετά
594 1141 697 1215 τριῶν
718 1129 831 1214 τέταρ-

535 1261 594 1301 τον
616 1240 737 1319 πόνον,
761 1235 941 1302 ἀθανάτων
964 1238 1015 1301 ὅτι
1038 1234 1174 1312 κλέψαις

491 1343 637 1409 ἁλίκεσσι
661 1345 844 1427 συμπόταις

491 1448 608 1536 νείιταρ
632 1450 817 1535 ἀμβροσίαν
840 1473 874 1514 τε

413 1574 447 1623 66
493 1557 613 1639 όῶιιεν,
637 1548 687 1632 οἷς
708 1581 764 1621 νιν
787 1557 935 1639 ἄφθιτον

491 1662 628 1728 θέσσαν.
674 1664 705 1728 εἰ
727 1659 763 1726 dl
786 1663 870 1728 θεὸν
893 1661 977 1746 ἁνήρ
1001 1685 1051 1737 τις

536 1773 666 1834 ἔλπεται
689 1767 872 1852 λελαθέμεν
895 1772 947 1855 ἒρ-
970 1770 1055 1851 όων,
1079 1768 1267 1855 ἁμαρτάνει.

491 1877 631 1941 τοῦνεκα
653 1885 804 1963 προῆκαν
825 1877 902 1940 υἱὸν
925 1875 1177 1940 ἀθάνατοί-λοι.
1200 1875 1301 1939 πάλιν
1382 1893 1432 1940 105

492 1983 572 2067 μετά
595 1983 632 2046 τὸ
654 1983 866 2066 ταχύποτμον
888 1978 983 2058 αὖτις
1005 1980 1134 2068 ἀνέρων
1158 1984 1268 2059 ἔθνος.

492 2090 575 2175 πρὸς
598 2089 786 2173 εὐάνθεμον
809 2087 842 2153 d'
868 2090 921 2154 ὅτε
944 2089 1037 2174 φυάν

416 2213 450 2260 ιο
495 2196 612 2279 λάχναι
636 2221 691 2261 νιν
713 2194 815 2280 μέλαν
838 2194 967 2278 γένειον
990 2198 1126 2282 ἔρεφον,

494 2300 627 2387 ἑτοῖμον
650 2302 889 2389 ἀνεφρόντισεν
912 2303 1034 2388 γάμον,

1197 2461 1280 2528 'Ave¹
1304 2462 1347 2544 γ’.

496 2551 626 2615 Πισάτα
649 2554 737 2636 παρά
760 2554 883 2636 πατρὸς
906 2553 958 2616 εὕ-

540 2658 639 2734 όοξον
658 2655 890 2742 Ἱπποδάμειαν

496 2762 664 2848 σχεθέμεν.
711 2764 809 2847 ἐγγὺς
831 2764 881 2829 έλ-

539 2872 615 2936 θὼν
637 2876 755 2947 πολιᾶς
777 2871 855 2948 ἁλὸς
878 2866 948 2949 οἶος
971 2870 1008 2937 ἐν
1031 2874 1141 2958 ὄρφνᾳ
1385 2889 1434 2936 ιιι

356 3071 398 3120 60.
418 3066 464 3119 ἀεὶ
478 3066 574 3131 AGD,
594 3068 624 3118 ct
638 3063 677 3118 sic
692 3063 799 3135 passim
813 3064 902 3131 codd,
922 3065 998 3133 quod
1011 3082 1067 3118 non
1083 3064 1138 3118 iam
1154 3063 1275 3118 enotabo
1294 3095 1330 3103 -
1349 3071 1390 3118 61.
1410 3063 1561 3134 ἀπάλαμον

283 3137 366 3207 Βμτ.;
385 3136 553 3205 ἀπάλαμνον
572 3137 599 3190 A
607 3136 662 3191 01)
687 3168 718 3176 —
744 3141 785 3190 63.
806 3133 847 3200 οἷς
866 3156 912 3190 νιν
930 3136 1001 3190 coni.
1021 3137 1058 3190 ll.
1078 3134 1220 3190 Schmidt:
1240 3132 1312 3189 οἷσιν
1331 3135 1406 3204 ΑΙ),
1426 3132 1468 3197 ολς
1487 3137 1510 3190 G
1527 3168 1558 3175 -

284 3213 327 3261 66.
345 3207 453 3262 θέσσαν
471 3208 556 3279 Βμε.;
579 3205 669 3261 θέσαν
689 3208 775 3261 αὐτὸν
793 3207 896 3273 AOD,
915 3207 970 3261 θέν
989 3228 1035 3261 νιν
1053 3207 1220 3271 Μοτιιοιεειις
1240 3206 1274 3259 cf.
1295 3206 1329 3262 N.
1344 3223 1402 3260 vro
1420 3206 1561 3261 θέσσαντο

284 3312 318 3319 -
337 3277 491 3348 λελαθέμεν
510 3279 676 3333 Mommsen:
704 3278 828 3347 λαθέμεν
847 3280 913 3345 Ao,
932 3277 1085 3348 ληθέμεναι
1104 3278 1143 3343 D,
1162 3299 1188 3331 τι
1207 3274 1273 3331 λασέ
1293 3296 1324 3331 εν
1343 3278 1426 3348 Βμτ.;
1452 3277 1516 3332 fort.
1535 3298 1562 3331 τι

283 3347 365 3406 fetu.
385 3347 540 3419 λελαθέμεν
560 3382 591 3388 -
613 3355 655 3404 67.
675 3348 705 3403 οἷ
720 3348 796 3418 quod
815 3348 844 3402 in
862 3353 931 3403 vett.
950 3350 1030 3404 codd.
1050 3353 1115 3418 post
1133 3349 1253 3403 τοῦνεκα
1271 3298 1384 3417 iegitur,
1402 3352 1468 3437 post
1486 3348 1561 3403 ἀθά-

285 3440 365 3475 νατοι
384 3424 520 3490 transpos.
541 3419 624 3474 Tricl.
653 3452 685 3460 -
715 3426 757 3474 68.
786 3417 916 3484 addest}
941 3453 973 3461 -
1003 3427 1044 3476 69.
1072 3419 1099 3474 δ’
1121 3437 1166 3473 om
1187 3421 1225 3475 0ι
1254 3452 1286 3459 -
1316 3424 1358 3475 70.
1382 3424 1484 3489 λαχναι
1502 3440 1560 3475 νινι

286 3491 385 3562 λάχνιν
403 3493 434 3546 D
453 3523 484 3532 -
507 3497 547 3546 73.
568 3491 649 3562 ἐμφὺς
667 3491 773 3562 Bergk:
792 3491 872 3562 ἔγγὺς
891 3490 918 3546 δ’
939 3492 1061 3548 ABGD
1079 3495 1108 3546 et
1127 3490 1222 3560 schol,
1241 3490 1306 3561 ἄγχι
1324 3489 1352 3545 δ’
1369 3491 1471 3563 ΒΒμε.
1493 3523 1524 3531 -

285 3649 414 3688 amovere
438 3635 544 3706 (βαλεῖν
564 3659 597 3679 =
615 3633 778 3706 ἀποβαλεῑν,
802 3635 836 3688 ct'.
862 3638 893 3689 tl.
913 3653 962 3687 vm
980 3636 1016 3699 ιο)
1040 3632 1185 3701 moliatur3
1209 3634 1324 3688 Pindari
1347 3634 1470 3704 vestigia
1492 3634 1563 3705 legit

285 3704 433 3776 Euripides
453 3704 542 3760 Orest.
557 3721 578 3759 6.
598 3737 631 3744 -
655 3711 697 3759 6⁶2.
718 3704 817 3760 schol:
839 3703 912 3773 ῆὸτι
932 3705 962 3759 ἐν
980 3701 1052 3779 ᾆδον
1071 3704 1140 3774 μετὰ
1159 3714 1244 3773 τριῶν
1262 3703 1391 3773 τέταρτος
1408 3704 1562 3773 κολάζεται,

285 3776 416 3846 Σισάφον
434 3781 538 3831 Τιτυοῦ
554 3774 675 3842 Ἰξίονος,
696 3774 712 3844 ἢ
732 3775 773 3831 ὄτι
792 3777 861 3846 μετὰ
879 3785 971 3844 τριῶν,
990 3784 1041 3831 τοῦ
1059 3784 1160 3846 πεινῆν
1179 3779 1268 3846 διψῆν
1287 3776 1411 3843 ἑστάναι,
1429 3774 1562 3844 τέταρτον

285 3845 375 3903 πόνον
392 3856 493 3902 τοῦτον
512 3847 568 3930 ἔχει
586 3848 618 3901 τὸ
637 3853 673 3919 τῷ
690 3851 762 3921 λίθῳ
782 3847 958 3914 κολάζεσθαι.
985 3848 1112 3902 Alteram
1129 3847 1345 3917 explicationem
1364 3847 1413 3916 qui
1431 3847 1561 3918 probant,

287 3918 469 3974 obscuritatis
488 3919 557 3974 vitro
577 3918 668 3973 locum
688 3922 830 3989 prenrnnt3
849 3937 916 3973 nam
935 3936 999 3973 cnm
1016 3922 1101 3988 poeta
1119 3918 1168 3989 qui
1189 3922 1246 3974 tres
1265 3919 1307 3973 illi
1323 3919 1434 3973 labores
1448 3918 1561 3987 luerint,

286 4007 341 4044 non
362 3989 477 4059 dixerit,
495 3990 550 4061 ipsi
568 3990 598 4044 in
616 3990 808 4044 diversissima
832 3990 988 4045 discedunt.
1025 3990 1129 4045 Contra
1153 3995 1251 4062 aperta
1269 3994 1313 4045 est
1331 3990 1378 4044 ria
1395 3989 1497 4060 prioris
1516 4007 1561 4044 er·

285 4061 461 4133 plicationis‚
487 4080 572 4131 qnam
595 4064 643 4131 qni
667 4061 875 4130 ingrediuntur,
899 4079 956 4116 non
984 4065 1026 4116 est
1054 4078 1103 4116 cur
1130 4079 1194 4116 cum
1221 4061 1336 4116 Panwio
1360 4060 1489 4130 τέταρτος
1511 4080 1562 4143 pro

285 4131 419 4202 τέταρτον
437 4133 608 4204 interpolent
628 4166 659 4174 —
679 4140 721 4188 6³.
741 4131 864 4188 ἁλίκεσσι
879 4131 1040 4203 συμπόταις,
1054 4133 1103 4201 qui
1118 4133 1250 4187 contrarii
1265 4136 1345 4188 erant
1362 4133 1418 4186 diis
1437 4133 1563 4187 convivis

287 4237 320 4244 —
344 4210 386 4259 66.
410 4204 531 4273 θέσσαν,
555 4205 741 4272 immortalem
764 4204 855 4258 forma
878 4204 957 4259 verbi
980 4221 1013 4257 ex
1037 4204 1110 4259 falsa
1133 4205 1267 4276 analogia
1290 4204 1368 4258 verbi
1392 4203 1478 4259 ἔσσαν
1496 4205 1564 4259 ficta

286 4277 342 4344 est;
366 4275 400 4329 de
425 4276 567 4330 ambrosia
590 4280 619 4330 et
641 4280 755 4330 nectere
774 4275 1017 4330 immortalitatem
1036 4275 1262 4345 impertientibus
1281 4276 1377 4330 conler
1393 4275 1508 4330 Theocr.
1529 4292 1563 4344 ιι,

286 4363 333 4401 roo.
362 4346 443 4401 Ovid.
463 4351 528 4401 met.
550 4365 583 4415 ιι,
601 4365 641 4403 σοι
670 4379 702 4389 -
731 4352 764 4401 67
785 4367 805 4401 s.
835 4347 981 4402 ἀθάνατοι
1004 4350 1033 4401 et
1055 4348 1178 4417 ταχέποτ
1199 4368 1233 4401 ον
1256 4345 1365 4415 ἀνέρων
1389 4347 1475 4411 ἔθνος
1497 4363 1563 4402 eon-

285 4416 403 4471 trariam
422 4418 479 4471 vim
497 4420 604 4473 habent
624 4451 656 4459 -
677 4424 718 4473 70.
738 4417 824 4488 μέλαν
843 4418 996 4500 prolepticc
1016 4418 1051 4472 de
1066 4422 1160 4472 mento
1179 4368 1314 4489 ianugino
1333 4417 1414 4489 nigro
1432 4418 1509 4473 fecto
1529 4450 1562 4459 —

289 4495 329 4543 tl.
350 4486 474 4557 ἕτοιμον,
499 4490 527 4543 in
547 4508 602 4558 qno
622 4490 759 4544 vocabulo
779 4489 945 4559 explrcando
964 4489 1033 4544 mire
1052 4493 1159 4543 veteres
1189 4493 1218 4543 et
1245 4492 1371 4544 recentes
1398 4490 1564 4559 interpretes

286 4560 430 4629 laborant,
455 4562 491 4614 ad
514 4562 693 4631 pubertatem
711 4564 833 4630 spectat,
857 4579 942 4629 quam
960 4560 1057 4630 Pelopi
1081 4562 1209 4615 assecuto
1234 4563 1351 4630 paratas
1370 4577 1430 4615 esse
1449 4559 1563 4630 nuptias

287 4630 368 4700 dixit,
387 4631 489 4701 quibus
509 4632 564 4687 sibi
582 4632 800 4703 Hippodamiam
818 4631 948 4701 iungeret
968 4664 998 4671 -
1020 4637 1053 4684 λ’.)
1068 4650 1103 4685 ss.
1123 4631 1243 4686 similem
1262 4632 1390 4685 fabulam
1406 4633 1441 4686 de
1455 4631 1564 4703 virgine

286 4703 347 4758 filia
365 4703 401 4757 ab
421 4704 530 4758 Antaeo
548 4709 629 4774 patre
648 4703 773 4774 praemio
792 4703 952 4757 certaminis
975 4701 1120 4772 proposita
1141 4706 1227 4772 poeta
1250 4703 1335 4757 refert
1358 4703 1388 4757 P.
1408 4720 1563 4769 1110588.3

287 4774 411 4829 conferre
439 4791 550 4844 quoqne
577 4776 659 4829 iuvat
687 4774 813 4829 fabulam
837 4774 1002 4843 Atalantae,
1033 4790 1105 4843 quae
1133 4791 1197 4828 enm
1224 4774 1327 4828 multos
1354 4791 1454 4843 procos
1481 4792 1564 4828 cursu

288 4849 434 4914 superatos
452 4852 594 4916 necasset,
613 4846 782 4901 Melanionis
801 4846 866 4900 dolo
884 4846 961 4900 victa
977 4848 1028 4900 est.
1049 4876 1080 4885 -
1103 4851 1144 4900 73.
1164 4845 1270 4900 similia
1288 4846 1323 4899 de
1342 4847 1420 4901 Iamo
1439 4845 1563 4915 Neptuni
