<?xml version="1.0" encoding="UTF-8"?>
<!DOCTYPE html PUBLIC "-//W3C//DTD XHTML 1.0 Transitional//EN"
    "http://www.w3.org/TR/xhtml1/DTD/xhtml1-transitional.dtd">
<html xmlns="http://www.w3.org/1999/xhtml" xml:lang="en" lang="en">
 <head>
  <title>
</title>
<meta http-equiv="Content-Type" content="text/html;charset=utf-8" />
  <meta name='ocr-system' content='tesseract 3.04.00' />
  <meta name='ocr-capabilities' content='ocr_page ocr_carea ocr_par ocr_line ocrx_word'/>
</head>
<body>
  <div class='ocr_page' id='page_1' title='image "./pindaricarminap00chrigoog_0031.png"; bbox 0 0 3442 5550; ppageno 0'>
   <div class='ocr_carea' id='block_1_1' title="bbox 306 409 1090 466">
    <p class='ocr_par' dir='ltr' id='par_1_1' title="bbox 306 409 1090 466">
     <span class='ocr_line' id='line_1_1' title="bbox 306 409 1090 466; baseline 0.001 -2"><span class='ocrx_word' id='word_1_1' title='bbox 306 409 383 464; x_wconf 84' lang='lat' dir='ltr'>XXII</span> <span class='ocrx_word' id='word_1_2' title='bbox 811 412 1090 466; x_wconf 75' lang='lat' dir='ltr'>PROLEGOMENA.</span> 
     </span>
    </p>
   </div>
   <div class='ocr_carea' id='block_1_2' title="bbox 305 574 1593 1520">
    <p class='ocr_par' dir='ltr' id='par_1_2' title="bbox 305 574 1592 767">
     <span class='ocr_line' id='line_1_2' title="bbox 305 574 1592 660; baseline 0.002 -21"><span class='ocrx_word' id='word_1_3' title='bbox 305 575 403 659; x_wconf 93' lang='lat' dir='ltr'>idque</span> <span class='ocrx_word' id='word_1_4' title='bbox 427 597 466 640; x_wconf 90' lang='lat' dir='ltr'>eo</span> <span class='ocrx_word' id='word_1_5' title='bbox 490 574 613 660; x_wconf 91' lang='lat' dir='ltr'>minus,</span> <span class='ocrx_word' id='word_1_6' title='bbox 641 575 727 659; x_wconf 94' lang='lat' dir='ltr'>quod</span> <span class='ocrx_word' id='word_1_7' title='bbox 756 574 855 640; x_wconf 88' lang='lat' dir='ltr'>etiam</span> <span class='ocrx_word' id='word_1_8' title='bbox 877 574 913 640; x_wconf 90' lang='lat' dir='ltr'>in</span> <span class='ocrx_word' id='word_1_9' title='bbox 935 574 1050 640; x_wconf 87' lang='lat' dir='ltr'>mediis</span> <span class='ocrx_word' id='word_1_10' title='bbox 1074 574 1220 639; x_wconf 90' lang='lat' dir='ltr'>versibus</span> <span class='ocrx_word' id='word_1_11' title='bbox 1244 597 1358 639; x_wconf 88' lang='lat' dir='ltr'>cursus</span> <span class='ocrx_word' id='word_1_12' title='bbox 1381 596 1592 641; x_wconf 91' lang='lat' dir='ltr'>numerorum</span> 
     </span>
     <span class='ocr_line' id='line_1_3' title="bbox 308 680 1484 767; baseline -0.001 -20"><span class='ocrx_word' id='word_1_13' title='bbox 308 704 404 767; x_wconf 80' lang='lat' dir='ltr'>saepe</span> <span class='ocrx_word' id='word_1_14' title='bbox 429 682 514 767; x_wconf 87' lang='lat' dir='ltr'>apud</span> <span class='ocrx_word' id='word_1_15' title='bbox 536 680 728 767; x_wconf 80' lang='lat' dir='ltr'><strong>Pindarum,</strong></span> <span class='ocrx_word' id='word_1_16' title='bbox 751 688 788 747; x_wconf 94' lang='lat' dir='ltr'>ut</span> <span class='ocrx_word' id='word_1_17' title='bbox 812 705 910 767; x_wconf 90' lang='lat' dir='ltr'>supra</span> <span class='ocrx_word' id='word_1_18' title='bbox 932 683 999 747; x_wconf 92' lang='lat' dir='ltr'>iam</span> <span class='ocrx_word' id='word_1_19' title='bbox 1023 681 1176 766; x_wconf 83' lang='lat' dir='ltr'>vidimus,</span> <span class='ocrx_word' id='word_1_20' title='bbox 1199 681 1401 767; x_wconf 90' lang='lat' dir='ltr'>interruptus</span> <span class='ocrx_word' id='word_1_21' title='bbox 1425 688 1484 747; x_wconf 89' lang='lat' dir='ltr'>est.</span> 
     </span>
    </p>

    <p class='ocr_par' dir='ltr' id='par_1_3' title="bbox 308 787 1593 1520">
     <span class='ocr_line' id='line_1_4' title="bbox 397 787 1593 875; baseline 0 -21"><span class='ocrx_word' id='word_1_22' title='bbox 397 789 470 854; x_wconf 91' lang='lat' dir='ltr'>Hoc</span> <span class='ocrx_word' id='word_1_23' title='bbox 489 811 563 855; x_wconf 91' lang='lat' dir='ltr'>cum</span> <span class='ocrx_word' id='word_1_24' title='bbox 580 790 648 853; x_wconf 89' lang='lat' dir='ltr'>iam</span> <span class='ocrx_word' id='word_1_25' title='bbox 666 810 863 875; x_wconf 76' lang='lat' dir='ltr'><strong>magnopere</strong></span> <span class='ocrx_word' id='word_1_26' title='bbox 880 788 1020 855; x_wconf 89' lang='lat' dir='ltr'>circulos</span> <span class='ocrx_word' id='word_1_27' title='bbox 1033 788 1129 854; x_wconf 94' lang='lat' dir='ltr'>nobis</span> <span class='ocrx_word' id='word_1_28' title='bbox 1144 810 1256 853; x_wconf 85' lang='lat' dir='ltr'>versus</span> <span class='ocrx_word' id='word_1_29' title='bbox 1270 787 1402 853; x_wconf 88' lang='lat' dir='ltr'>Pindari</span> <span class='ocrx_word' id='word_1_30' title='bbox 1418 789 1593 855; x_wconf 87' lang='lat' dir='ltr'>discriben-</span> 
     </span>
     <span class='ocr_line' id='line_1_5' title="bbox 308 886 1593 983; baseline 0.001 -22"><span class='ocrx_word' id='word_1_31' title='bbox 308 898 397 962; x_wconf 88' lang='lat' dir='ltr'>tibus</span> <span class='ocrx_word' id='word_1_32' title='bbox 416 897 543 982; x_wconf 90' lang='lat' dir='ltr'>turbet,</span> <span class='ocrx_word' id='word_1_33' title='bbox 562 897 701 962; x_wconf 87' lang='lat' dir='ltr'>alterum</span> <span class='ocrx_word' id='word_1_34' title='bbox 719 886 914 982; x_wconf 83' lang='lat' dir='ltr'>scrupulum</span> <span class='ocrx_word' id='word_1_35' title='bbox 928 895 1028 961; x_wconf 87' lang='lat' dir='ltr'>menti</span> <span class='ocrx_word' id='word_1_36' title='bbox 1044 895 1145 961; x_wconf 90' lang='lat' dir='ltr'>obicit</span> <span class='ocrx_word' id='word_1_37' title='bbox 1160 895 1288 960; x_wconf 89' lang='lat' dir='ltr'>diversa</span> <span class='ocrx_word' id='word_1_38' title='bbox 1301 919 1453 961; x_wconf 83' lang='lat' dir='ltr'>versuum</span> <span class='ocrx_word' id='word_1_39' title='bbox 1469 898 1593 983; x_wconf 83' lang='lat' dir='ltr'>magni-</span> 
     </span>
     <span class='ocr_line' id='line_1_6' title="bbox 310 1002 1593 1088; baseline 0.001 -19"><span class='ocrx_word' id='word_1_40' title='bbox 310 1006 398 1070; x_wconf 92' lang='lat' dir='ltr'>tudo.</span> <span class='ocrx_word' id='word_1_41' title='bbox 435 1004 602 1070; x_wconf 84' lang='lat' dir='ltr'>Nonnulla</span> <span class='ocrx_word' id='word_1_42' title='bbox 621 1003 751 1088; x_wconf 91' lang='lat' dir='ltr'>quidem</span> <span class='ocrx_word' id='word_1_43' title='bbox 771 1005 915 1069; x_wconf 89' lang='lat' dir='ltr'>carmina</span> <span class='ocrx_word' id='word_1_44' title='bbox 933 1008 1023 1088; x_wconf 89' lang='lat' dir='ltr'>sunt,</span> <span class='ocrx_word' id='word_1_45' title='bbox 1047 1008 1084 1068; x_wconf 92' lang='lat' dir='ltr'>ut</span> <span class='ocrx_word' id='word_1_46' title='bbox 1103 1002 1273 1069; x_wconf 84' lang='lat' dir='ltr'>0.111.x11.</span> <span class='ocrx_word' id='word_1_47' title='bbox 1297 1002 1465 1069; x_wconf 85' lang='lat' dir='ltr'>P.1v.xn.</span> <span class='ocrx_word' id='word_1_48' title='bbox 1488 1002 1529 1069; x_wconf 91' lang='lat' dir='ltr'>N.</span> <span class='ocrx_word' id='word_1_49' title='bbox 1544 1024 1593 1070; x_wconf 91' lang='lat'>111.</span> 
     </span>
     <span class='ocr_line' id='line_1_7' title="bbox 311 1111 1592 1197; baseline -0.001 -20"><span class='ocrx_word' id='word_1_50' title='bbox 311 1132 357 1178; x_wconf 85' lang='lat' dir='ltr'>rx.</span> <span class='ocrx_word' id='word_1_51' title='bbox 372 1131 418 1178; x_wconf 78' lang='lat' dir='ltr'>xl.</span> <span class='ocrx_word' id='word_1_52' title='bbox 442 1112 467 1177; x_wconf 93' lang='grc' dir='ltr'>Ι.</span> <span class='ocrx_word' id='word_1_53' title='bbox 481 1131 515 1176; x_wconf 90' lang='lat'>11.</span> <span class='ocrx_word' id='word_1_54' title='bbox 530 1131 580 1196; x_wconf 77' lang='lat' dir='ltr'>Vl,</span> <span class='ocrx_word' id='word_1_55' title='bbox 601 1134 738 1196; x_wconf 89' lang='lat' dir='ltr'>quorum</span> <span class='ocrx_word' id='word_1_56' title='bbox 757 1134 869 1176; x_wconf 83' lang='lat' dir='ltr'>versus</span> <span class='ocrx_word' id='word_1_57' title='bbox 889 1111 1044 1176; x_wconf 88' lang='lat' dir='ltr'>siminus</span> <span class='ocrx_word' id='word_1_58' title='bbox 1062 1111 1164 1197; x_wconf 88' lang='lat' dir='ltr'>paris,</span> <span class='ocrx_word' id='word_1_59' title='bbox 1186 1117 1295 1175; x_wconf 88' lang='lat' dir='ltr'>tamen</span> <span class='ocrx_word' id='word_1_60' title='bbox 1314 1111 1429 1175; x_wconf 87' lang='lat' dir='ltr'>similis</span> <span class='ocrx_word' id='word_1_61' title='bbox 1450 1112 1592 1177; x_wconf 87' lang='lat' dir='ltr'>ambitus</span> 
     </span>
     <span class='ocr_line' id='line_1_8' title="bbox 310 1216 1593 1306; baseline -0.001 -21"><span class='ocrx_word' id='word_1_62' title='bbox 310 1221 390 1306; x_wconf 88' lang='lat' dir='ltr'>sint,</span> <span class='ocrx_word' id='word_1_63' title='bbox 419 1225 475 1284; x_wconf 87' lang='lat' dir='ltr'>aut</span> <span class='ocrx_word' id='word_1_64' title='bbox 503 1219 552 1284; x_wconf 93' lang='lat' dir='ltr'>ita</span> <span class='ocrx_word' id='word_1_65' title='bbox 579 1224 706 1284; x_wconf 90' lang='lat' dir='ltr'>tanturn</span> <span class='ocrx_word' id='word_1_66' title='bbox 732 1219 871 1303; x_wconf 75' lang='lat' dir='ltr'>varient,</span> <span class='ocrx_word' id='word_1_67' title='bbox 902 1224 940 1282; x_wconf 93' lang='lat' dir='ltr'>ut</span> <span class='ocrx_word' id='word_1_68' title='bbox 966 1240 1079 1283; x_wconf 86' lang='lat' dir='ltr'>versus</span> <span class='ocrx_word' id='word_1_69' title='bbox 1107 1216 1232 1302; x_wconf 91' lang='lat' dir='ltr'>primus</span> <span class='ocrx_word' id='word_1_70' title='bbox 1259 1223 1293 1283; x_wconf 91' lang='lat' dir='ltr'>et</span> <span class='ocrx_word' id='word_1_71' title='bbox 1319 1217 1454 1283; x_wconf 90' lang='lat' dir='ltr'>ultimus</span> <span class='ocrx_word' id='word_1_72' title='bbox 1483 1219 1544 1283; x_wconf 91' lang='lat' dir='ltr'>soli</span> <span class='ocrx_word' id='word_1_73' title='bbox 1573 1242 1593 1284; x_wconf 88' lang='lat' dir='ltr'>a</span> 
     </span>
     <span class='ocr_line' id='line_1_9' title="bbox 308 1324 1593 1414; baseline -0.002 -22"><span class='ocrx_word' id='word_1_74' title='bbox 308 1327 533 1414; x_wconf 80' lang='lat' dir='ltr'>magnitudine</span> <span class='ocrx_word' id='word_1_75' title='bbox 557 1326 756 1412; x_wconf 91' lang='lat' dir='ltr'>reliquorum</span> <span class='ocrx_word' id='word_1_76' title='bbox 780 1326 877 1410; x_wconf 87' lang='lat' dir='ltr'>paulo</span> <span class='ocrx_word' id='word_1_77' title='bbox 901 1325 1032 1412; x_wconf 83' lang='lat' dir='ltr'>lougius</span> <span class='ocrx_word' id='word_1_78' title='bbox 1056 1325 1214 1390; x_wconf 90' lang='lat' dir='ltr'>recedant.</span> <span class='ocrx_word' id='word_1_79' title='bbox 1257 1324 1391 1389; x_wconf 81' lang='lat' dir='ltr'>Atrion</span> <span class='ocrx_word' id='word_1_80' title='bbox 1414 1325 1531 1389; x_wconf 91' lang='lat' dir='ltr'>desunt</span> <span class='ocrx_word' id='word_1_81' title='bbox 1554 1347 1593 1389; x_wconf 88' lang='lat' dir='ltr'>ea</span> 
     </span>
     <span class='ocr_line' id='line_1_10' title="bbox 309 1431 1592 1520; baseline -0.002 -20"><span class='ocrx_word' id='word_1_82' title='bbox 309 1435 466 1520; x_wconf 88' lang='lat' dir='ltr'>carmina,</span> <span class='ocrx_word' id='word_1_83' title='bbox 494 1456 633 1519; x_wconf 92' lang='lat' dir='ltr'>quorum</span> <span class='ocrx_word' id='word_1_84' title='bbox 657 1455 770 1498; x_wconf 86' lang='lat' dir='ltr'>versus</span> <span class='ocrx_word' id='word_1_85' title='bbox 794 1432 874 1497; x_wconf 89' lang='lat' dir='ltr'>adeo</span> <span class='ocrx_word' id='word_1_86' title='bbox 899 1432 1042 1516; x_wconf 81' lang='lat' dir='ltr'>dispares</span> <span class='ocrx_word' id='word_1_87' title='bbox 1067 1432 1146 1516; x_wconf 86' lang='lat' dir='ltr'>sint,</span> <span class='ocrx_word' id='word_1_88' title='bbox 1173 1436 1212 1496; x_wconf 88' lang='lat' dir='ltr'>ut</span> <span class='ocrx_word' id='word_1_89' title='bbox 1235 1431 1488 1497; x_wconf 76' lang='lat' dir='ltr'>concinnitatem</span> <span class='ocrx_word' id='word_1_90' title='bbox 1512 1433 1592 1497; x_wconf 89' lang='lat' dir='ltr'>artis</span> 
     </span>
    </p>
   </div>
   <div class='ocr_carea' id='block_1_3' title="bbox 308 1537 1708 1626">
    <p class='ocr_par' dir='ltr' id='par_1_4' title="bbox 308 1537 1708 1626">
     <span class='ocr_line' id='line_1_11' title="bbox 308 1537 1708 1626; baseline -0.004 -18"><span class='ocrx_word' id='word_1_91' title='bbox 308 1548 342 1608; x_wconf 90' lang='lat' dir='ltr'>et</span> <span class='ocrx_word' id='word_1_92' title='bbox 374 1541 593 1607; x_wconf 86' lang='lat' dir='ltr'>constantiam</span> <span class='ocrx_word' id='word_1_93' title='bbox 620 1545 736 1626; x_wconf 89' lang='lat' dir='ltr'>poetae</span> <span class='ocrx_word' id='word_1_94' title='bbox 768 1560 964 1626; x_wconf 84' lang='lat' dir='ltr'>magnopere</span> <span class='ocrx_word' id='word_1_95' title='bbox 993 1539 1162 1604; x_wconf 84' lang='lat' dir='ltr'>desideres.</span> <span class='ocrx_word' id='word_1_96' title='bbox 1209 1537 1323 1622; x_wconf 89' lang='lat' dir='ltr'>Neque</span> <span class='ocrx_word' id='word_1_97' title='bbox 1352 1538 1458 1602; x_wconf 91' lang='lat' dir='ltr'>solum</span> <span class='ocrx_word' id='word_1_98' title='bbox 1485 1538 1594 1624; x_wconf 78' lang='lat' dir='ltr'>longis</span> <span class='ocrx_word' id='word_1_99' title='bbox 1704 1538 1708 1543; x_wconf 79' lang='grc'><strong>’</strong></span> 
     </span>
    </p>
   </div>
   <div class='ocr_carea' id='block_1_4' title="bbox 308 1645 1594 1947">
    <p class='ocr_par' dir='ltr' id='par_1_5' title="bbox 308 1645 1594 1947">
     <span class='ocr_line' id='line_1_12' title="bbox 311 1645 1594 1734; baseline -0.003 -20"><span class='ocrx_word' id='word_1_100' title='bbox 311 1649 458 1715; x_wconf 82' lang='lat' dir='ltr'>versibus</span> <span class='ocrx_word' id='word_1_101' title='bbox 478 1670 573 1734; x_wconf 86' lang='lat' dir='ltr'>saepe</span> <span class='ocrx_word' id='word_1_102' title='bbox 593 1648 707 1713; x_wconf 87' lang='lat' dir='ltr'>breves</span> <span class='ocrx_word' id='word_1_103' title='bbox 726 1653 894 1731; x_wconf 86' lang='lat' dir='ltr'>tamquam</span> <span class='ocrx_word' id='word_1_104' title='bbox 913 1645 1027 1730; x_wconf 91' lang='lat' dir='ltr'>proodi</span> <span class='ocrx_word' id='word_1_105' title='bbox 1046 1645 1217 1731; x_wconf 87' lang='lat' dir='ltr'>praemissi</span> <span class='ocrx_word' id='word_1_106' title='bbox 1237 1651 1294 1711; x_wconf 86' lang='lat' dir='ltr'>aut</span> <span class='ocrx_word' id='word_1_107' title='bbox 1311 1650 1480 1730; x_wconf 85' lang='lat' dir='ltr'>tamquam</span> <span class='ocrx_word' id='word_1_108' title='bbox 1498 1646 1594 1731; x_wconf 91' lang='lat' dir='ltr'>epodi</span> 
     </span>
     <span class='ocr_line' id='line_1_13' title="bbox 310 1752 1592 1842; baseline -0.004 -20"><span class='ocrx_word' id='word_1_109' title='bbox 310 1757 449 1823; x_wconf 87' lang='lat' dir='ltr'>subiecti</span> <span class='ocrx_word' id='word_1_110' title='bbox 473 1761 549 1820; x_wconf 89' lang='lat' dir='ltr'>sunt</span> <span class='ocrx_word' id='word_1_111' title='bbox 573 1754 624 1842; x_wconf 80' lang='grc' dir='ltr'>(Ο.</span> <span class='ocrx_word' id='word_1_112' title='bbox 643 1773 669 1818; x_wconf 88' lang='lat'>11</span> <span class='ocrx_word' id='word_1_113' title='bbox 692 1778 740 1840; x_wconf 90' lang='lat' dir='ltr'>ep.</span> <span class='ocrx_word' id='word_1_114' title='bbox 761 1755 790 1820; x_wconf 79' lang='lat'>6.</span> <span class='ocrx_word' id='word_1_115' title='bbox 814 1771 877 1817; x_wconf 84' lang='lat' dir='ltr'>vm</span> <span class='ocrx_word' id='word_1_116' title='bbox 900 1775 948 1837; x_wconf 91' lang='lat' dir='ltr'>ep.</span> <span class='ocrx_word' id='word_1_117' title='bbox 967 1756 998 1819; x_wconf 89' lang='grc'>4.</span> <span class='ocrx_word' id='word_1_118' title='bbox 1022 1770 1059 1816; x_wconf 84' lang='lat' dir='ltr'>rx</span> <span class='ocrx_word' id='word_1_119' title='bbox 1078 1757 1134 1818; x_wconf 88' lang='lat' dir='ltr'>str.</span> <span class='ocrx_word' id='word_1_120' title='bbox 1152 1756 1180 1817; x_wconf 92' lang='lat'>1.</span> <span class='ocrx_word' id='word_1_121' title='bbox 1208 1752 1243 1817; x_wconf 94' lang='lat' dir='ltr'>P.</span> <span class='ocrx_word' id='word_1_122' title='bbox 1262 1771 1301 1817; x_wconf 93' lang='lat'>111</span> <span class='ocrx_word' id='word_1_123' title='bbox 1320 1757 1377 1818; x_wconf 88' lang='lat' dir='ltr'>str.</span> <span class='ocrx_word' id='word_1_124' title='bbox 1393 1753 1421 1818; x_wconf 85' lang='lat'>3.</span> <span class='ocrx_word' id='word_1_125' title='bbox 1442 1770 1479 1815; x_wconf 83' lang='lat' dir='ltr'>lx</span> <span class='ocrx_word' id='word_1_126' title='bbox 1497 1775 1547 1837; x_wconf 94' lang='lat' dir='ltr'>ep.</span> <span class='ocrx_word' id='word_1_127' title='bbox 1564 1755 1592 1819; x_wconf 87' lang='lat'>8.</span> 
     </span>
     <span class='ocr_line' id='line_1_14' title="bbox 308 1858 1594 1947; baseline -0.003 -18"><span class='ocrx_word' id='word_1_128' title='bbox 308 1864 349 1929; x_wconf 92' lang='lat' dir='ltr'>N.</span> <span class='ocrx_word' id='word_1_129' title='bbox 364 1882 400 1928; x_wconf 86' lang='lat' dir='ltr'>vr</span> <span class='ocrx_word' id='word_1_130' title='bbox 420 1869 477 1928; x_wconf 91' lang='lat' dir='ltr'>str.</span> <span class='ocrx_word' id='word_1_131' title='bbox 495 1867 520 1927; x_wconf 90' lang='lat'>1.</span> <span class='ocrx_word' id='word_1_132' title='bbox 544 1862 568 1926; x_wconf 93' lang='lat' dir='ltr'>l.</span> <span class='ocrx_word' id='word_1_133' title='bbox 583 1880 622 1926; x_wconf 89' lang='lat'>111</span> <span class='ocrx_word' id='word_1_134' title='bbox 641 1884 690 1946; x_wconf 91' lang='lat' dir='ltr'>ep.</span> <span class='ocrx_word' id='word_1_135' title='bbox 705 1858 755 1947; x_wconf 80' lang='lat'>2),</span> <span class='ocrx_word' id='word_1_136' title='bbox 777 1861 810 1927; x_wconf 94' lang='lat' dir='ltr'>id</span> <span class='ocrx_word' id='word_1_137' title='bbox 830 1861 916 1945; x_wconf 92' lang='lat' dir='ltr'>quod</span> <span class='ocrx_word' id='word_1_138' title='bbox 933 1859 1044 1925; x_wconf 88' lang='lat' dir='ltr'>nescio</span> <span class='ocrx_word' id='word_1_139' title='bbox 1064 1882 1106 1924; x_wconf 92' lang='lat' dir='ltr'>an</span> <span class='ocrx_word' id='word_1_140' title='bbox 1124 1883 1226 1945; x_wconf 87' lang='lat' dir='ltr'>aequo</span> <span class='ocrx_word' id='word_1_141' title='bbox 1247 1860 1355 1925; x_wconf 90' lang='lat' dir='ltr'>animo</span> <span class='ocrx_word' id='word_1_142' title='bbox 1375 1860 1452 1924; x_wconf 90' lang='lat' dir='ltr'>ferri</span> <span class='ocrx_word' id='word_1_143' title='bbox 1467 1859 1594 1946; x_wconf 89' lang='lat' dir='ltr'>debeat,</span> 
     </span>
    </p>
   </div>
   <div class='ocr_carea' id='block_1_5' title="bbox 309 1967 1716 2054">
    <p class='ocr_par' dir='ltr' id='par_1_6' title="bbox 309 1967 1716 2054">
     <span class='ocr_line' id='line_1_15' title="bbox 309 1967 1716 2054; baseline -0.003 -19"><span class='ocrx_word' id='word_1_144' title='bbox 309 1971 364 2035; x_wconf 90' lang='lat' dir='ltr'>sed</span> <span class='ocrx_word' id='word_1_145' title='bbox 388 1969 487 2034; x_wconf 89' lang='lat' dir='ltr'>etiam</span> <span class='ocrx_word' id='word_1_146' title='bbox 510 1974 632 2033; x_wconf 90' lang='lat' dir='ltr'>temere</span> <span class='ocrx_word' id='word_1_147' title='bbox 655 1969 802 2034; x_wconf 83' lang='lat' dir='ltr'>versibus</span> <span class='ocrx_word' id='word_1_148' title='bbox 826 1968 969 2054; x_wconf 84' lang='lat' dir='ltr'>proceris</span> <span class='ocrx_word' id='word_1_149' title='bbox 993 1991 1032 2033; x_wconf 86' lang='lat' dir='ltr'>ex</span> <span class='ocrx_word' id='word_1_150' title='bbox 1056 1968 1181 2033; x_wconf 89' lang='lat' dir='ltr'>duobus</span> <span class='ocrx_word' id='word_1_151' title='bbox 1205 1967 1418 2052; x_wconf 89' lang='lat' dir='ltr'>pluribusque</span> <span class='ocrx_word' id='word_1_152' title='bbox 1437 1967 1593 2032; x_wconf 88' lang='lat' dir='ltr'>membris</span> <span class='ocrx_word' id='word_1_153' title='bbox 1711 2010 1716 2023; x_wconf 86' lang='lat'>·</span> 
     </span>
    </p>
   </div>
   <div class='ocr_carea' id='block_1_6' title="bbox 309 2074 1633 3019">
    <p class='ocr_par' dir='ltr' id='par_1_7' title="bbox 309 2074 1633 2912">
     <span class='ocr_line' id='line_1_16' title="bbox 309 2074 1594 2160; baseline -0.002 -18"><span class='ocrx_word' id='word_1_154' title='bbox 309 2075 536 2142; x_wconf 87' lang='lat' dir='ltr'>constantibus</span> <span class='ocrx_word' id='word_1_155' title='bbox 555 2076 753 2141; x_wconf 88' lang='lat' dir='ltr'>breviusculi</span> <span class='ocrx_word' id='word_1_156' title='bbox 773 2080 806 2140; x_wconf 88' lang='lat' dir='ltr'>et</span> <span class='ocrx_word' id='word_1_157' title='bbox 825 2074 988 2141; x_wconf 90' lang='lat' dir='ltr'>monocoli</span> <span class='ocrx_word' id='word_1_158' title='bbox 1006 2097 1119 2139; x_wconf 86' lang='lat' dir='ltr'>versus</span> <span class='ocrx_word' id='word_1_159' title='bbox 1137 2074 1319 2139; x_wconf 84' lang='lat' dir='ltr'>intermixti</span> <span class='ocrx_word' id='word_1_160' title='bbox 1338 2081 1428 2160; x_wconf 89' lang='lat' dir='ltr'>sunt,</span> <span class='ocrx_word' id='word_1_161' title='bbox 1448 2080 1485 2140; x_wconf 92' lang='lat' dir='ltr'>ut</span> <span class='ocrx_word' id='word_1_162' title='bbox 1499 2075 1594 2140; x_wconf 90' lang='lat' dir='ltr'>mira-</span> 
     </span>
     <span class='ocr_line' id='line_1_17' title="bbox 309 2182 1594 2267; baseline -0.002 -18"><span class='ocrx_word' id='word_1_163' title='bbox 309 2184 437 2249; x_wconf 88' lang='lat' dir='ltr'>bundus</span> <span class='ocrx_word' id='word_1_164' title='bbox 457 2206 607 2267; x_wconf 86' lang='lat' dir='ltr'>quaeras,</span> <span class='ocrx_word' id='word_1_165' title='bbox 627 2183 704 2266; x_wconf 92' lang='lat' dir='ltr'>quid</span> <span class='ocrx_word' id='word_1_166' title='bbox 723 2184 853 2248; x_wconf 90' lang='lat' dir='ltr'>tandem</span> <span class='ocrx_word' id='word_1_167' title='bbox 873 2182 1068 2246; x_wconf 76' lang='lat' dir='ltr'>‹liseriminis</span> <span class='ocrx_word' id='word_1_168' title='bbox 1086 2182 1173 2246; x_wconf 92' lang='lat' dir='ltr'>inter</span> <span class='ocrx_word' id='word_1_169' title='bbox 1191 2204 1321 2246; x_wconf 85' lang='lat' dir='ltr'>versum</span> <span class='ocrx_word' id='word_1_170' title='bbox 1339 2186 1373 2246; x_wconf 88' lang='lat' dir='ltr'>et</span> <span class='ocrx_word' id='word_1_171' title='bbox 1387 2183 1482 2247; x_wconf 88' lang='lat' dir='ltr'>colon</span> <span class='ocrx_word' id='word_1_172' title='bbox 1496 2183 1594 2247; x_wconf 90' lang='lat' dir='ltr'>iuter-</span> 
     </span>
     <span class='ocr_line' id='line_1_18' title="bbox 310 2289 1633 2375; baseline 0 -20"><span class='ocrx_word' id='word_1_173' title='bbox 310 2291 421 2355; x_wconf 89' lang='lat' dir='ltr'>cedere</span> <span class='ocrx_word' id='word_1_174' title='bbox 453 2295 551 2375; x_wconf 90' lang='lat' dir='ltr'>poeta</span> <span class='ocrx_word' id='word_1_175' title='bbox 584 2289 739 2374; x_wconf 84' lang='lat' dir='ltr'>voluerit,</span> <span class='ocrx_word' id='word_1_176' title='bbox 771 2294 805 2354; x_wconf 88' lang='lat' dir='ltr'>et</span> <span class='ocrx_word' id='word_1_177' title='bbox 835 2293 961 2354; x_wconf 86' lang='lat' dir='ltr'>veteres</span> <span class='ocrx_word' id='word_1_178' title='bbox 995 2289 1239 2375; x_wconf 86' lang='lat' dir='ltr'>grammaticos,</span> <span class='ocrx_word' id='word_1_179' title='bbox 1277 2289 1364 2373; x_wconf 91' lang='lat' dir='ltr'>quod</span> <span class='ocrx_word' id='word_1_180' title='bbox 1395 2290 1476 2355; x_wconf 90' lang='lat' dir='ltr'>fines</span> <span class='ocrx_word' id='word_1_181' title='bbox 1508 2289 1592 2355; x_wconf 90' lang='lat' dir='ltr'>istos</span> <span class='ocrx_word' id='word_1_182' title='bbox 1629 2325 1633 2332; x_wconf 92' lang='lat'><em>·</em></span> 
     </span>
     <span class='ocr_line' id='line_1_19' title="bbox 310 2396 1593 2483; baseline -0.001 -20"><span class='ocrx_word' id='word_1_183' title='bbox 310 2420 461 2463; x_wconf 90' lang='lat' dir='ltr'>versuum</span> <span class='ocrx_word' id='word_1_184' title='bbox 494 2402 527 2462; x_wconf 90' lang='lat' dir='ltr'>et</span> <span class='ocrx_word' id='word_1_185' title='bbox 559 2398 705 2462; x_wconf 90' lang='lat' dir='ltr'>colorum</span> <span class='ocrx_word' id='word_1_186' title='bbox 737 2420 870 2483; x_wconf 92' lang='lat' dir='ltr'>prorsus</span> <span class='ocrx_word' id='word_1_187' title='bbox 904 2396 1117 2481; x_wconf 86' lang='lat' dir='ltr'>confundant,</span> <span class='ocrx_word' id='word_1_188' title='bbox 1150 2397 1349 2461; x_wconf 85' lang='lat' dir='ltr'>excusandos</span> <span class='ocrx_word' id='word_1_189' title='bbox 1382 2419 1452 2461; x_wconf 89' lang='lat' dir='ltr'>esse</span> <span class='ocrx_word' id='word_1_190' title='bbox 1485 2399 1593 2462; x_wconf 82' lang='lat' dir='ltr'>duces.</span> 
     </span>
     <span class='ocr_line' id='line_1_20' title="bbox 311 2503 1594 2590; baseline -0.001 -21"><span class='ocrx_word' id='word_1_191' title='bbox 311 2504 425 2589; x_wconf 90' lang='lat' dir='ltr'>Neque</span> <span class='ocrx_word' id='word_1_192' title='bbox 448 2505 477 2569; x_wconf 93' lang='lat' dir='ltr'>is</span> <span class='ocrx_word' id='word_1_193' title='bbox 501 2527 587 2590; x_wconf 93' lang='lat' dir='ltr'>sum,</span> <span class='ocrx_word' id='word_1_194' title='bbox 614 2504 671 2590; x_wconf 89' lang='lat' dir='ltr'>qui</span> <span class='ocrx_word' id='word_1_195' title='bbox 693 2503 870 2569; x_wconf 89' lang='lat' dir='ltr'>Pindarum</span> <span class='ocrx_word' id='word_1_196' title='bbox 895 2504 983 2568; x_wconf 92' lang='lat' dir='ltr'>omni</span> <span class='ocrx_word' id='word_1_197' title='bbox 1007 2525 1045 2568; x_wconf 84' lang='lat' dir='ltr'>ex</span> <span class='ocrx_word' id='word_1_198' title='bbox 1068 2508 1161 2588; x_wconf 86' lang='lat' dir='ltr'>purte</span> <span class='ocrx_word' id='word_1_199' title='bbox 1185 2503 1355 2568; x_wconf 82' lang='lat' dir='ltr'>defendam</span> <span class='ocrx_word' id='word_1_200' title='bbox 1377 2504 1524 2589; x_wconf 91' lang='lat' dir='ltr'>nihilque</span> <span class='ocrx_word' id='word_1_201' title='bbox 1548 2505 1594 2568; x_wconf 92' lang='lat' dir='ltr'>in-</span> 
     </span>
     <span class='ocr_line' id='line_1_21' title="bbox 311 2610 1594 2697; baseline 0 -20"><span class='ocrx_word' id='word_1_202' title='bbox 311 2612 513 2677; x_wconf 85' lang='lat' dir='ltr'>constantiae</span> <span class='ocrx_word' id='word_1_203' title='bbox 546 2612 582 2675; x_wconf 94' lang='lat' dir='ltr'>in</span> <span class='ocrx_word' id='word_1_204' title='bbox 613 2611 762 2677; x_wconf 78' lang='lat' dir='ltr'>versibus</span> <span class='ocrx_word' id='word_1_205' title='bbox 794 2611 1016 2697; x_wconf 82' lang='lat' dir='ltr'>disiungendis</span> <span class='ocrx_word' id='word_1_206' title='bbox 1045 2610 1343 2697; x_wconf 83' lang='lat' dir='ltr'>coniungendisque</span> <span class='ocrx_word' id='word_1_207' title='bbox 1372 2613 1412 2676; x_wconf 89' lang='lat' dir='ltr'>ab</span> <span class='ocrx_word' id='word_1_208' title='bbox 1440 2634 1479 2676; x_wconf 90' lang='lat' dir='ltr'>eo</span> <span class='ocrx_word' id='word_1_209' title='bbox 1507 2634 1594 2677; x_wconf 90' lang='lat' dir='ltr'>com-</span> 
     </span>
     <span class='ocr_line' id='line_1_22' title="bbox 310 2717 1594 2803; baseline 0.001 -20"><span class='ocrx_word' id='word_1_210' title='bbox 310 2718 447 2783; x_wconf 90' lang='lat' dir='ltr'>missum</span> <span class='ocrx_word' id='word_1_211' title='bbox 470 2741 539 2783; x_wconf 90' lang='lat' dir='ltr'>esse</span> <span class='ocrx_word' id='word_1_212' title='bbox 563 2719 677 2785; x_wconf 89' lang='lat' dir='ltr'>dicam.</span> <span class='ocrx_word' id='word_1_213' title='bbox 718 2719 875 2783; x_wconf 87' lang='lat' dir='ltr'>Attamen</span> <span class='ocrx_word' id='word_1_214' title='bbox 897 2717 1015 2801; x_wconf 89' lang='lat' dir='ltr'>habeo,</span> <span class='ocrx_word' id='word_1_215' title='bbox 1040 2741 1104 2803; x_wconf 92' lang='lat' dir='ltr'>quo</span> <span class='ocrx_word' id='word_1_216' title='bbox 1128 2722 1161 2783; x_wconf 90' lang='lat' dir='ltr'>et</span> <span class='ocrx_word' id='word_1_217' title='bbox 1182 2718 1282 2782; x_wconf 87' lang='lat' dir='ltr'>istam</span> <span class='ocrx_word' id='word_1_218' title='bbox 1304 2717 1594 2784; x_wconf 90' lang='lat' dir='ltr'>inconcinnitatem</span> 
     </span>
     <span class='ocr_line' id='line_1_23' title="bbox 311 2824 1594 2912; baseline 0.002 -22"><span class='ocrx_word' id='word_1_219' title='bbox 311 2847 460 2891; x_wconf 84' lang='lat' dir='ltr'>excusem</span> <span class='ocrx_word' id='word_1_220' title='bbox 489 2829 522 2889; x_wconf 90' lang='lat' dir='ltr'>et</span> <span class='ocrx_word' id='word_1_221' title='bbox 550 2825 693 2891; x_wconf 88' lang='lat' dir='ltr'>rationes</span> <span class='ocrx_word' id='word_1_222' title='bbox 720 2825 755 2889; x_wconf 92' lang='lat' dir='ltr'>in</span> <span class='ocrx_word' id='word_1_223' title='bbox 782 2824 929 2890; x_wconf 82' lang='lat' dir='ltr'>versibus</span> <span class='ocrx_word' id='word_1_224' title='bbox 958 2825 1195 2891; x_wconf 90' lang='lat' dir='ltr'>constituendis</span> <span class='ocrx_word' id='word_1_225' title='bbox 1217 2825 1375 2891; x_wconf 89' lang='lat' dir='ltr'>ineundas</span> <span class='ocrx_word' id='word_1_226' title='bbox 1403 2827 1594 2912; x_wconf 89' lang='lat' dir='ltr'>compleam.</span> 
     </span>
    </p>

    <p class='ocr_par' dir='ltr' id='par_1_8' title="bbox 401 2930 1594 3019">
     <span class='ocr_line' id='line_1_24' title="bbox 401 2930 1594 3019; baseline 0.002 -22"><span class='ocrx_word' id='word_1_227' title='bbox 401 2930 485 2997; x_wconf 84' lang='lat' dir='ltr'>Sunt</span> <span class='ocrx_word' id='word_1_228' title='bbox 512 2931 598 2998; x_wconf 92' lang='lat' dir='ltr'>enim</span> <span class='ocrx_word' id='word_1_229' title='bbox 624 2954 690 2998; x_wconf 92' lang='lat' dir='ltr'>nou</span> <span class='ocrx_word' id='word_1_230' title='bbox 719 2954 830 2998; x_wconf 91' lang='lat' dir='ltr'>omncs</span> <span class='ocrx_word' id='word_1_231' title='bbox 858 2954 985 3017; x_wconf 82' lang='lat' dir='ltr'>versus,</span> <span class='ocrx_word' id='word_1_232' title='bbox 1012 2955 1094 3018; x_wconf 88' lang='lat' dir='ltr'>quos</span> <span class='ocrx_word' id='word_1_233' title='bbox 1122 2932 1308 2999; x_wconf 87' lang='lat' dir='ltr'>Boeckhius</span> <span class='ocrx_word' id='word_1_234' title='bbox 1336 2930 1483 3019; x_wconf 79' lang='lat' dir='ltr'>externa,</span> <span class='ocrx_word' id='word_1_235' title='bbox 1511 2957 1594 3019; x_wconf 90' lang='lat' dir='ltr'>quae</span> 
     </span>
    </p>
   </div>
   <div class='ocr_carea' id='block_1_7' title="bbox 223 3039 1596 3446">
    <p class='ocr_par' dir='ltr' id='par_1_9' title="bbox 223 3039 1596 3446">
     <span class='ocr_line' id='line_1_25' title="bbox 223 3039 1593 3131; baseline 0.003 -27"><span class='ocrx_word' id='word_1_236' title='bbox 223 3126 227 3131; x_wconf 84' lang='lat'>.</span> <span class='ocrx_word' id='word_1_237' title='bbox 312 3062 409 3125; x_wconf 89' lang='lat' dir='ltr'>supra</span> <span class='ocrx_word' id='word_1_238' title='bbox 437 3040 585 3126; x_wconf 79' lang='lat' dir='ltr'>exposui,</span> <span class='ocrx_word' id='word_1_239' title='bbox 612 3039 732 3104; x_wconf 91' lang='lat' dir='ltr'>indicia</span> <span class='ocrx_word' id='word_1_240' title='bbox 759 3045 891 3106; x_wconf 90' lang='lat' dir='ltr'>secutus</span> <span class='ocrx_word' id='word_1_241' title='bbox 920 3039 1105 3126; x_wconf 88' lang='lat' dir='ltr'>constituit,</span> <span class='ocrx_word' id='word_1_242' title='bbox 1134 3040 1222 3125; x_wconf 89' lang='lat' dir='ltr'>pleni</span> <span class='ocrx_word' id='word_1_243' title='bbox 1250 3046 1283 3106; x_wconf 93' lang='lat' dir='ltr'>et</span> <span class='ocrx_word' id='word_1_244' title='bbox 1310 3040 1460 3127; x_wconf 85' lang='lat' dir='ltr'>perfecti,</span> <span class='ocrx_word' id='word_1_245' title='bbox 1492 3042 1593 3108; x_wconf 91' lang='lat' dir='ltr'>immo</span> 
     </span>
     <span class='ocr_line' id='line_1_26' title="bbox 312 3138 1594 3232; baseline 0.004 -21"><span class='ocrx_word' id='word_1_246' title='bbox 312 3169 407 3232; x_wconf 91' lang='lat' dir='ltr'>saepe</span> <span class='ocrx_word' id='word_1_247' title='bbox 430 3148 494 3212; x_wconf 92' lang='lat' dir='ltr'>duo</span> <span class='ocrx_word' id='word_1_248' title='bbox 517 3148 568 3213; x_wconf 78' lang='lat' dir='ltr'>vel</span> <span class='ocrx_word' id='word_1_249' title='bbox 592 3147 692 3213; x_wconf 88' lang='lat' dir='ltr'>etiam</span> <span class='ocrx_word' id='word_1_250' title='bbox 716 3152 782 3212; x_wconf 89' lang='lat' dir='ltr'>tres</span> <span class='ocrx_word' id='word_1_251' title='bbox 805 3148 854 3211; x_wconf 91' lang='lat' dir='ltr'>ita</span> <span class='ocrx_word' id='word_1_252' title='bbox 875 3148 963 3213; x_wconf 88' lang='lat' dir='ltr'>inter</span> <span class='ocrx_word' id='word_1_253' title='bbox 986 3170 1020 3212; x_wconf 92' lang='lat' dir='ltr'>se</span> <span class='ocrx_word' id='word_1_254' title='bbox 1044 3148 1233 3230; x_wconf 88' lang='lat' dir='ltr'>cohaerent,</span> <span class='ocrx_word' id='word_1_255' title='bbox 1254 3138 1476 3213; x_wconf 42' lang='lat' dir='ltr'>ut‘ooniunoti</span> <span class='ocrx_word' id='word_1_256' title='bbox 1495 3172 1594 3216; x_wconf 89' lang='lat' dir='ltr'>unam</span> 
     </span>
     <span class='ocr_line' id='line_1_27' title="bbox 313 3252 1596 3340; baseline 0.003 -22"><span class='ocrx_word' id='word_1_257' title='bbox 313 3254 481 3338; x_wconf 89' lang='lat' dir='ltr'>periodum</span> <span class='ocrx_word' id='word_1_258' title='bbox 508 3255 660 3320; x_wconf 83' lang='lat' dir='ltr'>efficiant.</span> <span class='ocrx_word' id='word_1_259' title='bbox 707 3252 761 3320; x_wconf 81' lang='lat' dir='ltr'>Sic</span> <span class='ocrx_word' id='word_1_260' title='bbox 783 3253 818 3318; x_wconf 88' lang='lat' dir='ltr'>in</span> <span class='ocrx_word' id='word_1_261' title='bbox 841 3254 947 3339; x_wconf 91' lang='lat' dir='ltr'>prima</span> <span class='ocrx_word' id='word_1_262' title='bbox 970 3255 1032 3318; x_wconf 92' lang='lat' dir='ltr'>oda</span> <span class='ocrx_word' id='word_1_263' title='bbox 1055 3253 1225 3339; x_wconf 81' lang='lat' dir='ltr'>Olympios</span> <span class='ocrx_word' id='word_1_264' title='bbox 1249 3254 1366 3320; x_wconf 90' lang='lat' dir='ltr'>merito</span> <span class='ocrx_word' id='word_1_265' title='bbox 1390 3261 1426 3320; x_wconf 90' lang='lat' dir='ltr'>tu</span> <span class='ocrx_word' id='word_1_266' title='bbox 1450 3279 1596 3340; x_wconf 89' lang='lat' dir='ltr'>quaeras,</span> 
     </span>
     <span class='ocr_line' id='line_1_28' title="bbox 310 3360 1359 3446; baseline 0.003 -21"><span class='ocrx_word' id='word_1_267' title='bbox 310 3382 368 3425; x_wconf 89' lang='lat' dir='ltr'>cur</span> <span class='ocrx_word' id='word_1_268' title='bbox 390 3364 488 3444; x_wconf 89' lang='lat' dir='ltr'>poeta</span> <span class='ocrx_word' id='word_1_269' title='bbox 511 3361 575 3425; x_wconf 92' lang='lat' dir='ltr'>duo</span> <span class='ocrx_word' id='word_1_270' title='bbox 599 3361 704 3446; x_wconf 89' lang='lat' dir='ltr'>prima</span> <span class='ocrx_word' id='word_1_271' title='bbox 727 3360 856 3426; x_wconf 85' lang='lat' dir='ltr'>colaia</span> <span class='ocrx_word' id='word_1_272' title='bbox 879 3384 980 3426; x_wconf 92' lang='lat' dir='ltr'>unum</span> <span class='ocrx_word' id='word_1_273' title='bbox 1002 3383 1132 3426; x_wconf 83' lang='lat' dir='ltr'>versum</span> <span class='ocrx_word' id='word_1_274' title='bbox 1155 3362 1359 3428; x_wconf 86' lang='lat' dir='ltr'>coniunxerit</span> 
     </span>
    </p>
   </div>
   <div class='ocr_carea' id='block_1_8' title="bbox 737 3467 1203 3538">
    <p class='ocr_par' dir='ltr' id='par_1_10' title="bbox 737 3467 1203 3538">
     <span class='ocr_line' id='line_1_29' title="bbox 737 3467 1203 3538; baseline 0 -20"><span class='ocrx_word' id='word_1_275' title='bbox 737 3467 1203 3538; x_wconf 64' lang='lat' dir='ltr'>.².-v-u-&#39;LO-uv-ti,</span> 
     </span>
    </p>
   </div>
   <div class='ocr_carea' id='block_1_9' title="bbox 311 3573 1595 3767">
    <p class='ocr_par' dir='ltr' id='par_1_11' title="bbox 311 3573 1595 3767">
     <span class='ocr_line' id='line_1_30' title="bbox 311 3573 1595 3661; baseline 0.002 -22"><span class='ocrx_word' id='word_1_276' title='bbox 311 3573 383 3639; x_wconf 90' lang='lat' dir='ltr'>oola</span> <span class='ocrx_word' id='word_1_277' title='bbox 402 3575 552 3658; x_wconf 90' lang='lat' dir='ltr'>quintum</span> <span class='ocrx_word' id='word_1_278' title='bbox 571 3578 604 3639; x_wconf 92' lang='lat' dir='ltr'>et</span> <span class='ocrx_word' id='word_1_279' title='bbox 623 3580 750 3640; x_wconf 85' lang='lat' dir='ltr'>sextum</span> <span class='ocrx_word' id='word_1_280' title='bbox 768 3575 888 3642; x_wconf 86' lang='lat' dir='ltr'>veteris</span> <span class='ocrx_word' id='word_1_281' title='bbox 907 3574 1129 3652; x_wconf 88' lang='lat' dir='ltr'>colometriae‚</span> <span class='ocrx_word' id='word_1_282' title='bbox 1151 3575 1229 3640; x_wconf 88' lang='lat' dir='ltr'>licet</span> <span class='ocrx_word' id='word_1_283' title='bbox 1246 3576 1312 3641; x_wconf 88' lang='lat' dir='ltr'>illis</span> <span class='ocrx_word' id='word_1_284' title='bbox 1333 3576 1500 3641; x_wconf 86' lang='lat' dir='ltr'>simillima</span> <span class='ocrx_word' id='word_1_285' title='bbox 1519 3577 1595 3661; x_wconf 91' lang='lat' dir='ltr'>sint,</span> 
     </span>
     <span class='ocr_line' id='line_1_31' title="bbox 311 3681 1226 3767; baseline 0.001 -21"><span class='ocrx_word' id='word_1_286' title='bbox 311 3703 378 3765; x_wconf 85' lang='lat' dir='ltr'>pon</span> <span class='ocrx_word' id='word_1_287' title='bbox 401 3681 618 3767; x_wconf 87' lang='lat' dir='ltr'>coniunxerit,</span> <span class='ocrx_word' id='word_1_288' title='bbox 641 3683 696 3747; x_wconf 89' lang='lat' dir='ltr'>sed</span> <span class='ocrx_word' id='word_1_289' title='bbox 719 3683 755 3747; x_wconf 90' lang='lat' dir='ltr'>in</span> <span class='ocrx_word' id='word_1_290' title='bbox 778 3683 859 3748; x_wconf 91' lang='lat' dir='ltr'>duos</span> <span class='ocrx_word' id='word_1_291' title='bbox 882 3705 995 3749; x_wconf 82' lang='lat' dir='ltr'>versus</span> <span class='ocrx_word' id='word_1_292' title='bbox 1019 3681 1226 3766; x_wconf 89' lang='lat' dir='ltr'>discerpserit</span> 
     </span>
    </p>
   </div>
   <div class='ocr_carea' id='block_1_10' title="bbox 310 4002 1598 4950">
    <p class='ocr_par' dir='ltr' id='par_1_12' title="bbox 310 4002 1598 4950">
     <span class='ocr_line' id='line_1_32' title="bbox 310 4002 1595 4092; baseline 0.002 -23"><span class='ocrx_word' id='word_1_293' title='bbox 310 4002 424 4088; x_wconf 91' lang='lat' dir='ltr'>Neque</span> <span class='ocrx_word' id='word_1_294' title='bbox 452 4004 572 4068; x_wconf 81' lang='lat' dir='ltr'>erravit</span> <span class='ocrx_word' id='word_1_295' title='bbox 595 4002 793 4088; x_wconf 83' lang='lat' dir='ltr'>Boeclrhius,</span> <span class='ocrx_word' id='word_1_296' title='bbox 821 4005 907 4088; x_wconf 95' lang='lat' dir='ltr'>quod</span> <span class='ocrx_word' id='word_1_297' title='bbox 933 4005 1075 4092; x_wconf 83' lang='lat' dir='ltr'>vestigia</span> <span class='ocrx_word' id='word_1_298' title='bbox 1100 4009 1216 4091; x_wconf 84' lang='lat' dir='ltr'>poetae</span> <span class='ocrx_word' id='word_1_299' title='bbox 1245 4004 1349 4090; x_wconf 86' lang='lat' dir='ltr'>ipsius</span> <span class='ocrx_word' id='word_1_300' title='bbox 1377 4008 1507 4071; x_wconf 90' lang='lat' dir='ltr'>secutus</span> <span class='ocrx_word' id='word_1_301' title='bbox 1531 4006 1595 4071; x_wconf 90' lang='lat' dir='ltr'>duo</span> 
     </span>
     <span class='ocr_line' id='line_1_33' title="bbox 310 4110 1597 4198; baseline 0.002 -22"><span class='ocrx_word' id='word_1_302' title='bbox 310 4110 416 4197; x_wconf 88' lang='lat' dir='ltr'>prima</span> <span class='ocrx_word' id='word_1_303' title='bbox 444 4111 515 4176; x_wconf 88' lang='lat' dir='ltr'>oola</span> <span class='ocrx_word' id='word_1_304' title='bbox 542 4111 663 4176; x_wconf 89' lang='lat' dir='ltr'>reiecta</span> <span class='ocrx_word' id='word_1_305' title='bbox 690 4110 838 4177; x_wconf 90' lang='lat' dir='ltr'>codicum</span> <span class='ocrx_word' id='word_1_306' title='bbox 864 4112 1059 4178; x_wconf 87' lang='lat' dir='ltr'>auctoritate</span> <span class='ocrx_word' id='word_1_307' title='bbox 1082 4113 1117 4177; x_wconf 93' lang='lat' dir='ltr'>in</span> <span class='ocrx_word' id='word_1_308' title='bbox 1141 4135 1242 4177; x_wconf 91' lang='lat' dir='ltr'>unum</span> <span class='ocrx_word' id='word_1_309' title='bbox 1265 4134 1396 4177; x_wconf 84' lang='lat' dir='ltr'>versum</span> <span class='ocrx_word' id='word_1_310' title='bbox 1419 4113 1597 4198; x_wconf 87' lang='lat' dir='ltr'>coniunxit,</span> 
     </span>
     <span class='ocr_line' id='line_1_34' title="bbox 312 4218 1597 4306; baseline 0.002 -23"><span class='ocrx_word' id='word_1_311' title='bbox 312 4218 464 4303; x_wconf 88' lang='lat' dir='ltr'>quintum</span> <span class='ocrx_word' id='word_1_312' title='bbox 483 4223 516 4283; x_wconf 92' lang='lat' dir='ltr'>et</span> <span class='ocrx_word' id='word_1_313' title='bbox 535 4223 663 4284; x_wconf 88' lang='lat' dir='ltr'>sextum</span> <span class='ocrx_word' id='word_1_314' title='bbox 681 4241 747 4283; x_wconf 89' lang='lat' dir='ltr'>uon</span> <span class='ocrx_word' id='word_1_315' title='bbox 765 4219 854 4284; x_wconf 87' lang='lat' dir='ltr'>itern.</span> <span class='ocrx_word' id='word_1_316' title='bbox 887 4219 927 4284; x_wconf 90' lang='lat' dir='ltr'>In</span> <span class='ocrx_word' id='word_1_317' title='bbox 945 4221 1009 4285; x_wconf 91' lang='lat' dir='ltr'>fine</span> <span class='ocrx_word' id='word_1_318' title='bbox 1028 4220 1115 4284; x_wconf 90' lang='lat' dir='ltr'>enim</span> <span class='ocrx_word' id='word_1_319' title='bbox 1134 4220 1241 4304; x_wconf 88' lang='lat' dir='ltr'>quinti</span> <span class='ocrx_word' id='word_1_320' title='bbox 1256 4220 1319 4285; x_wconf 91' lang='lat' dir='ltr'>coli</span> <span class='ocrx_word' id='word_1_321' title='bbox 1333 4224 1450 4304; x_wconf 88' lang='lat' dir='ltr'>quater</span> <span class='ocrx_word' id='word_1_322' title='bbox 1464 4218 1528 4306; x_wconf 88' lang='lat' dir='ltr'><strong>(vv.</strong></span> <span class='ocrx_word' id='word_1_323' title='bbox 1545 4221 1597 4286; x_wconf 87' lang='lat'>33.</span> 
     </span>
     <span class='ocr_line' id='line_1_35' title="bbox 311 4323 1597 4413; baseline 0.001 -23"><span class='ocrx_word' id='word_1_324' title='bbox 311 4327 363 4390; x_wconf 82' lang='lat'>44.</span> <span class='ocrx_word' id='word_1_325' title='bbox 384 4327 434 4391; x_wconf 82' lang='grc'>74.</span> <span class='ocrx_word' id='word_1_326' title='bbox 456 4323 534 4413; x_wconf 82' lang='grc'>104)</span> <span class='ocrx_word' id='word_1_327' title='bbox 557 4327 707 4392; x_wconf 88' lang='lat' dir='ltr'>licentiae</span> <span class='ocrx_word' id='word_1_328' title='bbox 732 4327 876 4413; x_wconf 85' lang='lat' dir='ltr'>syllabae</span> <span class='ocrx_word' id='word_1_329' title='bbox 900 4326 1052 4412; x_wconf 88' lang='lat' dir='ltr'>ancipitis</span> <span class='ocrx_word' id='word_1_330' title='bbox 1077 4332 1109 4391; x_wconf 91' lang='lat' dir='ltr'>et</span> <span class='ocrx_word' id='word_1_331' title='bbox 1132 4326 1243 4392; x_wconf 90' lang='lat' dir='ltr'>hiatus</span> <span class='ocrx_word' id='word_1_332' title='bbox 1268 4326 1428 4391; x_wconf 91' lang='lat' dir='ltr'>admissae</span> <span class='ocrx_word' id='word_1_333' title='bbox 1449 4333 1538 4410; x_wconf 88' lang='lat' dir='ltr'>sunt,</span> <span class='ocrx_word' id='word_1_334' title='bbox 1561 4327 1597 4391; x_wconf 91' lang='lat' dir='ltr'>in</span> 
     </span>
     <span class='ocr_line' id='line_1_36' title="bbox 311 4432 1596 4521; baseline 0.002 -24"><span class='ocrx_word' id='word_1_335' title='bbox 311 4432 374 4497; x_wconf 90' lang='lat' dir='ltr'>fine</span> <span class='ocrx_word' id='word_1_336' title='bbox 397 4433 495 4519; x_wconf 88' lang='lat' dir='ltr'>primi</span> <span class='ocrx_word' id='word_1_337' title='bbox 516 4433 596 4499; x_wconf 90' lang='lat' dir='ltr'>adeo</span> <span class='ocrx_word' id='word_1_338' title='bbox 615 4457 790 4519; x_wconf 89' lang='lat' dir='ltr'>nusquam,</span> <span class='ocrx_word' id='word_1_339' title='bbox 813 4439 850 4498; x_wconf 91' lang='lat' dir='ltr'>ut</span> <span class='ocrx_word' id='word_1_340' title='bbox 869 4439 920 4498; x_wconf 89' lang='lat' dir='ltr'>ter</span> <span class='ocrx_word' id='word_1_341' title='bbox 938 4432 1002 4521; x_wconf 86' lang='lat' dir='ltr'><strong>(vv.</strong></span> <span class='ocrx_word' id='word_1_342' title='bbox 1018 4434 1069 4499; x_wconf 85' lang='lat'>31.</span> <span class='ocrx_word' id='word_1_343' title='bbox 1088 4432 1446 4520; x_wconf 74' lang='lat' dir='ltr'>72.102)neverbum</span> <span class='ocrx_word' id='word_1_344' title='bbox 1467 4434 1596 4519; x_wconf 89' lang='lat' dir='ltr'>quidem</span> 
     </span>
     <span class='ocr_line' id='line_1_37' title="bbox 310 4540 1595 4625; baseline 0 -19"><span class='ocrx_word' id='word_1_345' title='bbox 310 4541 345 4606; x_wconf 91' lang='lat' dir='ltr'>in</span> <span class='ocrx_word' id='word_1_346' title='bbox 367 4541 430 4605; x_wconf 88' lang='lat' dir='ltr'>fine</span> <span class='ocrx_word' id='word_1_347' title='bbox 453 4541 571 4625; x_wconf 90' lang='lat' dir='ltr'>prioris</span> <span class='ocrx_word' id='word_1_348' title='bbox 596 4542 659 4606; x_wconf 94' lang='lat' dir='ltr'>coli</span> <span class='ocrx_word' id='word_1_349' title='bbox 682 4542 811 4606; x_wconf 89' lang='lat' dir='ltr'>finitum</span> <span class='ocrx_word' id='word_1_350' title='bbox 835 4541 887 4606; x_wconf 89' lang='lat' dir='ltr'>sit.</span> <span class='ocrx_word' id='word_1_351' title='bbox 932 4540 1019 4605; x_wconf 93' lang='lat' dir='ltr'>Illud</span> <span class='ocrx_word' id='word_1_352' title='bbox 1042 4545 1153 4606; x_wconf 88' lang='lat' dir='ltr'>tamen</span> <span class='ocrx_word' id='word_1_353' title='bbox 1175 4546 1298 4625; x_wconf 86' lang='lat' dir='ltr'>manet,</span> <span class='ocrx_word' id='word_1_354' title='bbox 1321 4562 1434 4606; x_wconf 86' lang='lat' dir='ltr'>versus</span> <span class='ocrx_word' id='word_1_355' title='bbox 1459 4542 1595 4606; x_wconf 89' lang='lat' dir='ltr'>tertium</span> 
     </span>
     <span class='ocr_line' id='line_1_38' title="bbox 311 4647 1596 4733; baseline -0.001 -20"><span class='ocrx_word' id='word_1_356' title='bbox 311 4652 344 4713; x_wconf 87' lang='lat' dir='ltr'>et</span> <span class='ocrx_word' id='word_1_357' title='bbox 371 4651 537 4731; x_wconf 90' lang='lat' dir='ltr'>quartum,</span> <span class='ocrx_word' id='word_1_358' title='bbox 565 4649 713 4733; x_wconf 82' lang='lat' dir='ltr'>quamvis</span> <span class='ocrx_word' id='word_1_359' title='bbox 741 4647 881 4713; x_wconf 89' lang='lat' dir='ltr'>licentiis</span> <span class='ocrx_word' id='word_1_360' title='bbox 909 4647 983 4713; x_wconf 92' lang='lat' dir='ltr'>istis</span> <span class='ocrx_word' id='word_1_361' title='bbox 1006 4648 1160 4713; x_wconf 90' lang='lat' dir='ltr'>disiuncti</span> <span class='ocrx_word' id='word_1_362' title='bbox 1184 4647 1264 4731; x_wconf 88' lang='lat' dir='ltr'>sint,</span> <span class='ocrx_word' id='word_1_363' title='bbox 1292 4652 1416 4733; x_wconf 88' lang='lat' dir='ltr'>tamen,</span> <span class='ocrx_word' id='word_1_364' title='bbox 1443 4671 1596 4713; x_wconf 87' lang='lat' dir='ltr'>numeros</span> 
     </span>
     <span class='ocr_line' id='line_1_39' title="bbox 311 4755 1596 4840; baseline -0.001 -20"><span class='ocrx_word' id='word_1_365' title='bbox 311 4755 340 4820; x_wconf 88' lang='lat' dir='ltr'>si</span> <span class='ocrx_word' id='word_1_366' title='bbox 372 4758 513 4839; x_wconf 89' lang='lat' dir='ltr'>spectes,</span> <span class='ocrx_word' id='word_1_367' title='bbox 544 4776 611 4819; x_wconf 90' lang='lat' dir='ltr'>non</span> <span class='ocrx_word' id='word_1_368' title='bbox 643 4756 750 4819; x_wconf 90' lang='lat' dir='ltr'>minus</span> <span class='ocrx_word' id='word_1_369' title='bbox 783 4776 881 4838; x_wconf 91' lang='lat' dir='ltr'>quam</span> <span class='ocrx_word' id='word_1_370' title='bbox 913 4756 976 4820; x_wconf 94' lang='lat' dir='ltr'>duo</span> <span class='ocrx_word' id='word_1_371' title='bbox 1013 4755 1119 4840; x_wconf 92' lang='lat' dir='ltr'>prima</span> <span class='ocrx_word' id='word_1_372' title='bbox 1152 4755 1225 4820; x_wconf 89' lang='lat' dir='ltr'>cola</span> <span class='ocrx_word' id='word_1_373' title='bbox 1257 4755 1410 4840; x_wconf 88' lang='lat' dir='ltr'>strophae</span> <span class='ocrx_word' id='word_1_374' title='bbox 1443 4756 1529 4820; x_wconf 89' lang='lat' dir='ltr'>inter</span> <span class='ocrx_word' id='word_1_375' title='bbox 1562 4778 1596 4820; x_wconf 94' lang='lat' dir='ltr'>se</span> 
     </span>
     <span class='ocr_line' id='line_1_40' title="bbox 314 4860 1598 4950; baseline -0.003 -20"><span class='ocrx_word' id='word_1_376' title='bbox 314 4862 487 4930; x_wconf 85' lang='lat' dir='ltr'>cohaerere</span> <span class='ocrx_word' id='word_1_377' title='bbox 517 4867 550 4928; x_wconf 91' lang='lat' dir='ltr'>et</span> <span class='ocrx_word' id='word_1_378' title='bbox 578 4866 688 4949; x_wconf 90' lang='lat' dir='ltr'>partes</span> <span class='ocrx_word' id='word_1_379' title='bbox 716 4861 812 4926; x_wconf 89' lang='lat' dir='ltr'>unius</span> <span class='ocrx_word' id='word_1_380' title='bbox 840 4860 1043 4946; x_wconf 83' lang='lat' dir='ltr'>rhythmicae</span> <span class='ocrx_word' id='word_1_381' title='bbox 1070 4860 1195 4950; x_wconf 91' lang='lat' dir='ltr'>periodi</span> <span class='ocrx_word' id='word_1_382' title='bbox 1225 4861 1360 4927; x_wconf 86' lang='lat' dir='ltr'>efficere.</span> <span class='ocrx_word' id='word_1_383' title='bbox 1406 4861 1516 4947; x_wconf 82' lang='lat' dir='ltr'>Atque</span> <span class='ocrx_word' id='word_1_384' title='bbox 1544 4862 1598 4926; x_wconf 90' lang='lat' dir='ltr'>hic</span> 
     </span>
    </p>
   </div>
   <div class='ocr_carea' id='block_1_11' title="bbox 0 0 1730 5550">
    <p class='ocr_par' dir='ltr' id='par_1_13' title="bbox 0 0 1730 5550">
     <span class='ocr_line' id='line_1_41' title="bbox 0 0 1730 5550; baseline 0 0"><span class='ocrx_word' id='word_1_385' title='bbox 0 0 1730 5550; x_wconf 95' lang='lat' dir='ltr'> </span> 
     </span>
    </p>
   </div>
  </div>
 </body>
</html>
