3442 5550
720 387 867 437 rsrnum
888 389 924 437 vr
944 386 999 457 [1],
1434 386 1499 449 359

228 554 403 612 meditatum
432 573 495 613 esse
523 556 613 630 poeta
635 575 662 613 v.
684 565 698 613 λ
723 554 848 631 indicat,
876 556 990 613 aestate
1019 555 1149 614 eiusdem
1178 555 1249 614 anni
1277 555 1384 632 agendi
1408 555 1499 616 insta·

226 643 305 701 bant.
348 644 452 719 Neque
477 648 577 702 tamen
596 642 737 720 Olympia
761 644 922 720 Lamponia
945 643 998 701 lilii
1022 644 1166 721 vicerunt,
1190 664 1243 703 seu
1265 644 1379 704 bellicis
1402 645 1499 704 turbis

224 736 260 788 ut
283 733 317 790 de
342 732 464 791 consilio
489 732 664 792 desisterent
687 733 828 792 commoti
851 736 930 811 sunt,
955 752 1007 792 seu
1026 733 1123 810 finem,
1147 753 1236 809 quem
1259 733 1315 793 sibi
1339 753 1499 810 proposue-

223 824 304 897 rant,
328 841 385 880 non
410 821 585 900 attigerunt.

310 910 346 968 In
374 911 527 986 splendido
555 912 705 987 prooemio
735 912 887 970 Musarum
916 910 1096 969 carminibus
1124 931 1193 970 cum
1220 912 1337 987 poculis
1367 912 1498 972 convivii

223 998 361 1058 similiter
390 1004 481 1076 atque
512 1001 542 1058 in
571 1000 627 1060 oda
651 999 749 1060 0.v11
771 1000 964 1077 comparatiS,
995 1019 1073 1059 nunc
1104 1001 1192 1060 alteri
1222 1000 1365 1060 victoriae
1394 1001 1499 1060 domus

223 1088 384 1164 Lamponia
412 1109 443 1159 se
470 1089 564 1147 libare
593 1093 624 1147 et
651 1110 719 1149 mox
751 1089 843 1148 etiam
876 1089 984 1148 tertiae
1016 1090 1103 1165 eique
1135 1089 1242 1149 maiori
1274 1090 1441 1149 libaturum
1468 1111 1498 1151 se

221 1196 339 1254 sperare
369 1178 442 1238 dicit
469 1169 577 1258 (1-9).
624 1179 688 1237 Iam
716 1179 860 1238 felicitate
888 1178 1049 1255 Lamponia
1077 1179 1251 1255 praedicata
1279 1183 1310 1239 et
1332 1179 1390 1256 piis
1419 1180 1498 1239 votis

223 1286 276 1342 pro
311 1266 375 1325 eius
406 1268 502 1325 salute
533 1267 620 1326 factis
651 1261 785 1349 (ιο-18)
817 1267 920 1328 statim
950 1267 988 1325 ad
1020 1268 1050 1325 id
1083 1268 1205 1345 transit,
1237 1268 1318 1345 quod
1351 1269 1498 1347 Aeginam

222 1356 352 1415 insulam
376 1356 498 1416 obeunti
522 1357 578 1415 sibi
601 1356 742 1416 sollemne
766 1376 828 1417 esse
852 1357 904 1435 ait,
923 1359 959 1414 ut
977 1357 1104 1434 gloriam
1128 1357 1327 1417 Aeacidarum
1351 1361 1414 1416 tam
1437 1359 1498 1418 late

223 1445 374 1524 diffusam,
403 1449 439 1505 ut
466 1446 551 1504 nulla
577 1445 649 1505 urbs
679 1448 742 1504 tam
764 1446 892 1505 barbara
915 1447 967 1522 sit,
997 1465 1075 1521 quae
1098 1465 1157 1506 non
1181 1446 1217 1505 de
1240 1447 1329 1506 Peleo
1354 1449 1384 1505 et
1407 1447 1498 1507 Aiace

222 1537 252 1593 et
275 1535 435 1595 Telamone
466 1535 627 1611 audiverit,
655 1536 807 1611 praedicet
833 1526 978 1616 (le—27).
1023 1535 1069 1592 Ex
1097 1534 1201 1594 multis
1229 1538 1330 1595 autem
1352 1535 1441 1595 rebus
1461 1535 1497 1595 ab

222 1623 360 1682 Aeacidis
385 1624 458 1683 bene
486 1625 578 1701 gestis
605 1643 698 1682 unam
725 1628 815 1701 poeta
843 1623 951 1702 selegit
977 1623 1074 1683 fusius
1102 1625 1295 1703 narrandam,
1323 1624 1497 1684 societatem

222 1713 390 1790 Aeginetici
413 1713 510 1772 herois
534 1713 571 1770 ab
594 1713 722 1773 Hercule
746 1714 914 1789 quaesitam
937 1705 1081 1793 (re-34).
1128 1712 1238 1789 Lepide
1269 1712 1364 1790 igitur
1392 1719 1496 1773 narrat

222 1802 389 1878 Herculem,
413 1821 480 1861 cum
504 1806 662 1862 coenantes
686 1803 849 1880 Aeginetae
872 1802 1066 1879 convenisset,
1089 1805 1225 1878 pateram
1248 1802 1310 1861 vini
1334 1803 1496 1878 plenama

222 1891 381 1951 Telamone
406 1891 539 1951 oblatam
562 1892 708 1969 accepisse
733 1895 763 1951 et
785 1892 924 1951 manibus
948 1891 985 1949 ad
1009 1892 1125 1950 caelum
1153 1891 1293 1968 sublatis,
1321 1895 1357 1949 ut
1383 1892 1495 1968 hospiti

221 1999 256 2038 ex
274 1980 403 2040 Eriboea
421 1981 500 2040 filius
524 1981 675 2040 animosus
698 1984 911 2057 nascereretur,
934 1984 1088 2056 precatum
1112 1998 1183 2057 esse,
1208 2000 1267 2057 quo
1291 1982 1370 2039 facto
1394 1980 1495 2040 lovem

222 2070 355 2128 faustum
371 2070 533 2147 augurium
549 2070 667 2146 aquilae
683 2061 809 2150 (αἰετοῦ)
824 2070 948 2147 misisse,
963 2090 998 2128 ex
1013 2089 1072 2145 quo
1087 2069 1168 2128 filius
1187 2070 1309 2128 futurus
1325 2069 1495 2128 Telamonis

220 2178 329 2218 nomen
348 2160 479 2218 traheret
498 2151 641 2240 (35-56).
678 2159 743 2219 Hae
762 2158 866 2218 fabula
885 2163 1008 2217 narrata
1031 2159 1068 2216 ad
1091 2178 1138 2218 res
1161 2162 1341 2235 praesentes,
1366 2177 1495 2234 quarum

220 2267 311 2307 causa
335 2248 466 2307 adscitus
491 2251 568 2324 erat,
592 2248 670 2306 redit
692 2248 857 2325 laudatque
881 2247 1062 2323 Phylacidae
1086 2248 1278 2324 Pytheaeque
1307 2249 1437 2306 fratrum
1464 2251 1495 2306 et

219 2337 417 2412 Euthymenis
445 2337 587 2396 avunculi
613 2337 767 2413 victorias,
800 2337 927 2413 denique
956 2337 1047 2396 etiam
1080 2336 1237 2395 Themistii
1270 2336 1318 2396 avi
1351 2335 1494 2396 virtutem

220 2425 320 2503 tangit
343 2428 374 2484 et
396 2425 542 2501 prolixius
573 2426 734 2502 Lamponis
762 2426 856 2502 patris
880 2426 1010 2484 tiliorum
1034 2427 1072 2484 ad
1095 2426 1305 2484 strenuitatem
1329 2425 1494 2484 institutio·

219 2535 295 2593 nem,
314 2515 561 2593 hospitalitatem,
580 2515 757 2574 modestiam
775 2515 852 2575 dono
871 2515 1026 2574 Musarum
1045 2516 1083 2573 ad
1101 2515 1261 2575 Dircaeum
1281 2516 1395 2574 sontem
1413 2515 1494 2576 facto

218 2605 409 2681 persequitur
431 2596 565 2684 (tt-tol

569 2652 574 2662 ι

553 2666 561 2684 ,a

764 2704 809 2770 De
832 2705 953 2771 metris.

307 2818 378 2877 Tria
405 2818 538 2877 carmina
565 2818 595 2876 in
623 2819 764 2877 honorem
792 2817 921 2877 liliorum
949 2817 1110 2893 Lamponia
1133 2818 1298 2895 Aeginetae
1327 2819 1494 2895 composita

218 2928 286 2966 eum
310 2908 410 2966 emnia
433 2907 725 2983 dactylo-epitriticis
748 2906 882 2965 versibus
906 2910 1058 2982 constent,
1082 2906 1137 2965 hoc
1160 2926 1278 2964 cannen
1302 2912 1338 2964 ut
1362 2912 1494 2983 ternpore

217 2997 348 3056 medium
377 3001 435 3073 est,
464 2997 507 3054 ita
535 2996 666 3054 numeris
694 3015 813 3071 quoque
838 2996 915 3053 inter
938 2995 1174 3054 mediocritatem
1198 2994 1316 3053 Isthmii
1340 2995 1439 3071 quinti
1463 2999 1494 3055 et

218 3086 436 3144 sublimitatem
458 3086 564 3144 Ncmei
587 3084 686 3160 quinti
710 3083 841 3142 medium
865 3084 962 3143 locum
982 3084 1104 3143 obtinet.
1143 3083 1254 3142 Versus
1272 3083 1397 3160 quintus
1417 3088 1493 3144 stro-

217 3175 294 3250 phae
324 3175 506 3252 monocolos,
537 3175 562 3232 si
592 3173 771 3233 sententiam
801 3176 930 3250 spectas,
960 3174 1047 3233 modo
1078 3173 1231 3232 clausulae
1261 3172 1325 3232 vice
1355 3172 1495 3251 fungitur

219 3258 279 3343 (vv.
296 3276 338 3322 30.
354 3256 411 3344 64),
431 3263 518 3323 modo
538 3282 647 3323 novam
666 3263 845 3322 sententiam
864 3262 984 3321 inchoat
1003 3254 1065 3343 (vv.
1081 3273 1104 3320 5.
1123 3274 1163 3320 14.
1179 3273 1221 3321 39.
1238 3254 1296 3343 οῦ),
1316 3262 1341 3320 ai
1360 3262 1493 3339 rhythmi

216 3353 447 3412 continuitatem
471 3355 600 3430 spactaS,
631 3371 698 3411 curn
723 3357 831 3427 quarto
854 3369 942 3410 versu
964 3351 995 3409 in
1018 3370 1111 3410 unam
1133 3351 1289 3428 periodum
1312 3351 1494 3430 coniungen-

217 3443 273 3500 dus
296 3447 349 3500 est.
387 3442 548 3500 Cantatum
572 3461 634 3500 esse
658 3441 713 3500 hoc
737 3459 855 3499 carmen
878 3440 909 3498 in
932 3440 1079 3518 convivio,
1103 3444 1133 3499 et
1155 3440 1379 3517 comparatione
1403 3441 1493 3501 dono·

140 3518 143 3525 i
216 3551 283 3589 rum
310 3531 464 3589 Musarum
493 3550 561 3588 cum
588 3534 701 3589 cratere
729 3529 859 3589 convivii
884 3522 924 3608 (v.
946 3522 1029 3609 1-3)
1071 3533 1084 3587 t
1112 3530 1270 3605 praeconio
1294 3529 1433 3588 Herculis
1456 3529 1492 3590 de

217 3620 376 3679 Telamone
400 3619 526 3678 conviva
554 3619 633 3678 facto
658 3611 793 3699 (35-ὁὸ)
817 3618 1019 3695 significatum
1047 3622 1100 3682 est.
1148 3618 1293 3677 Pindarus
1321 3638 1392 3676 num
1420 3618 1492 3698 ipsc,

215 3713 252 3766 ut
280 3709 402 3767 chorum
430 3708 549 3766 doceret
576 3708 838 3784 comissationique
869 3708 1037 3784 interesset,
1066 3706 1174 3765 Thebis
1198 3699 1345 3785 Aeginam
1369 3707 1493 3785 venerit,

216 3797 342 3856 dubium
365 3802 423 3869 est3
447 3797 629 3856 contrarium
654 3797 732 3855 enim
755 3816 844 3856 versu
864 3809 897 3855 74
916 3797 1041 3856 indicari
1060 3804 1090 3856 et
1108 3795 1255 3855 bellorum
1275 3801 1341 3855 tum
1365 3797 1493 3856 maxime

217 3886 396 3947 serventium
420 3886 516 3944 turbis
539 3886 739 3946 commendari
762 3886 889 3945 videtur.

272 4042 460 4117 Θάλλοντος
483 4041 616 4127 ἀνδρῶν
640 4042 684 4118 ὡς
706 4041 758 4105 ὅτε
783 4043 969 4125 συμποσίου
1296 4045 1375 4124 Στρ.
1394 4039 1437 4104 α’.

270 4151 427 4231 δεύτερον
450 4157 596 4233 κρατῆρα
621 4152 797 4213 ,Μοισαίων
820 4146 945 4232 μελέων

287 4362 368 4395 vnum
388 4360 492 4396 necrro.
530 4342 613 4395 Inscr.
634 4358 679 4394 om
698 4341 761 4394 BD
781 4372 811 4380 -
832 4340 937 4394 Schol:
956 4336 1104 4407 πεποίηται
1126 4338 1141 4391 t
1160 4336 1285 4402 ἐπίνικυς
1303 4334 1383 4401 οὗτος
1402 4341 1490 4392 Φυλα-

216 4412 282 4487 κίδᾳ
306 4415 352 4466 nal
372 4412 475 4485 Πυθέᾳ
499 4414 547 4466 καὶ
572 4411 731 4481 Εὐθυμένει
758 4419 976 4481 warmume
995 4409 1107 4480 Ἴσθμια
1133 4412 1181 4464 καὶ
1201 4408 1298 4479 Νέμεα
1318 4442 1350 4450 -
1371 4416 1394 4463 ’2,
1420 4413 1491 4463 Μοι-

215 4484 302 4540 σαίων
321 4486 430 4553 Heyne:
450 4482 568 4553 μοιοέων
587 4484 667 4538 codd.
688 4515 721 4523 —

287 4646 475 4682 conamina.
504 4644 529 4680 v.
548 4636 556 4679 1
576 4644 611 4679 ss.
632 4626 666 4681 de
681 4625 804 4680 carmine
819 4624 939 4694 epinicia
959 4642 1021 4678 curn
1040 4628 1148 4678 cratere
1167 4624 1226 4679 vini
1245 4628 1408 4694 comparato
1427 4642 1492 4678 con·

215 4701 257 4755 fer
276 4701 307 4754 Ο.
322 4719 360 4752 vn
379 4699 417 4752 in.
439 4730 470 4737 -
491 4703 514 4750 1.
538 4698 704 4760 θάλλοντος·
731 4696 860 4750 imitatur
882 4695 1030 4750 Homerica
1053 4698 1137 4750 datter
1155 4695 1278 4750 θάλειαν
1297 4698 1326 4748 et
1344 4693 1492 4765 εἰλαπίνην

215 4776 370 4827 τεθαλυῖαν
399 4801 432 4809 -
462 4778 485 4822 ·.'.
514 4768 645 4835 δεύτερον
673 4777 813 4837 κρατῆρα,
840 4771 904 4837 post
931 4766 1051 4837 primam
1079 4766 1251 4822 oblationem
1275 4767 1398 4821 carmine
1423 4766 1455 4821 N.
1475 4785 1492 4819 v

215 4843 321 4898 factam
340 4875 375 4883 -
