3442 5550
274 424 322 477 LX
781 426 1057 477 PROLEGOMENA.

275 593 357 671 rant,
382 587 524 673 syllabas
549 588 707 672 ancipites
730 586 765 650 in
788 590 924 671 paterna
945 587 1017 651 iura
1040 608 1107 651 non
1129 587 1298 671 recipiunt.
1340 587 1558 672 Equestribus

273 695 421 760 victoriis
446 695 646 760 celebrandis
671 695 787 759 idonea
810 694 962 759 dicuntur
985 693 1149 778 0.1104,
1172 694 1256 758 unde
1279 694 1389 760 nescio
1412 717 1453 759 an
1476 717 1558 759 non-

272 802 355 866 nihil
389 802 508 868 coloris
540 824 580 865 ex
611 800 746 887 Phrygii
779 801 923 867 tibicinis
952 801 1084 887 Olympi
1117 800 1221 866 curuli
1252 823 1350 866 nomo
1379 800 1558 891 (ἁρματείῳ

276 912 377 998 νόμῳ,
400 933 429 973 v.
448 909 532 973 Plut.
552 910 590 973 tle
609 931 690 975 mus.
710 906 746 996 9)
774 913 807 973 et
835 931 874 974 ex
898 909 1037 973 vetustis
1066 908 1170 973 modis
1198 908 1410 993 pyrrichiacis
1437 908 1558 993 μέλους

275 1020 481 1100 Καστορείου
496 1014 540 1104 (v.
560 1015 594 1080 P.
613 1034 639 1079 11
659 1014 716 1101 69)
736 1016 903 1080 traxerint.
934 1015 1087 1081 Aeolicos
1106 1016 1230 1100 modos,
1249 1037 1385 1099 quorum
1405 1016 1557 1081 alacritas

275 1147 348 1189 cum
382 1124 507 1208 impetu
539 1123 655 1188 horum
689 1123 868 1187 carminum
900 1123 1040 1187 maxime
1072 1122 1252 1207 conspirat,
1284 1122 1430 1187 disertim
1459 1128 1558 1207 poeta

275 1235 508 1295 commemorat
531 1229 598 1294 0.1
619 1231 691 1296 105.
720 1229 754 1294 P.
774 1248 799 1293 11
819 1231 871 1294 69.

362 1336 685 1422 Monostrophica
708 1338 878 1402 carmina
902 1343 978 1402 sunt
1001 1337 1309 1422 dactylo-epitritica
1328 1338 1435 1401 P.x11.
1454 1336 1493 1401 Ν.
1510 1355 1557 1421 rx,

272 1445 461 1531 logaoedica
480 1444 516 1509 Ο.
531 1463 599 1508 xrv.
624 1445 658 1510 P.
673 1463 718 1509 vr.
742 1443 782 1509 N.
803 1462 834 1509 11.
854 1462 899 1509 rv.
924 1446 946 1509 l.
962 1462 1032 1527 vin,
1057 1446 1141 1509 unde
1161 1449 1296 1529 apparet
1314 1445 1398 1510 hanc
1418 1445 1555 1510 formam

272 1574 377 1637 neque
402 1575 441 1616 er
459 1552 644 1617 discrimine
664 1552 859 1617 Dorioornm
878 1557 911 1616 et
930 1551 1138 1617 Aeolicorum
1157 1552 1328 1616 modorum
1346 1574 1458 1637 neque,
1483 1575 1556 1617 cum

273 1659 383 1724 omnia
419 1660 519 1724 choro
557 1658 717 1723 cantanda
753 1658 915 1724 destinata
951 1658 1032 1742 sint,
1068 1681 1106 1723 ex
1143 1659 1327 1723 imitatione
1364 1658 1556 1724 Lesbiorum

271 1771 442 1852 poetarum
466 1765 688 1850 explicandam
712 1788 791 1831 esse.
835 1764 897 1830 Sed
922 1788 1091 1831 commune
1116 1765 1261 1830 omnium
1283 1766 1400 1829 harum
1422 1766 1555 1831 odarum

272 1872 611 1958 monostrophicarum
635 1872 696 1937 hoc
720 1879 782 1956 est,
813 1874 899 1957 quod
923 1895 1060 1959 pompae
1084 1878 1117 1937 et
1140 1874 1240 1937 choro
1265 1872 1426 1958 gradienti
1449 1872 1556 1937 factae

273 1984 357 2046 sunt.
399 1979 571 2043 Praeterea
594 1981 897 2065 monostropliicum
920 1984 970 2045 est
993 1983 1130 2046 σκόλιον
1152 1980 1189 2044 fr.
1211 1970 1284 2044 1¹22.

361 2085 542 2151 Triadiea
561 2086 731 2151 carmina
748 2111 786 2152 ex
802 2088 937 2173 stropha
951 2088 1157 2172 antistropha
1171 2087 1274 2171 epodo
1289 2092 1454 2172 constant3
1472 2088 1556 2153 hanc

271 2195 411 2259 formam
431 2216 504 2258 curn
524 2194 696 2258 saltatione
714 2194 805 2259 chori
820 2195 990 2259 cohaerere
1005 2199 1038 2259 et
1052 2217 1072 2258 a
1085 2194 1209 2258 vicibus
1224 2197 1373 2258 motuum
1388 2194 1556 2258 choreuta·

271 2324 344 2365 rum
354 2301 450 2365 modo
461 2301 665 2366 dextrorsum
676 2302 772 2366 modo
783 2301 1008 2367 sinistrorsum
1019 2301 1268 2385 deflectendum,
1278 2302 1374 2366 modo
1383 2305 1457 2365 ante
1466 2323 1555 2366 aram

272 2407 521 2473 consistentium
540 2408 700 2493 originem
720 2408 843 2492 cepisse
862 2408 1050 2473 testimonio
1066 2407 1159 2473 Atilii
1176 2408 1380 2493 grammatici
1394 2432 1425 2492 p.
1440 2410 1505 2473 295
1515 2407 1554 2472 K.

271 2518 402 2580 constat
421 2520 454 2579 et
471 2514 543 2600 ipsa
562 2515 762 2600 etymologia
775 2515 1008 2581 vocabulorum
1026 2525 1172 2599 στροφῆς
1187 2514 1410 2600 ἀναστροφῆς
1424 2514 1555 2602 {apolon

271 2622 489 2687 confirmatur.
531 2621 661 2687 Pindari
685 2623 829 2688 carmina
851 2622 1138 2707 hyporclrematica
1157 2628 1190 2686 et
1211 2622 1367 2705 paeonica
1384 2622 1553 2687 triadicarn

271 2729 543 2813 compositionem
566 2752 643 2813 prae
668 2752 702 2794 se
721 2729 830 2794 ferunt
850 2730 968 2814 omnia,
990 2752 1093 2815 neque
1114 2735 1223 2793 tamen
1243 2751 1281 2793 ea
1299 2728 1418 2794 finibus
1437 2731 1555 2795 horum

271 2858 427 2921 generum
455 2837 634 2901 carminum
663 2836 711 2901 ita
737 2836 982 2922 circumscripta
1010 2841 1073 2920 est,
1105 2839 1142 2900 ut
1169 2858 1235 2900 non
1262 2836 1296 2899 in
1324 2836 1398 2902 aliis
1426 2858 1554 2921 qnoque

271 2943 469 3023 carminibus
492 2942 677 3009 inveniatur
704 2949 738 3008 et
766 2943 910 3008 stasimis
938 2949 971 3008 et
999 2943 1185 3008 embateriis
1212 2966 1271 3008 nec
1296 2965 1363 3008 uon
1388 2944 1444 3028 iis,
1472 2966 1554 3028 quae

272 3056 307 3116 ut
335 3049 369 3116 P.
388 3069 425 3114 lv
453 3051 557 3137 magis
590 3052 801 3137 rhapsodicae
832 3050 1016 3115 recitationi
1044 3073 1142 3137 quam
1170 3049 1300 3115 chorico
1329 3051 1438 3115 cantui
1466 3050 1554 3117 facta

271 3180 341 3223 esse
365 3159 523 3223 videntur.

360 3264 528 3349 Legibus
566 3266 698 3330 soluta
736 3264 907 3331 carmina
939 3261 1182 3350 (ἀπολελυμένα
1213 3261 1310 3351 μέλη)
1343 3270 1434 3349 sunt,
1471 3286 1554 3349 quae

272 3371 398 3436 vicibus
418 3370 625 3454 stropharum
643 3372 880 3437 revolventium
899 3376 1017 3436 carent.
1051 3370 1143 3435 Talia
1158 3372 1302 3437 carmina
1314 3372 1401 3437 inter
1414 3372 1554 3458 epinicia

272 3476 403 3541 Pindari
427 3476 517 3541 nulla
540 3482 679 3564 exstant,
702 3479 758 3544 sed
782 3478 851 3544 eins
869 3478 994 3544 formae
1012 3477 1113 3543 fuisse
1132 3478 1283 3543 videntur
1302 3479 1501 3562 dithyrambi
1521 3483 1554 3544 et

270 3584 539 3670 hyporchemata,
572 3608 709 3671 quorum
742 3586 926 3673 fragmenta
956 3586 997 3651 75
1025 3589 1060 3650 et
1089 3584 1151 3649 107
1184 3585 1279 3649 nobis
1308 3590 1436 3648 servata
1468 3592 1553 3667 sunt,

272 3713 467 3776 quamquam
492 3692 686 3758 Aristoteles
709 3694 813 3778 probl.
837 3696 886 3779 ln,
907 3695 948 3759 15
971 3714 1012 3757 ne
1032 3695 1156 3757 veteres
1178 3689 1403 3775 dithyrambos
1423 3691 1551 3775 quidem

272 3798 486 3884 antistrophis
510 3801 652 3866 caruisse
676 3802 851 3868 memoriae
873 3799 1025 3887 prodidit.

767 4014 868 4080 Notae
891 4014 1052 4080 metricae.

418 4162 437 4187 o
473 4121 599 4207 syllaba
622 4122 738 4188 brevis.

418 4286 435 4294 -
473 4228 599 4313 syllaba
621 4230 721 4317 longa
745 4232 883 4294 duorum
907 4233 1097 4313 temporum.

418 4364 435 4400 s
473 4335 599 4419 syllaba·
622 4358 739 4422 anceps
763 4359 822 4422 pro
847 4336 937 4400 brevi
961 4335 1076 4420 posita.

417 4474 436 4505 n
472 4441 597 4524 syllaba
620 4466 738 4529 anceps
762 4468 821 4528 pro
845 4443 944 4529 longa
967 4441 1084 4526 posita.

409 4578 443 4615 c.
472 4548 599 4633 syllaba
621 4550 720 4635 longa
745 4550 843 4614 trium
869 4555 1061 4634 temporum.

408 4682 444 4722 ur
471 4655 597 4741 syllaba
620 4657 719 4741 longa
742 4661 883 4742 quatuor
906 4663 1098 4741 temporum.

409 4795 446 4829 an
472 4762 597 4846 syllaba
620 4763 717 4847 longa
741 4764 882 4847 quinque
906 4770 1097 4848 temporum.

383 4930 397 4937 -
418 4914 453 4937 cc
472 4870 620 4954 dactylus
643 4870 749 4935 iustus
774 4875 915 4955 quatuor
938 4877 1129 4955 temporum.
