3442 5550
313 423 401 478 XCIV
818 427 1096 482 PROLEGOMENA.

313 589 462 673 δόλιχον,
492 588 591 666 Γάϊος
610 587 767 676 Ῥωμαῖος
794 591 944 674 δόλιχον,
971 588 1252 676 Ἀριστωνομίδας
1274 593 1373 678 Κῷος
1396 589 1600 677 πένταθλον,

313 693 479 780 Ἰσίδωρος
502 694 733 782 Ἀλεξανδρεὺς
760 697 883 782 πάλην,
911 696 1090 782 άπτωτοςῑ)
1117 698 1287 781 περίοδον,
1313 695 1472 775 Ἀτυάυας
1490 696 1598 764 Ἱππο-

314 803 457 887 κράτους
483 802 701 891 Ἀδραμυτίου
730 804 835 890 [παῖς]
863 804 942 888 πύξ,
972 805 1147 889 Σφοδρίας
1171 805 1359 881 Σικυώνιος
1385 806 1599 891 παγκράτιον,

316 909 508 994 Σωσιγένης
537 909 685 1004 Ἀσιανὸς
721 913 852 976 παίδων
883 912 1035 993 στάδιον,
1069 909 1317 996 Ἀπολλοφάνης
1350 915 1598 998 Κυπαρισσιεὺς

315 1018 445 1082 παίδων
463 1019 581 1101 πάλην,
600 1021 794 1104 Σωτήριχος
810 1016 937 1096 Ἠλεῖος
955 1020 1085 1084 παίδων
1102 1017 1177 1103 πύξ,
1195 1018 1309 1096 Κάλας
1325 1016 1453 1097 Ἠλεῖος
1466 1021 1597 1085 παίδων
1666 1053 1668 1057 ⁴

315 1126 530 1211 παγκράτιον,
549 1123 754 1210 Ἑκατόμυως
774 1129 942 1209 Μιλήσιος
961 1126 1099 1209 ὁπλίτην
1118 1121 1231 1211 (οὗτος
1250 1125 1286 1190 ἐν
1303 1135 1342 1211 τῇ
1361 1127 1445 1213 αὐτῇ
1464 1129 1504 1192 τὰ
1522 1131 1597 1213 τρία

316 1231 547 1316 ἐστεφανώθη,
575 1232 712 1297 στάδιον
739 1233 879 1297 δίαυλον
907 1232 1076 1319 ὁπλίτην),
1100 1229 1327 1316 Ἀριστόλοχος
1354 1231 1521 1310 δἨλεῑος
1547 1233 1597 1299 τί·

316 1344 482 1423 θριππου,
501 1337 682 1424 Ἀγήμονος
703 1338 835 1405 Ἠλείου
858 1339 968 1423 κέλης,
988 1337 1182 1404 Ἑλλανίκου
1203 1338 1334 1404 Ἠλείου
1358 1344 1513 1425 συνωρίς,
1537 1350 1597 1405 τοῦ

315 1445 420 1511 αὐτοῦ
447 1447 595 1511 πωλικὸν
621 1445 822 1532 τέθριππον,
852 1450 979 1529 Κλητία
1006 1445 1137 1511 Ἠλείου
1166 1448 1292 1530 πωλικη
1320 1451 1480 1533 συνωρίς,
1508 1451 1597 1512 Καλ-

315 1557 440 1618 λίππου
465 1558 598 1637 Πηλίου
621 1556 764 1631 πωλικὸς
786 1553 890 1638 κε’λης.

404 1659 450 1725 Ut
476 1662 517 1726 ad
543 1663 638 1727 ludos
666 1662 809 1746 redeam,
837 1661 1112 1727 renuntiationem
1139 1661 1273 1727 victoris
1296 1662 1436 1747 epinicia
1457 1662 1492 1727 in
1514 1661 1597 1746 loco,

316 1790 379 1852 quo
404 1768 541 1832 victoria
563 1774 729 1854 reportata
752 1774 831 1855 erat,
854 1770 925 1854 ipso
947 1770 1072 1856 agenda
1090 1770 1315 1854 sequebantur.
1357 1768 1491 1833 Sodales
1510 1768 1596 1832 enim

315 1880 348 1940 et
372 1875 468 1940 amici
491 1875 647 1940 victorem
667 1876 760 1940 ‘eheu
780 1877 893 1942 victor’
918 1877 1094 1942 clamantes
1118 1877 1153 1940 in
1172 1877 1392 1941 deversorium
1411 1898 1506 1940 suum
1524 1895 1597 1959 pro·

254 1965 262 2081 ἶ
315 1983 547 2069 sequebantur,
574 1983 634 2047 sub
663 2005 832 2068 vesperum
860 2006 934 2049 eum
961 2006 1115 2069 pompam
1140 1983 1179 2046 ad
1203 2005 1293 2047 aram
1315 1982 1403 2048 Iovis
1427 1981 1596 2047 ducentem

257 2086 261 2161 l
314 2094 347 2154 et
366 2089 426 2154 deo
446 2089 568 2176 gratias
587 2095 736 2176 agentem
757 2091 1006 2175 comitabantur,
1025 2089 1162 2175 denique
1181 2090 1305 2173 vesperi
1325 2089 1422 2153 lautis
1441 2088 1546 2173 epulis
1562 2092 1597 2152 ct

256 2220 261 2276 ς
314 2218 433 2261 canoro
458 2196 607 2261 convivio
632 2197 673 2261 ab
698 2219 735 2260 eo
759 2197 1011 2282 excipiebantur.
1057 2198 1166 2279 Atque
1190 2196 1329 2280 primum
1354 2195 1510 2260 victorem
1533 2195 1596 2260 diis

314 2324 374 2388 pro
394 2302 550 2367 beneficio
570 2308 703 2388 accepto
722 2325 815 2369 sacra
833 2304 948 2369 fecisse
968 2326 1042 2368 cum
1060 2302 1165 2387 pietas
1181 2301 1378 2367 Graecorum
1396 2307 1430 2366 et
1445 2302 1597 2389 analogia

313 2414 493 2475 ceterarum
525 2408 770 2497 victoriarum²)
802 2411 971 2496 probabile
1004 2410 1157 2493 reddunt,
1189 2414 1259 2473 turn
1291 2409 1438 2474 disertim
1470 2408 1597 2474 scheba

313 2516 404 2582 Pind.
423 2516 459 2582 0.
479 2519 539 2581 vl
570 2521 744 2581 testantur:
773 2519 808 2581 οί
833 2518 895 2603 γάρ
925 2529 1080 2594 νικῶντες
1108 2520 1214 2582 ἔθυον
1241 2516 1277 2580 ἐν
1304 2528 1373 2592 τοῖς
1400 2514 1433 2593 ἓξ
1460 2519 1593 2600 βωμοῖς.

312 2623 362 2689 De
386 2629 458 2688 tota
478 2628 588 2688 autem
606 2622 794 2707 festivitate,
817 2646 938 2709 pompa
956 2625 1150 2710 vespertina,
1173 2623 1350 2708 sacrificiis,
1372 2622 1486 2708 epulis,
1509 2622 1596 2688 locu-

313 2730 514 2815 pletissimus
543 2734 594 2794 est
621 2729 716 2795 testis
744 2729 902 2797 Pindarus
930 2733 1000 2817 ipse
1028 2732 1065 2797 Ο.
1083 2749 1120 2796 lx
1143 2735 1237 2797 1—4.
1274 2747 1298 2794 x
1318 2732 1457 2796 73-77.
1499 2730 1540 2795 Ν.
1559 2748 1597 2795 V1

313 2838 426 2922 dsssq„
459 2837 576 2922 quibus
605 2858 679 2901 cum
708 2838 788 2902 locis
817 2840 962 2904 conferas
992 2862 1073 2924 quae
1102 2839 1140 2903 de
1168 2838 1337 2905 Alcibiade
1365 2837 1465 2902 refert
1491 2837 1595 2903 Athe-

313 2967 412 3010 naeus
435 2969 464 3030 p.
485 2949 505 3009 3
527 2942 734 3028 Ἀλκιβιάδης
754 2943 912 3031 Ὀλύμπια
941 2949 1077 3030 νικήσας
1099 2947 1219 3031 ἅρματι
1243 2995 1277 3010 ..
1300 2946 1409 3022 θύσας
1430 2944 1594 3033 Ὀλυμπίῳ

312 3051 372 3117 Διί
394 3055 456 3136 τὴν
478 3054 667 3137 πανήγυριν
690 3053 821 3119 ἅπασαν
842 3056 991 3120 είστιάσε.
999 3054 1025 3141 ³)
1067 3053 1116 3119 De
1135 3053 1308 3119 caenaculo
1327 3074 1403 3117 vero
1423 3050 1595 3137 Olympico

313 3165 420 3225 exstat
447 3161 538 3225 locus
567 3159 721 3224 classicus
743 3159 923 3225 Pausaniae
948 3179 969 3223 v
992 3163 1045 3244 15,
1066 3161 1121 3225 12:
1149 3162 1217 3223 ἔστι
1246 3154 1283 3222 δὲ
1309 3156 1364 3222 καί
1388 3156 1595 3244 ἑστιατόριον

311 3265 453 3344 Ἠλείοις
476 3318 484 3332 .
504 3318 511 3332 .
531 3319 538 3332 .
561 3269 640 3343 τοὺς
668 3263 704 3331 δὲ
732 3267 772 3331 τὰ
797 3265 956 3353 Ὀλύμπια
982 3278 1145 3344 νικῶντας
1172 3264 1325 3331 ἑστιῶσιν
1353 3264 1389 3330 ἐν
1416 3266 1522 3354 τούτῳ
1548 3276 1595 3354 τῷ

313 3375 473 3458 οἰκήματι.
520 3373 668 3458 Denique
695 3373 730 3437 in
757 3397 891 3460 pompa,
918 3396 992 3438 cum
1020 3395 1150 3438 carmen
1173 3373 1209 3437 in
1232 3373 1403 3439 victoriam
1427 3373 1523 3437 modo
1547 3396 1596 3438 re·

311 3486 477 3564 portatam
503 3480 647 3545 nondum
674 3481 892 3565 compositum
919 3485 1004 3565 erat,
1030 3480 1064 3544 in
1092 3481 1281 3567 vulgaribus
1305 3480 1594 3546 acclamationibus

311 3588 378 3651 fere
403 3586 652 3671 acquiescebant
675 3594 708 3653 et
726 3589 761 3652 in
781 3594 886 3653 vetere
906 3586 1047 3652 carmine
1067 3588 1206 3672 epinicio
1225 3587 1414 3653 Archilochi
1433 3588 1594 3654 cantando

614 3726 640 3795 ὦ
663 3734 830 3796 καλλίνικε
853 3728 940 3816 χαῖρ’
965 3729 1047 3808 άυαξ
1066 3728 1258 3815 Ἡράκλεες,

614 3838 714 3915 αὐτός
735 3861 771 3903 τε
792 3837 847 3903 καί
870 3836 992 3914 Ἰόλαος
1014 3839 1154 3923 αἰχμητά
1177 3838 1254 3920 δύο,

613 3941 639 4009 ὦ
663 3949 830 4011 καλλίνικε
853 3943 940 4030 χαῖρ’
961 3943 1042 4022 άυαξ
1061 3943 1251 4029 Ἡράκλεες,

312 4090 398 4172 quod
431 4111 561 4154 carmen
593 4112 666 4154 cum
698 4090 732 4153 in
760 4088 934 4153 Herculem
967 4090 1099 4173 eiusque
1132 4089 1278 4174 aurigam
1311 4088 1438 4154 lolaum
1470 4091 1594 4156 factum

312 4200 407 4280 esset,
430 4197 528 4261 etiam
553 4197 592 4260 ad
617 4197 697 4261 alias
721 4197 874 4262 victorias
898 4198 1093 4261 translatum
1117 4219 1187 4261 esse
1208 4195 1367 4261 Pindarus
1391 4197 1460 4283 ipse
1480 4196 1594 4262 O.1xl

311 4303 421 4368 tradit.
467 4303 578 4367 Etiam
606 4304 787 4370 accuratius
817 4304 942 4368 scholia
968 4303 1009 4367 ad
1036 4304 1066 4367 h.
1090 4303 1110 4367 l.
1140 4308 1173 4368 et
1195 4303 1235 4367 N.
1255 4308 1332 4370 1111
1362 4326 1513 4391 pompam
1543 4328 1595 4370 ex-

312 4414 438 4493 ponunt
466 4410 526 4473 sub
555 4432 724 4495 vesperum
753 4434 826 4476 cum
854 4410 988 4475 tibicine
1016 4410 1056 4474 ad
1085 4433 1175 4474 aram
1197 4410 1285 4475 Iovis
1314 4412 1435 4478 factam
1462 4435 1533 4479 esse
1561 4420 1595 4477 et

401 4608 426 4671 1)
439 4602 574 4666 ”adorator
587 4602 709 4671 Bekker3
730 4621 782 4674 ego
802 4603 929 4667 ἄπιστος
946 4605 1081 4670 περίοδον
1101 4602 1307 4673 appositionem
1324 4621 1386 4660 esse
1400 4604 1495 4660 iudico
1509 4622 1591 4675 prae

312 4675 437 4730 cedentis
456 4674 585 4731 nominis.

400 4754 428 4816 2)
448 4747 488 4801 Cf.
507 4747 615 4801 Kranae
635 4746 766 4817 Olympia
786 4753 819 4800 92
831 4748 848 4801 s.

401 4823 427 4887 3)
446 4820 487 4872 Ex
509 4820 610 4873 Andoc.
631 4819 660 4872 in
679 4818 769 4874 Aleib.
786 4826 818 4871 2³9
843 4818 935 4873 elucet
958 4836 1075 4889 pompas
1101 4819 1275 4892 singulorum
1293 4820 1432 4875 victorum
1456 4820 1500 4889 (τὰ
1520 4839 1592 4888 πομ-

313 4895 390 4962 πεῖα)
410 4894 475 4945 anto
494 4906 669 4945 communem
688 4890 813 4944 civitatis
832 4889 990 4961 legatorum
1006 4891 1067 4960 (τὴν
1081 4891 1196 4964 πομπὴν
1210 4892 1262 4962 τὴν
1276 4892 1387 4961 κοινήν)
1400 4894 1507 4946 factam
1521 4909 1590 4948 esse.
