<?xml version="1.0" encoding="UTF-8"?>
<!DOCTYPE html PUBLIC "-//W3C//DTD XHTML 1.0 Transitional//EN"
    "http://www.w3.org/TR/xhtml1/DTD/xhtml1-transitional.dtd">
<html xmlns="http://www.w3.org/1999/xhtml" xml:lang="en" lang="en">
 <head>
  <title>
</title>
<meta http-equiv="Content-Type" content="text/html;charset=utf-8" />
  <meta name='ocr-system' content='tesseract 3.04.00' />
  <meta name='ocr-capabilities' content='ocr_page ocr_carea ocr_par ocr_line ocrx_word'/>
</head>
<body>
  <div class='ocr_page' id='page_1' title='image "./pindaricarminap00chrigoog_0445.png"; bbox 0 0 3442 5550; ppageno 0'>
   <div class='ocr_carea' id='block_1_1' title="bbox 218 377 1022 440">
    <p class='ocr_par' dir='ltr' id='par_1_1' title="bbox 218 377 1022 440">
     <span class='ocr_line' id='line_1_1' title="bbox 218 377 1022 440; baseline -0.009 0"><span class='ocrx_word' id='word_1_1' title='bbox 218 377 283 440; x_wconf 78' lang='lat'><strong>296</strong></span> <span class='ocrx_word' id='word_1_2' title='bbox 691 378 837 428; x_wconf 80' lang='lat' dir='ltr'><strong>rrnnsru</strong></span> <span class='ocrx_word' id='word_1_3' title='bbox 857 377 1022 433; x_wconf 75' lang='lat' dir='ltr'><strong>emmens.</strong></span> 
     </span>
    </p>
   </div>
   <div class='ocr_carea' id='block_1_2' title="bbox 217 546 1500 1248">
    <p class='ocr_par' dir='ltr' id='par_1_2' title="bbox 217 546 1500 1248">
     <span class='ocr_line' id='line_1_2' title="bbox 217 546 1500 623; baseline 0.001 -18"><span class='ocrx_word' id='word_1_4' title='bbox 217 549 267 606; x_wconf 91' lang='lat' dir='ltr'><strong>tus</strong></span> <span class='ocrx_word' id='word_1_5' title='bbox 290 552 321 606; x_wconf 89' lang='lat' dir='ltr'><strong>et</strong></span> <span class='ocrx_word' id='word_1_6' title='bbox 343 546 430 623; x_wconf 84' lang='lat' dir='ltr'><strong>epodi</strong></span> <span class='ocrx_word' id='word_1_7' title='bbox 454 546 561 604; x_wconf 87' lang='lat' dir='ltr'><strong>tertius</strong></span> <span class='ocrx_word' id='word_1_8' title='bbox 583 548 687 604; x_wconf 88' lang='lat' dir='ltr'><strong>utrum</strong></span> <span class='ocrx_word' id='word_1_9' title='bbox 710 564 777 605; x_wconf 86' lang='lat' dir='ltr'><strong>oum</strong></span> <span class='ocrx_word' id='word_1_10' title='bbox 802 546 993 605; x_wconf 71' lang='lat' dir='ltr'>antecedente</span> <span class='ocrx_word' id='word_1_11' title='bbox 1016 563 1105 604; x_wconf 85' lang='lat' dir='ltr'><strong>versu</strong></span> <span class='ocrx_word' id='word_1_12' title='bbox 1128 546 1306 605; x_wconf 75' lang='lat' dir='ltr'><strong>cohaereant</strong></span> <span class='ocrx_word' id='word_1_13' title='bbox 1324 565 1362 605; x_wconf 87' lang='lat' dir='ltr'><strong>an</strong></span> <span class='ocrx_word' id='word_1_14' title='bbox 1382 546 1500 607; x_wconf 85' lang='lat' dir='ltr'><strong>maiore</strong></span> 
     </span>
     <span class='ocr_line' id='line_1_3' title="bbox 218 634 1499 713; baseline 0.001 -19"><span class='ocrx_word' id='word_1_15' title='bbox 218 637 377 695; x_wconf 84' lang='lat' dir='ltr'><strong>intervallo</strong></span> <span class='ocrx_word' id='word_1_16' title='bbox 396 635 433 693; x_wconf 88' lang='lat' dir='ltr'><strong>ab</strong></span> <span class='ocrx_word' id='word_1_17' title='bbox 453 655 487 694; x_wconf 90' lang='lat' dir='ltr'><strong>eo</strong></span> <span class='ocrx_word' id='word_1_18' title='bbox 507 635 666 694; x_wconf 84' lang='lat' dir='ltr'><strong>divellendi</strong></span> <span class='ocrx_word' id='word_1_19' title='bbox 685 635 754 712; x_wconf 84' lang='lat' dir='ltr'><strong>sint,</strong></span> <span class='ocrx_word' id='word_1_20' title='bbox 773 654 807 695; x_wconf 87' lang='lat' dir='ltr'><strong>eo</strong></span> <span class='ocrx_word' id='word_1_21' title='bbox 827 635 923 713; x_wconf 83' lang='lat' dir='ltr'><strong>magis</strong></span> <span class='ocrx_word' id='word_1_22' title='bbox 942 634 1067 692; x_wconf 89' lang='lat' dir='ltr'><strong>dubium</strong></span> <span class='ocrx_word' id='word_1_23' title='bbox 1086 638 1140 711; x_wconf 81' lang='lat' dir='ltr'><strong>est,</strong></span> <span class='ocrx_word' id='word_1_24' title='bbox 1160 635 1239 711; x_wconf 86' lang='lat' dir='ltr'><strong>quod</strong></span> <span class='ocrx_word' id='word_1_25' title='bbox 1259 634 1289 693; x_wconf 92' lang='lat' dir='ltr'><strong>in</strong></span> <span class='ocrx_word' id='word_1_26' title='bbox 1310 635 1367 695; x_wconf 89' lang='lat' dir='ltr'><strong>fine</strong></span> <span class='ocrx_word' id='word_1_27' title='bbox 1386 636 1499 712; x_wconf 88' lang='lat' dir='ltr'><strong>prioris</strong></span> 
     </span>
     <span class='ocr_line' id='line_1_4' title="bbox 219 716 1498 804; baseline -0.001 -19"><span class='ocrx_word' id='word_1_28' title='bbox 219 743 323 785; x_wconf 87' lang='lat' dir='ltr'><strong>versus</strong></span> <span class='ocrx_word' id='word_1_29' title='bbox 347 725 435 784; x_wconf 88' lang='lat' dir='ltr'><strong>modo</strong></span> <span class='ocrx_word' id='word_1_30' title='bbox 459 724 588 783; x_wconf 86' lang='lat' dir='ltr'><strong>maxima</strong></span> <span class='ocrx_word' id='word_1_31' title='bbox 612 717 672 803; x_wconf 86' lang='lat' dir='ltr'>(vv.</span> <span class='ocrx_word' id='word_1_32' title='bbox 693 736 717 782; x_wconf 81' lang='lat'><strong>3.</strong></span> <span class='ocrx_word' id='word_1_33' title='bbox 737 733 761 783; x_wconf 81' lang='lat'><strong>8.</strong></span> <span class='ocrx_word' id='word_1_34' title='bbox 783 735 824 783; x_wconf 76' lang='lat'><strong>12.</strong></span> <span class='ocrx_word' id='word_1_35' title='bbox 844 716 902 804; x_wconf 76' lang='lat'>26),</span> <span class='ocrx_word' id='word_1_36' title='bbox 926 724 1013 782; x_wconf 90' lang='lat' dir='ltr'><strong>modo</strong></span> <span class='ocrx_word' id='word_1_37' title='bbox 1036 723 1121 781; x_wconf 83' lang='lat' dir='ltr'><strong>nullo</strong></span> <span class='ocrx_word' id='word_1_38' title='bbox 1144 722 1347 799; x_wconf 72' lang='lat' dir='ltr'><strong>interpunctio</strong></span> <span class='ocrx_word' id='word_1_39' title='bbox 1366 718 1433 803; x_wconf 82' lang='lat' dir='ltr'><strong>(etr.</strong></span> <span class='ocrx_word' id='word_1_40' title='bbox 1453 737 1498 784; x_wconf 78' lang='lat'><strong>20.</strong></span> 
     </span>
     <span class='ocr_line' id='line_1_5' title="bbox 220 805 1498 892; baseline -0.002 -18"><span class='ocrx_word' id='word_1_41' title='bbox 220 825 261 874; x_wconf 79' lang='lat'><strong>29.</strong></span> <span class='ocrx_word' id='word_1_42' title='bbox 282 826 324 874; x_wconf 73' lang='grc'><strong>37.</strong></span> <span class='ocrx_word' id='word_1_43' title='bbox 344 826 386 872; x_wconf 76' lang='lat'><strong>42.</strong></span> <span class='ocrx_word' id='word_1_44' title='bbox 408 805 456 892; x_wconf 81' lang='grc'><strong>46)</strong></span> <span class='ocrx_word' id='word_1_45' title='bbox 474 814 574 890; x_wconf 84' lang='lat' dir='ltr'><strong>posita</strong></span> <span class='ocrx_word' id='word_1_46' title='bbox 597 817 650 874; x_wconf 88' lang='lat' dir='ltr'><strong>est.</strong></span> <span class='ocrx_word' id='word_1_47' title='bbox 675 846 717 853; x_wconf 93' lang='lat'><em>-</em></span> <span class='ocrx_word' id='word_1_48' title='bbox 741 812 806 883; x_wconf 83' lang='lat' dir='ltr'><strong>Quo</strong></span> <span class='ocrx_word' id='word_1_49' title='bbox 829 813 917 873; x_wconf 86' lang='lat' dir='ltr'><strong>modo</strong></span> <span class='ocrx_word' id='word_1_50' title='bbox 941 831 1059 872; x_wconf 85' lang='lat' dir='ltr'><strong>carmen</strong></span> <span class='ocrx_word' id='word_1_51' title='bbox 1082 815 1239 871; x_wconf 83' lang='lat' dir='ltr'><strong>cantatum</strong></span> <span class='ocrx_word' id='word_1_52' title='bbox 1262 813 1310 891; x_wconf 66' lang='lat' dir='ltr'><strong>sit</strong></span> <span class='ocrx_word' id='word_1_53' title='bbox 1333 833 1393 873; x_wconf 91' lang='lat' dir='ltr'><strong>non</strong></span> <span class='ocrx_word' id='word_1_54' title='bbox 1418 814 1498 873; x_wconf 90' lang='lat' dir='ltr'><strong>indi-</strong></span> 
     </span>
     <span class='ocr_line' id='line_1_6' title="bbox 218 895 1497 984; baseline 0 -22"><span class='ocrx_word' id='word_1_55' title='bbox 218 907 319 962; x_wconf 85' lang='lat' dir='ltr'><strong>catum</strong></span> <span class='ocrx_word' id='word_1_56' title='bbox 343 922 361 961; x_wconf 89' lang='lat' dir='ltr'><strong>a</strong></span> <span class='ocrx_word' id='word_1_57' title='bbox 383 907 474 979; x_wconf 88' lang='lat' dir='ltr'><strong>poeta</strong></span> <span class='ocrx_word' id='word_1_58' title='bbox 496 902 631 980; x_wconf 87' lang='lat' dir='ltr'><strong>invenio,</strong></span> <span class='ocrx_word' id='word_1_59' title='bbox 662 902 720 961; x_wconf 89' lang='lat' dir='ltr'><strong>nisi</strong></span> <span class='ocrx_word' id='word_1_60' title='bbox 744 903 824 978; x_wconf 89' lang='lat' dir='ltr'><strong>quod</strong></span> <span class='ocrx_word' id='word_1_61' title='bbox 847 901 1001 979; x_wconf 74' lang='lat' dir='ltr'><strong>epitheton</strong></span> <span class='ocrx_word' id='word_1_62' title='bbox 1024 898 1182 979; x_wconf 74' lang='grc' dir='ltr'><strong><em>ἐπικώμιος</em></strong></span> <span class='ocrx_word' id='word_1_63' title='bbox 1205 900 1299 979; x_wconf 79' lang='grc' dir='ltr'><strong><em>ὕμνος</em></strong></span> <span class='ocrx_word' id='word_1_64' title='bbox 1323 895 1361 983; x_wconf 85' lang='lat' dir='ltr'><strong>(v.</strong></span> <span class='ocrx_word' id='word_1_65' title='bbox 1384 896 1433 984; x_wconf 82' lang='lat'><strong>50)</strong></span> <span class='ocrx_word' id='word_1_66' title='bbox 1458 904 1497 962; x_wconf 84' lang='lat' dir='ltr'><strong>ad</strong></span> 
     </span>
     <span class='ocr_line' id='line_1_7' title="bbox 219 990 1498 1068; baseline 0.001 -16"><span class='ocrx_word' id='word_1_67' title='bbox 219 992 342 1053; x_wconf 88' lang='lat' dir='ltr'><strong>chorum</strong></span> <span class='ocrx_word' id='word_1_68' title='bbox 366 995 397 1050; x_wconf 88' lang='lat' dir='ltr'><strong>et</strong></span> <span class='ocrx_word' id='word_1_69' title='bbox 419 991 659 1051; x_wconf 85' lang='lat' dir='ltr'><strong>comissationem</strong></span> <span class='ocrx_word' id='word_1_70' title='bbox 687 995 820 1067; x_wconf 84' lang='lat' dir='ltr'><strong>spectare</strong></span> <span class='ocrx_word' id='word_1_71' title='bbox 848 990 975 1050; x_wconf 85' lang='lat' dir='ltr'><strong>videtur.</strong></span> <span class='ocrx_word' id='word_1_72' title='bbox 1021 990 1166 1067; x_wconf 81' lang='lat' dir='ltr'><strong>Pompam</strong></span> <span class='ocrx_word' id='word_1_73' title='bbox 1189 990 1311 1067; x_wconf 86' lang='lat' dir='ltr'><strong>quidem</strong></span> <span class='ocrx_word' id='word_1_74' title='bbox 1334 992 1498 1068; x_wconf 86' lang='lat' dir='ltr'><strong>quominus</strong></span> 
     </span>
     <span class='ocr_line' id='line_1_8' title="bbox 219 1076 1497 1162; baseline 0.002 -23"><span class='ocrx_word' id='word_1_75' title='bbox 219 1083 311 1141; x_wconf 86' lang='lat' dir='ltr'><strong>fuisse</strong></span> <span class='ocrx_word' id='word_1_76' title='bbox 326 1085 504 1158; x_wconf 82' lang='lat' dir='ltr'><strong>statuamus,</strong></span> <span class='ocrx_word' id='word_1_77' title='bbox 520 1080 673 1140; x_wconf 86' lang='lat' dir='ltr'><strong>obstaculo</strong></span> <span class='ocrx_word' id='word_1_78' title='bbox 693 1083 764 1140; x_wconf 89' lang='lat' dir='ltr'><strong>sunt</strong></span> <span class='ocrx_word' id='word_1_79' title='bbox 781 1081 928 1157; x_wconf 83' lang='lat' dir='ltr'><strong>tripediae</strong></span> <span class='ocrx_word' id='word_1_80' title='bbox 947 1080 1113 1156; x_wconf 83' lang='lat' dir='ltr'><strong>dactylioae</strong></span> <span class='ocrx_word' id='word_1_81' title='bbox 1132 1081 1324 1141; x_wconf 82' lang='lat' dir='ltr'><strong>catalectioae</strong></span> <span class='ocrx_word' id='word_1_82' title='bbox 1339 1076 1398 1161; x_wconf 91' lang='lat' dir='ltr'><strong>(ep.</strong></span> <span class='ocrx_word' id='word_1_83' title='bbox 1417 1094 1440 1141; x_wconf 86' lang='grc' dir='ltr'><strong>ι.</strong></span> <span class='ocrx_word' id='word_1_84' title='bbox 1456 1078 1497 1162; x_wconf 80' lang='grc'><strong>5),</strong></span> 
     </span>
     <span class='ocr_line' id='line_1_9' title="bbox 218 1169 1344 1248; baseline 0 -19"><span class='ocrx_word' id='word_1_85' title='bbox 218 1175 325 1248; x_wconf 88' lang='lat' dir='ltr'><strong>utpote</strong></span> <span class='ocrx_word' id='word_1_86' title='bbox 350 1189 426 1247; x_wconf 71' lang='lat' dir='ltr'><strong>(puae</strong></span> <span class='ocrx_word' id='word_1_87' title='bbox 450 1170 588 1246; x_wconf 88' lang='lat' dir='ltr'><strong>passibus</strong></span> <span class='ocrx_word' id='word_1_88' title='bbox 611 1170 693 1230; x_wconf 85' lang='lat' dir='ltr'><strong>ebori</strong></span> <span class='ocrx_word' id='word_1_89' title='bbox 716 1170 882 1248; x_wconf 78' lang='lat' dir='ltr'><strong>gradientis</strong></span> <span class='ocrx_word' id='word_1_90' title='bbox 904 1169 954 1228; x_wconf 86' lang='lat' dir='ltr'><strong>vix</strong></span> <span class='ocrx_word' id='word_1_91' title='bbox 977 1169 1198 1229; x_wconf 83' lang='lat' dir='ltr'><strong>adcommodari</strong></span> <span class='ocrx_word' id='word_1_92' title='bbox 1221 1170 1344 1245; x_wconf 87' lang='lat' dir='ltr'><strong>possint</strong></span> 
     </span>
    </p>
   </div>
   <div class='ocr_carea' id='block_1_3' title="bbox 239 1323 1498 2157">
    <p class='ocr_par' dir='ltr' id='par_1_3' title="bbox 1298 1323 1441 1408">
     <span class='ocr_line' id='line_1_10' title="bbox 1298 1323 1441 1408; baseline 0.014 -21"><span class='ocrx_word' id='word_1_93' title='bbox 1298 1328 1378 1408; x_wconf 91' lang='grc' dir='ltr'><strong><em>Στρ.</em></strong></span> <span class='ocrx_word' id='word_1_94' title='bbox 1398 1323 1441 1389; x_wconf 89' lang='grc' dir='ltr'><strong>α’.</strong></span> 
     </span>
    </p>

    <p class='ocr_par' dir='ltr' id='par_1_4' title="bbox 264 1429 1498 1837">
     <span class='ocr_line' id='line_1_11' title="bbox 264 1429 1282 1516; baseline -0.002 -20"><span class='ocrx_word' id='word_1_95' title='bbox 264 1430 349 1516; x_wconf 77' lang='grc' dir='ltr'><strong>Ὦρα</strong></span> <span class='ocrx_word' id='word_1_96' title='bbox 371 1435 500 1514; x_wconf 82' lang='grc' dir='ltr'><strong><em>πότνια,</em></strong></span> <span class='ocrx_word' id='word_1_97' title='bbox 523 1431 626 1516; x_wconf 85' lang='grc' dir='ltr'><strong><em>κᾶρυξ</em></strong></span> <span class='ocrx_word' id='word_1_98' title='bbox 647 1430 854 1516; x_wconf 77' lang='grc' dir='ltr'><strong><em>Ἀφροδίτας</em></strong></span> <span class='ocrx_word' id='word_1_99' title='bbox 877 1429 1063 1515; x_wconf 87' lang='grc' dir='ltr'><strong><em>ἀμβροσιᾶν</em></strong></span> <span class='ocrx_word' id='word_1_100' title='bbox 1084 1430 1282 1514; x_wconf 78' lang='grc' dir='ltr'><strong><em>φιλοτάτων,</em></strong></span> 
     </span>
     <span class='ocr_line' id='line_1_12' title="bbox 273 1536 1150 1623; baseline -0.002 -20"><span class='ocrx_word' id='word_1_101' title='bbox 273 1541 327 1604; x_wconf 84' lang='grc' dir='ltr'><strong>ἀτε</strong></span> <span class='ocrx_word' id='word_1_102' title='bbox 351 1543 568 1621; x_wconf 82' lang='grc' dir='ltr'><strong><em>παρθενηίοις</em></strong></span> <span class='ocrx_word' id='word_1_103' title='bbox 591 1539 722 1603; x_wconf 73' lang='grc' dir='ltr'><strong><em>παίδων</em></strong></span> <span class='ocrx_word' id='word_1_104' title='bbox 744 1536 771 1602; x_wconf 82' lang='grc' dir='ltr'><strong>τ’</strong></span> <span class='ocrx_word' id='word_1_105' title='bbox 800 1537 948 1621; x_wconf 82' lang='grc' dir='ltr'><strong><em>ἐφίζοισα</em></strong></span> <span class='ocrx_word' id='word_1_106' title='bbox 971 1537 1150 1623; x_wconf 78' lang='grc' dir='ltr'><strong><em>γλεφάροις</em></strong></span> 
     </span>
     <span class='ocr_line' id='line_1_13' title="bbox 275 1642 1498 1731; baseline -0.001 -20"><span class='ocrx_word' id='word_1_107' title='bbox 275 1649 334 1711; x_wconf 86' lang='grc' dir='ltr'><strong><em>τὸν</em></strong></span> <span class='ocrx_word' id='word_1_108' title='bbox 356 1643 417 1730; x_wconf 74' lang='grc' dir='ltr'><strong>μὲν</strong></span> <span class='ocrx_word' id='word_1_109' title='bbox 439 1645 572 1730; x_wconf 77' lang='grc' dir='ltr'><strong><em>ἁμέροις</em></strong></span> <span class='ocrx_word' id='word_1_110' title='bbox 596 1645 739 1728; x_wconf 80' lang='grc' dir='ltr'><strong><em>ἀνάγκας</em></strong></span> <span class='ocrx_word' id='word_1_111' title='bbox 763 1642 854 1729; x_wconf 81' lang='grc' dir='ltr'><strong><em>χερσὶ</em></strong></span> <span class='ocrx_word' id='word_1_112' title='bbox 877 1645 1060 1727; x_wconf 82' lang='grc' dir='ltr'><strong><em>βαστάζεις,</em></strong></span> <span class='ocrx_word' id='word_1_113' title='bbox 1084 1643 1197 1730; x_wconf 78' lang='grc' dir='ltr'><strong><em>ἕτερον</em></strong></span> <span class='ocrx_word' id='word_1_114' title='bbox 1220 1643 1251 1710; x_wconf 82' lang='grc' dir='ltr'><strong>θ’</strong></span> <span class='ocrx_word' id='word_1_115' title='bbox 1278 1643 1412 1731; x_wconf 81' lang='grc' dir='ltr'><strong><em>ἑτέραις.</em></strong></span> <span class='ocrx_word' id='word_1_116' title='bbox 1482 1664 1498 1710; x_wconf 85' lang='lat'>5</span> 
     </span>
     <span class='ocr_line' id='line_1_14' title="bbox 274 1750 835 1837; baseline -0.005 -19"><span class='ocrx_word' id='word_1_117' title='bbox 274 1754 423 1836; x_wconf 79' lang='grc' dir='ltr'><strong><em>ἀγαπατὰ</em></strong></span> <span class='ocrx_word' id='word_1_118' title='bbox 446 1750 481 1817; x_wconf 76' lang='lat' dir='ltr'><strong>&lt;lt</strong></span> <span class='ocrx_word' id='word_1_119' title='bbox 506 1762 624 1836; x_wconf 86' lang='grc' dir='ltr'><strong><em>καιροῦ</em></strong></span> <span class='ocrx_word' id='word_1_120' title='bbox 647 1755 690 1837; x_wconf 77' lang='grc' dir='ltr'><strong><em>μὴ</em></strong></span> <span class='ocrx_word' id='word_1_121' title='bbox 715 1756 835 1816; x_wconf 87' lang='grc' dir='ltr'><strong><em>πλανα-</em></strong></span> 
     </span>
    </p>

    <p class='ocr_par' dir='ltr' id='par_1_5' title="bbox 317 1858 809 1944">
     <span class='ocr_line' id='line_1_15' title="bbox 317 1858 809 1944; baseline -0.004 -19"><span class='ocrx_word' id='word_1_122' title='bbox 317 1859 421 1925; x_wconf 73' lang='grc' dir='ltr'><strong><em>θέντα</em></strong></span> <span class='ocrx_word' id='word_1_123' title='bbox 444 1861 527 1944; x_wconf 89' lang='grc' dir='ltr'><strong><em>πρὸς</em></strong></span> <span class='ocrx_word' id='word_1_124' title='bbox 550 1864 649 1944; x_wconf 83' lang='grc' dir='ltr'><strong><em>ἔργον</em></strong></span> <span class='ocrx_word' id='word_1_125' title='bbox 671 1858 809 1924; x_wconf 79' lang='grc' dir='ltr'><strong><em>ἕκαστον</em></strong></span> 
     </span>
    </p>

    <p class='ocr_par' dir='ltr' id='par_1_6' title="bbox 239 1966 799 2157">
     <span class='ocr_line' id='line_1_16' title="bbox 239 1966 627 2052; baseline -0.003 -20"><span class='ocrx_word' id='word_1_126' title='bbox 239 1987 254 2032; x_wconf 81' lang='lat'>5</span> <span class='ocrx_word' id='word_1_127' title='bbox 274 1979 341 2032; x_wconf 88' lang='grc' dir='ltr'><strong><em>τῶν</em></strong></span> <span class='ocrx_word' id='word_1_128' title='bbox 365 1966 526 2052; x_wconf 77' lang='grc' dir='ltr'><strong><em>ἀρειόνων</em></strong></span> <span class='ocrx_word' id='word_1_129' title='bbox 549 1966 627 2051; x_wconf 78' lang='grc' dir='ltr'><strong><em>ἐρώ-</em></strong></span> 
     </span>
     <span class='ocr_line' id='line_1_17' title="bbox 319 2072 799 2157; baseline -0.002 -19"><span class='ocrx_word' id='word_1_130' title='bbox 319 2099 387 2139; x_wconf 92' lang='grc' dir='ltr'><strong><em>των</em></strong></span> <span class='ocrx_word' id='word_1_131' title='bbox 410 2072 596 2157; x_wconf 79' lang='grc' dir='ltr'><strong><em>ἐπικρατεῖν</em></strong></span> <span class='ocrx_word' id='word_1_132' title='bbox 619 2074 799 2138; x_wconf 73' lang='grc' dir='ltr'><strong><em>δύνασθαι</em></strong></span> 
     </span>
    </p>
   </div>
   <div class='ocr_carea' id='block_1_4' title="bbox 225 2214 1499 3045">
    <p class='ocr_par' dir='ltr' id='par_1_7' title="bbox 225 2214 1499 3045">
     <span class='ocr_line' id='line_1_18' title="bbox 1296 2214 1443 2281; baseline 0.014 -2"><span class='ocrx_word' id='word_1_133' title='bbox 1296 2214 1379 2281; x_wconf 84' lang='grc' dir='ltr'><strong><em>Ἀντ.</em></strong></span> <span class='ocrx_word' id='word_1_134' title='bbox 1400 2216 1443 2281; x_wconf 90' lang='grc' dir='ltr'><strong>α’.</strong></span> 
     </span>
     <span class='ocr_line' id='line_1_19' title="bbox 276 2316 1499 2407; baseline 0 -20"><span class='ocrx_word' id='word_1_135' title='bbox 276 2316 340 2390; x_wconf 85' lang='grc' dir='ltr'><strong><em>οἷοι</em></strong></span> <span class='ocrx_word' id='word_1_136' title='bbox 364 2322 418 2388; x_wconf 82' lang='grc' dir='ltr'><strong>καὶ</strong></span> <span class='ocrx_word' id='word_1_137' title='bbox 442 2325 525 2400; x_wconf 87' lang='grc' dir='ltr'><strong><em>Διὸς</em></strong></span> <span class='ocrx_word' id='word_1_138' title='bbox 552 2326 689 2406; x_wconf 77' lang='grc' dir='ltr'><strong><em>Αἰγίνας</em></strong></span> <span class='ocrx_word' id='word_1_139' title='bbox 712 2346 744 2387; x_wconf 82' lang='grc' dir='ltr'><strong><em>τε</em></strong></span> <span class='ocrx_word' id='word_1_140' title='bbox 770 2322 906 2406; x_wconf 75' lang='grc' dir='ltr'><strong><em>λέκτρον</em></strong></span> <span class='ocrx_word' id='word_1_141' title='bbox 929 2321 1081 2407; x_wconf 83' lang='grc' dir='ltr'><strong><em>ποιμένες</em></strong></span> <span class='ocrx_word' id='word_1_142' title='bbox 1104 2322 1342 2406; x_wconf 78' lang='grc' dir='ltr'><strong><em>ἀμφεπόλησαν</em></strong></span> <span class='ocrx_word' id='word_1_143' title='bbox 1468 2342 1499 2389; x_wconf 91' lang='lat'><strong>10</strong></span> 
     </span>
     <span class='ocr_line' id='line_1_20' title="bbox 279 2428 1272 2515; baseline -0.001 -21"><span class='ocrx_word' id='word_1_144' title='bbox 279 2435 429 2515; x_wconf 87' lang='grc' dir='ltr'><strong><em>Κυπρίας</em></strong></span> <span class='ocrx_word' id='word_1_145' title='bbox 451 2431 583 2514; x_wconf 81' lang='grc' dir='ltr'><strong><em>ἀώρων·</em></strong></span> <span class='ocrx_word' id='word_1_146' title='bbox 607 2434 764 2513; x_wconf 79' lang='grc' dir='ltr'><strong><em>ἔβλαστεν</em></strong></span> <span class='ocrx_word' id='word_1_147' title='bbox 787 2428 818 2493; x_wconf 78' lang='grc' dir='ltr'><strong>θ’</strong></span> <span class='ocrx_word' id='word_1_148' title='bbox 844 2431 917 2505; x_wconf 83' lang='grc' dir='ltr'><strong><em>υίὸς</em></strong></span> <span class='ocrx_word' id='word_1_149' title='bbox 942 2431 1094 2506; x_wconf 76' lang='grc' dir='ltr'><strong><em>Οἰνώνας</em></strong></span> <span class='ocrx_word' id='word_1_150' title='bbox 1116 2432 1272 2512; x_wconf 89' lang='grc' dir='ltr'><strong><em>βασιλεὺς</em></strong></span> 
     </span>
     <span class='ocr_line' id='line_1_21' title="bbox 277 2533 1433 2621; baseline 0 -19"><span class='ocrx_word' id='word_1_151' title='bbox 277 2536 361 2621; x_wconf 85' lang='grc' dir='ltr'><strong><em>χειρὶ</em></strong></span> <span class='ocrx_word' id='word_1_152' title='bbox 384 2535 437 2600; x_wconf 82' lang='grc' dir='ltr'><strong>καὶ</strong></span> <span class='ocrx_word' id='word_1_153' title='bbox 461 2540 597 2618; x_wconf 84' lang='grc' dir='ltr'><strong><em>βουλαῖς</em></strong></span> <span class='ocrx_word' id='word_1_154' title='bbox 620 2538 767 2621; x_wconf 83' lang='grc' dir='ltr'><strong><em>ἀριστος·</em></strong></span> <span class='ocrx_word' id='word_1_155' title='bbox 792 2536 897 2600; x_wconf 89' lang='grc' dir='ltr'><strong><em>πολλά</em></strong></span> <span class='ocrx_word' id='word_1_156' title='bbox 920 2560 975 2600; x_wconf 91' lang='grc' dir='ltr'><strong>νιν</strong></span> <span class='ocrx_word' id='word_1_157' title='bbox 997 2533 1114 2601; x_wconf 81' lang='grc' dir='ltr'><strong><em>πολλοὶ</em></strong></span> <span class='ocrx_word' id='word_1_158' title='bbox 1137 2535 1311 2601; x_wconf 88' lang='grc' dir='ltr'><strong><em>λιτάνευον</em></strong></span> <span class='ocrx_word' id='word_1_159' title='bbox 1335 2539 1433 2603; x_wconf 77' lang='grc' dir='ltr'><strong><em>ἰδεῖν·</em></strong></span> 
     </span>
     <span class='ocr_line' id='line_1_22' title="bbox 276 2642 1498 2728; baseline 0.001 -20"><span class='ocrx_word' id='word_1_160' title='bbox 276 2642 392 2728; x_wconf 81' lang='grc' dir='ltr'><strong><em>ἀβοατὶ</em></strong></span> <span class='ocrx_word' id='word_1_161' title='bbox 416 2644 478 2726; x_wconf 91' lang='grc' dir='ltr'><strong>γάρ</strong></span> <span class='ocrx_word' id='word_1_162' title='bbox 501 2642 620 2727; x_wconf 80' lang='grc' dir='ltr'><strong><em>ἡρώων</em></strong></span> <span class='ocrx_word' id='word_1_163' title='bbox 642 2645 704 2708; x_wconf 89' lang='grc' dir='ltr'><strong><em>ἀω-</em></strong></span> <span class='ocrx_word' id='word_1_164' title='bbox 1466 2664 1498 2709; x_wconf 78' lang='lat'><strong>15</strong></span> 
     </span>
     <span class='ocr_line' id='line_1_23' title="bbox 319 2753 690 2832; baseline -0.003 -17"><span class='ocrx_word' id='word_1_165' title='bbox 319 2775 371 2816; x_wconf 90' lang='grc' dir='ltr'><strong>τοι</strong></span> <span class='ocrx_word' id='word_1_166' title='bbox 394 2753 690 2832; x_wconf 85' lang='grc' dir='ltr'><strong><em>περιναιεταόντων</em></strong></span> 
     </span>
     <span class='ocr_line' id='line_1_24' title="bbox 225 2862 684 2943; baseline -0.009 -18"><span class='ocrx_word' id='word_1_167' title='bbox 225 2878 256 2925; x_wconf 81' lang='grc' dir='ltr'><strong>ιο</strong></span> <span class='ocrx_word' id='word_1_168' title='bbox 276 2863 400 2943; x_wconf 77' lang='grc' dir='ltr'><strong><em>ἤθελον</em></strong></span> <span class='ocrx_word' id='word_1_169' title='bbox 423 2863 534 2924; x_wconf 85' lang='grc' dir='ltr'><strong><em>κείνου</em></strong></span> <span class='ocrx_word' id='word_1_170' title='bbox 557 2881 594 2941; x_wconf 86' lang='grc' dir='ltr'><strong><em>γε</em></strong></span> <span class='ocrx_word' id='word_1_171' title='bbox 616 2862 684 2922; x_wconf 86' lang='grc' dir='ltr'><strong><em>πεί-</em></strong></span> 
     </span>
     <span class='ocr_line' id='line_1_25' title="bbox 320 2963 759 3045; baseline -0.005 -14"><span class='ocrx_word' id='word_1_172' title='bbox 320 2965 417 3031; x_wconf 82' lang='grc' dir='ltr'><strong><em>θεσθ’</em></strong></span> <span class='ocrx_word' id='word_1_173' title='bbox 445 2964 593 3043; x_wconf 77' lang='grc' dir='ltr'><strong><em>ἀναξίαις</em></strong></span> <span class='ocrx_word' id='word_1_174' title='bbox 617 2963 759 3045; x_wconf 81' lang='grc' dir='ltr'><strong><em>ἑκόντες,</em></strong></span> 
     </span>
    </p>
   </div>
   <div class='ocr_carea' id='block_1_5' title="bbox 224 3191 1504 3694">
    <p class='ocr_par' dir='ltr' id='par_1_8' title="bbox 224 3191 1504 3694">
     <span class='ocr_line' id='line_1_26' title="bbox 295 3191 1502 3263; baseline 0 -14"><span class='ocrx_word' id='word_1_175' title='bbox 295 3216 374 3250; x_wconf 69' lang='lat' dir='ltr'><strong>rems</strong></span> <span class='ocrx_word' id='word_1_176' title='bbox 400 3215 502 3249; x_wconf 78' lang='lat' dir='ltr'><strong>nrcrro.</strong></span> <span class='ocrx_word' id='word_1_177' title='bbox 541 3195 623 3248; x_wconf 86' lang='lat' dir='ltr'><strong>Inscr.</strong></span> <span class='ocrx_word' id='word_1_178' title='bbox 645 3211 689 3247; x_wconf 88' lang='lat' dir='ltr'><strong>om</strong></span> <span class='ocrx_word' id='word_1_179' title='bbox 709 3194 771 3248; x_wconf 90' lang='lat' dir='ltr'><strong>BD</strong></span> <span class='ocrx_word' id='word_1_180' title='bbox 792 3226 823 3233; x_wconf 89' lang='lat'>—</span> <span class='ocrx_word' id='word_1_181' title='bbox 844 3194 949 3248; x_wconf 81' lang='lat' dir='ltr'><strong>Schol:</strong></span> <span class='ocrx_word' id='word_1_182' title='bbox 970 3191 1038 3247; x_wconf 77' lang='grc' dir='ltr'><strong><em>ἔνιοί</em></strong></span> <span class='ocrx_word' id='word_1_183' title='bbox 1057 3214 1145 3263; x_wconf 89' lang='grc' dir='ltr'><strong><em>φασιν</em></strong></span> <span class='ocrx_word' id='word_1_184' title='bbox 1164 3197 1286 3257; x_wconf 79' lang='grc' dir='ltr'><strong><em>οταθιεῖς</em></strong></span> <span class='ocrx_word' id='word_1_185' title='bbox 1304 3191 1394 3248; x_wconf 73' lang='grc' dir='ltr'><strong><em>αὐτόν</em></strong></span> <span class='ocrx_word' id='word_1_186' title='bbox 1408 3214 1437 3249; x_wconf 81' lang='grc' dir='ltr'><strong><em>τε</em></strong></span> <span class='ocrx_word' id='word_1_187' title='bbox 1453 3194 1502 3250; x_wconf 79' lang='grc' dir='ltr'><strong><em>τόν</em></strong></span> 
     </span>
     <span class='ocr_line' id='line_1_27' title="bbox 225 3263 1504 3337; baseline -0.002 -15"><span class='ocrx_word' id='word_1_188' title='bbox 225 3266 342 3322; x_wconf 83' lang='grc' dir='ltr'><strong><em>Δεινίαν</em></strong></span> <span class='ocrx_word' id='word_1_189' title='bbox 368 3268 416 3321; x_wconf 85' lang='grc' dir='ltr'><strong>καὶ</strong></span> <span class='ocrx_word' id='word_1_190' title='bbox 442 3266 491 3320; x_wconf 84' lang='grc' dir='ltr'><strong><em>τὸν</em></strong></span> <span class='ocrx_word' id='word_1_191' title='bbox 515 3264 637 3333; x_wconf 77' lang='grc' dir='ltr'><strong><em>πατέρα,</em></strong></span> <span class='ocrx_word' id='word_1_192' title='bbox 665 3266 713 3319; x_wconf 84' lang='grc' dir='ltr'><strong>καὶ</strong></span> <span class='ocrx_word' id='word_1_193' title='bbox 738 3273 820 3319; x_wconf 83' lang='grc' dir='ltr'><strong><em>τοῦτο</em></strong></span> <span class='ocrx_word' id='word_1_194' title='bbox 846 3264 982 3337; x_wconf 75' lang='grc' dir='ltr'><strong><em>βλέποντα</em></strong></span> <span class='ocrx_word' id='word_1_195' title='bbox 1007 3265 1057 3319; x_wconf 86' lang='grc' dir='ltr'><strong><em>τὸν</em></strong></span> <span class='ocrx_word' id='word_1_196' title='bbox 1082 3263 1227 3334; x_wconf 75' lang='grc' dir='ltr'><strong><em>Πίνδαρον</em></strong></span> <span class='ocrx_word' id='word_1_197' title='bbox 1252 3267 1382 3329; x_wconf 78' lang='grc' dir='ltr'><strong><em>Δείνιθος</em></strong></span> <span class='ocrx_word' id='word_1_198' title='bbox 1400 3268 1504 3321; x_wconf 78' lang='grc' dir='ltr'><strong><em>δισσῶν</em></strong></span> 
     </span>
     <span class='ocr_line' id='line_1_28' title="bbox 225 3334 1502 3409; baseline -0.001 -16"><span class='ocrx_word' id='word_1_199' title='bbox 225 3337 345 3393; x_wconf 80' lang='grc' dir='ltr'><strong><em>σταδίων</em></strong></span> <span class='ocrx_word' id='word_1_200' title='bbox 364 3339 410 3392; x_wconf 80' lang='grc' dir='ltr'><strong>καλ</strong></span> <span class='ocrx_word' id='word_1_201' title='bbox 431 3337 536 3405; x_wconf 78' lang='grc' dir='ltr'><strong><em>πατρὸς</em></strong></span> <span class='ocrx_word' id='word_1_202' title='bbox 556 3337 653 3391; x_wconf 79' lang='grc' dir='ltr'><strong><em>εἰπεῖν.</em></strong></span> <span class='ocrx_word' id='word_1_203' title='bbox 689 3335 802 3407; x_wconf 77' lang='grc' dir='ltr'><strong><em>παρέχει</em></strong></span> <span class='ocrx_word' id='word_1_204' title='bbox 824 3335 856 3390; x_wconf 71' lang='grc' dir='ltr'><strong>δι’</strong></span> <span class='ocrx_word' id='word_1_205' title='bbox 874 3355 960 3406; x_wconf 81' lang='grc' dir='ltr'><strong><em>φησιν</em></strong></span> <span class='ocrx_word' id='word_1_206' title='bbox 979 3336 993 3390; x_wconf 86' lang='grc' dir='ltr'><strong><em>ό</em></strong></span> <span class='ocrx_word' id='word_1_207' title='bbox 1014 3334 1145 3407; x_wconf 75' lang='grc' dir='ltr'><strong><em>Δίδυμος,</em></strong></span> <span class='ocrx_word' id='word_1_208' title='bbox 1165 3337 1241 3409; x_wconf 79' lang='grc' dir='ltr'><strong><em>[τὴν]</em></strong></span> <span class='ocrx_word' id='word_1_209' title='bbox 1260 3334 1384 3406; x_wconf 80' lang='grc' dir='ltr'><strong><em>ἀπορίαν</em></strong></span> <span class='ocrx_word' id='word_1_210' title='bbox 1402 3337 1435 3392; x_wconf 79' lang='grc' dir='ltr'><strong>τό</strong></span> <span class='ocrx_word' id='word_1_211' title='bbox 1453 3358 1502 3407; x_wconf 68' lang='grc' dir='ltr'><strong><em>μη-</em></strong></span> 
     </span>
     <span class='ocr_line' id='line_1_29' title="bbox 225 3407 1503 3478; baseline 0 -15"><span class='ocrx_word' id='word_1_212' title='bbox 225 3411 338 3477; x_wconf 73' lang='grc' dir='ltr'><strong><em>δέτερον</em></strong></span> <span class='ocrx_word' id='word_1_213' title='bbox 358 3410 449 3463; x_wconf 76' lang='grc' dir='ltr'><strong><em>αὐτῶν</em></strong></span> <span class='ocrx_word' id='word_1_214' title='bbox 470 3408 500 3462; x_wconf 71' lang='grc' dir='ltr'><strong><em>ἐν</em></strong></span> <span class='ocrx_word' id='word_1_215' title='bbox 518 3418 576 3471; x_wconf 78' lang='grc' dir='ltr'><strong><em>τοῖς</em></strong></span> <span class='ocrx_word' id='word_1_216' title='bbox 596 3410 783 3478; x_wconf 88' lang='grc' dir='ltr'><strong><em>Νεμεονίκαις</em></strong></span> <span class='ocrx_word' id='word_1_217' title='bbox 801 3407 1022 3476; x_wconf 85' lang='grc' dir='ltr'><strong><em>ἀναγεγράφθαι</em></strong></span> <span class='ocrx_word' id='word_1_218' title='bbox 1047 3441 1079 3448; x_wconf 90' lang='grc'><strong>--</strong></span> <span class='ocrx_word' id='word_1_219' title='bbox 1104 3415 1128 3462; x_wconf 75' lang='grc' dir='ltr'><strong>θ.</strong></span> <span class='ocrx_word' id='word_1_220' title='bbox 1153 3409 1353 3477; x_wconf 80' lang='grc' dir='ltr'><strong><em>παρθενηΐοιοι</em></strong></span> <span class='ocrx_word' id='word_1_221' title='bbox 1371 3409 1408 3477; x_wconf 87' lang='grc' dir='ltr'><strong>Β,</strong></span> <span class='ocrx_word' id='word_1_222' title='bbox 1431 3430 1503 3477; x_wconf 80' lang='grc' dir='ltr'><strong><em>παρ·</em></strong></span> 
     </span>
     <span class='ocr_line' id='line_1_30' title="bbox 224 3477 1503 3552; baseline 0.001 -17"><span class='ocrx_word' id='word_1_223' title='bbox 224 3480 343 3536; x_wconf 83' lang='grc' dir='ltr'><strong><em>θενίοιοι</em></strong></span> <span class='ocrx_word' id='word_1_224' title='bbox 368 3482 395 3534; x_wconf 90' lang='lat' dir='ltr'><strong><em>D</em></strong></span> <span class='ocrx_word' id='word_1_225' title='bbox 416 3512 447 3519; x_wconf 91' lang='lat'><strong>——</strong></span> <span class='ocrx_word' id='word_1_226' title='bbox 470 3481 547 3552; x_wconf 86' lang='grc' dir='ltr'><strong><em>βλεφ.</em></strong></span> <span class='ocrx_word' id='word_1_227' title='bbox 569 3479 636 3533; x_wconf 87' lang='lat' dir='ltr'><strong>BD</strong></span> <span class='ocrx_word' id='word_1_228' title='bbox 660 3512 691 3519; x_wconf 86' lang='lat'><em>-</em></span> <span class='ocrx_word' id='word_1_229' title='bbox 717 3486 741 3534; x_wconf 82' lang='grc'><strong>3.</strong></span> <span class='ocrx_word' id='word_1_230' title='bbox 769 3478 879 3549; x_wconf 81' lang='grc' dir='ltr'><strong><em>ἀμάρας</em></strong></span> <span class='ocrx_word' id='word_1_231' title='bbox 898 3480 934 3546; x_wconf 83' lang='lat' dir='ltr'><strong>D,</strong></span> <span class='ocrx_word' id='word_1_232' title='bbox 960 3477 1077 3548; x_wconf 84' lang='grc' dir='ltr'><strong><em>ἁμέραις</em></strong></span> <span class='ocrx_word' id='word_1_233' title='bbox 1103 3480 1211 3534; x_wconf 78' lang='lat' dir='ltr'><strong>Heeker</strong></span> <span class='ocrx_word' id='word_1_234' title='bbox 1236 3480 1347 3534; x_wconf 71' lang='lat' dir='ltr'><strong>collatis</strong></span> <span class='ocrx_word' id='word_1_235' title='bbox 1366 3479 1400 3535; x_wconf 90' lang='lat' dir='ltr'><strong>N.</strong></span> <span class='ocrx_word' id='word_1_236' title='bbox 1416 3496 1503 3536; x_wconf 73' lang='lat' dir='ltr'><strong>msa.</strong></span> 
     </span>
     <span class='ocr_line' id='line_1_31' title="bbox 224 3549 1501 3623; baseline 0.001 -17"><span class='ocrx_word' id='word_1_237' title='bbox 224 3574 251 3606; x_wconf 85' lang='lat'><strong>11</strong></span> <span class='ocrx_word' id='word_1_238' title='bbox 271 3572 296 3607; x_wconf 81' lang='grc' dir='ltr'><strong>ιι</strong></span> <span class='ocrx_word' id='word_1_239' title='bbox 315 3551 500 3623; x_wconf 84' lang='lat' dir='ltr'><strong>probabiliter</strong></span> <span class='ocrx_word' id='word_1_240' title='bbox 529 3584 564 3591; x_wconf 80' lang='lat'><em>—</em></span> <span class='ocrx_word' id='word_1_241' title='bbox 590 3550 727 3620; x_wconf 81' lang='grc' dir='ltr'><strong><em>ἀνάγκαις</em></strong></span> <span class='ocrx_word' id='word_1_242' title='bbox 754 3551 908 3615; x_wconf 83' lang='lat' dir='ltr'><strong>Herma-nn,</strong></span> <span class='ocrx_word' id='word_1_243' title='bbox 932 3549 981 3604; x_wconf 89' lang='grc' dir='ltr'><strong>ἀν’</strong></span> <span class='ocrx_word' id='word_1_244' title='bbox 1002 3550 1091 3620; x_wconf 81' lang='grc' dir='ltr'><strong><em>ἀγκὰς</em></strong></span> <span class='ocrx_word' id='word_1_245' title='bbox 1119 3551 1231 3604; x_wconf 78' lang='lat' dir='ltr'><strong>Schmid</strong></span> <span class='ocrx_word' id='word_1_246' title='bbox 1260 3550 1447 3622; x_wconf 85' lang='lat' dir='ltr'><strong>probabiliter</strong></span> <span class='ocrx_word' id='word_1_247' title='bbox 1469 3584 1501 3593; x_wconf 93' lang='lat'><strong>-—</strong></span> 
     </span>
     <span class='ocr_line' id='line_1_32' title="bbox 225 3621 1087 3694; baseline -0.005 -17"><span class='ocrx_word' id='word_1_248' title='bbox 225 3631 249 3678; x_wconf 88' lang='grc'><strong>6.</strong></span> <span class='ocrx_word' id='word_1_249' title='bbox 270 3622 401 3692; x_wconf 67' lang='grc' dir='ltr'><strong><em>ποιμένος</em></strong></span> <span class='ocrx_word' id='word_1_250' title='bbox 419 3623 446 3676; x_wconf 88' lang='lat' dir='ltr'><strong><em>D</em></strong></span> <span class='ocrx_word' id='word_1_251' title='bbox 461 3656 494 3662; x_wconf 90' lang='lat'>—</span> <span class='ocrx_word' id='word_1_252' title='bbox 514 3629 537 3676; x_wconf 80' lang='lat'><strong>9.</strong></span> <span class='ocrx_word' id='word_1_253' title='bbox 558 3623 602 3693; x_wconf 89' lang='grc' dir='ltr'><strong><em>ἀβ.</em></strong></span> <span class='ocrx_word' id='word_1_254' title='bbox 622 3622 718 3676; x_wconf 69' lang='lat' dir='ltr'><strong>Trici:</strong></span> <span class='ocrx_word' id='word_1_255' title='bbox 738 3624 800 3694; x_wconf 84' lang='grc' dir='ltr'><strong><em>κάβ.</em></strong></span> <span class='ocrx_word' id='word_1_256' title='bbox 822 3624 848 3676; x_wconf 83' lang='grc' dir='ltr'><em>Β</em></span> <span class='ocrx_word' id='word_1_257' title='bbox 856 3622 884 3675; x_wconf 86' lang='lat' dir='ltr'><strong>l)</strong></span> <span class='ocrx_word' id='word_1_258' title='bbox 903 3625 930 3675; x_wconf 82' lang='lat' dir='ltr'><strong>et</strong></span> <span class='ocrx_word' id='word_1_259' title='bbox 950 3621 1034 3676; x_wconf 84' lang='lat' dir='ltr'><strong>schol.</strong></span> <span class='ocrx_word' id='word_1_260' title='bbox 1056 3655 1087 3662; x_wconf 90' lang='lat'>-</span> 
     </span>
    </p>
   </div>
   <div class='ocr_carea' id='block_1_6' title="bbox 223 3764 1504 4345">
    <p class='ocr_par' dir='ltr' id='par_1_9' title="bbox 223 3764 1504 4345">
     <span class='ocr_line' id='line_1_33' title="bbox 297 3764 1502 3835; baseline 0.004 -19"><span class='ocrx_word' id='word_1_261' title='bbox 297 3784 485 3818; x_wconf 73' lang='lat' dir='ltr'><strong>‹tonunnrsmn</strong></span> <span class='ocrx_word' id='word_1_262' title='bbox 515 3783 538 3818; x_wconf 87' lang='lat' dir='ltr'><strong>v.</strong></span> <span class='ocrx_word' id='word_1_263' title='bbox 558 3770 580 3817; x_wconf 91' lang='lat' dir='ltr'><strong>l.</strong></span> <span class='ocrx_word' id='word_1_264' title='bbox 601 3764 638 3817; x_wconf 90' lang='lat' dir='ltr'><strong>ab</strong></span> <span class='ocrx_word' id='word_1_265' title='bbox 653 3766 799 3819; x_wconf 82' lang='lat' dir='ltr'><strong>lurentute</strong></span> <span class='ocrx_word' id='word_1_266' title='bbox 814 3768 843 3818; x_wconf 88' lang='lat' dir='ltr'><strong>et</strong></span> <span class='ocrx_word' id='word_1_267' title='bbox 857 3764 1005 3818; x_wconf 78' lang='lat' dir='ltr'><strong>Amoribus</strong></span> <span class='ocrx_word' id='word_1_268' title='bbox 1023 3764 1134 3819; x_wconf 88' lang='lat' dir='ltr'><strong>initium</strong></span> <span class='ocrx_word' id='word_1_269' title='bbox 1154 3764 1285 3819; x_wconf 81' lang='lat' dir='ltr'><strong>carminis</strong></span> <span class='ocrx_word' id='word_1_270' title='bbox 1303 3768 1388 3835; x_wconf 82' lang='lat' dir='ltr'><strong>poeta</strong></span> <span class='ocrx_word' id='word_1_271' title='bbox 1408 3767 1502 3831; x_wconf 75' lang='lat' dir='ltr'><strong>sumit.</strong></span> 
     </span>
     <span class='ocr_line' id='line_1_34' title="bbox 225 3835 1503 3908; baseline 0.002 -19"><span class='ocrx_word' id='word_1_272' title='bbox 225 3838 299 3904; x_wconf 82' lang='lat' dir='ltr'><strong>quod</strong></span> <span class='ocrx_word' id='word_1_273' title='bbox 326 3836 405 3889; x_wconf 82' lang='lat' dir='ltr'><strong>Ilinis</strong></span> <span class='ocrx_word' id='word_1_274' title='bbox 430 3835 518 3890; x_wconf 83' lang='lat' dir='ltr'><strong>vietor</strong></span> <span class='ocrx_word' id='word_1_275' title='bbox 545 3836 632 3888; x_wconf 85' lang='lat' dir='ltr'><strong>amori</strong></span> <span class='ocrx_word' id='word_1_276' title='bbox 658 3839 687 3888; x_wconf 86' lang='lat' dir='ltr'><strong>et</strong></span> <span class='ocrx_word' id='word_1_277' title='bbox 710 3835 815 3905; x_wconf 85' lang='lat' dir='ltr'><strong>nuptiis</strong></span> <span class='ocrx_word' id='word_1_278' title='bbox 841 3840 966 3889; x_wconf 88' lang='lat' dir='ltr'><strong>maturus</strong></span> <span class='ocrx_word' id='word_1_279' title='bbox 993 3840 1066 3904; x_wconf 84' lang='lat' dir='ltr'><strong>erut,</strong></span> <span class='ocrx_word' id='word_1_280' title='bbox 1094 3836 1168 3889; x_wconf 88' lang='lat' dir='ltr'><strong>unde</strong></span> <span class='ocrx_word' id='word_1_281' title='bbox 1196 3853 1230 3890; x_wconf 88' lang='lat' dir='ltr'><strong>ne</strong></span> <span class='ocrx_word' id='word_1_282' title='bbox 1257 3836 1363 3890; x_wconf 88' lang='lat' dir='ltr'><strong>iustum</strong></span> <span class='ocrx_word' id='word_1_283' title='bbox 1390 3840 1503 3908; x_wconf 82' lang='lat' dir='ltr'><strong>tempus</strong></span> 
     </span>
     <span class='ocr_line' id='line_1_35' title="bbox 226 3906 1502 3978; baseline 0.002 -17"><span class='ocrx_word' id='word_1_284' title='bbox 226 3907 335 3975; x_wconf 81' lang='grc' dir='ltr'><strong><em>(καιρὸν</em></strong></span> <span class='ocrx_word' id='word_1_285' title='bbox 350 3925 375 3960; x_wconf 80' lang='lat' dir='ltr'><strong>v.</strong></span> <span class='ocrx_word' id='word_1_286' title='bbox 390 3911 413 3974; x_wconf 83' lang='grc' dir='ltr'><strong>ο)</strong></span> <span class='ocrx_word' id='word_1_287' title='bbox 433 3906 546 3959; x_wconf 78' lang='lat' dir='ltr'><strong>amandi</strong></span> <span class='ocrx_word' id='word_1_288' title='bbox 565 3922 733 3975; x_wconf 83' lang='lat' dir='ltr'><strong>uxoremque</strong></span> <span class='ocrx_word' id='word_1_289' title='bbox 753 3907 871 3961; x_wconf 82' lang='lat' dir='ltr'><strong>ducendi</strong></span> <span class='ocrx_word' id='word_1_290' title='bbox 891 3907 1025 3977; x_wconf 69' lang='lat' dir='ltr'><strong>neglegat</strong></span> <span class='ocrx_word' id='word_1_291' title='bbox 1043 3910 1138 3961; x_wconf 89' lang='lat' dir='ltr'><strong>monet</strong></span> <span class='ocrx_word' id='word_1_292' title='bbox 1156 3939 1191 3946; x_wconf 96' lang='lat'>—</span> <span class='ocrx_word' id='word_1_293' title='bbox 1210 3914 1233 3961; x_wconf 75' lang='lat'><strong>2.</strong></span> <span class='ocrx_word' id='word_1_294' title='bbox 1255 3907 1380 3977; x_wconf 75' lang='grc' dir='ltr'><strong><em>ἐφίζοισα</em></strong></span> <span class='ocrx_word' id='word_1_295' title='bbox 1399 3908 1502 3978; x_wconf 81' lang='grc' dir='ltr'><strong><em>γλεφά-</em></strong></span> 
     </span>
     <span class='ocr_line' id='line_1_36' title="bbox 223 3975 1503 4051; baseline -0.001 -18"><span class='ocrx_word' id='word_1_296' title='bbox 223 3998 293 4046; x_wconf 86' lang='grc' dir='ltr'><strong><em>ροις·</em></strong></span> <span class='ocrx_word' id='word_1_297' title='bbox 314 3980 347 4032; x_wconf 89' lang='lat' dir='ltr'><strong>cl&#39;.</strong></span> <span class='ocrx_word' id='word_1_298' title='bbox 370 3977 472 4032; x_wconf 87' lang='lat' dir='ltr'><strong>bloseb.</strong></span> <span class='ocrx_word' id='word_1_299' title='bbox 494 3997 501 4029; x_wconf 87' lang='lat'>1</span> <span class='ocrx_word' id='word_1_300' title='bbox 521 3995 532 4031; x_wconf 82' lang='lat'>³</span> <span class='ocrx_word' id='word_1_301' title='bbox 551 3975 640 4040; x_wconf 78' lang='grc' dir='ltr'><strong><em>ὕπνος</em></strong></span> <span class='ocrx_word' id='word_1_302' title='bbox 658 3976 840 4049; x_wconf 81' lang='grc' dir='ltr'><strong><em>βλεφάροισιν</em></strong></span> <span class='ocrx_word' id='word_1_303' title='bbox 860 3976 971 4046; x_wconf 77' lang='grc' dir='ltr'><strong><em>ἐφίζων,</em></strong></span> <span class='ocrx_word' id='word_1_304' title='bbox 996 3979 1077 4048; x_wconf 86' lang='lat' dir='ltr'><strong>Sopb.</strong></span> <span class='ocrx_word' id='word_1_305' title='bbox 1098 3980 1161 4032; x_wconf 81' lang='lat' dir='ltr'><strong>Ant.</strong></span> <span class='ocrx_word' id='word_1_306' title='bbox 1183 3994 1221 4034; x_wconf 70' lang='lat' dir='ltr'><strong>tos</strong></span> <span class='ocrx_word' id='word_1_307' title='bbox 1240 3977 1388 4051; x_wconf 85' lang='grc' dir='ltr'><strong><em>βλεφάρων</em></strong></span> <span class='ocrx_word' id='word_1_308' title='bbox 1408 3978 1503 4049; x_wconf 73' lang='grc' dir='ltr'><strong><em>ἵμερος</em></strong></span> 
     </span>
     <span class='ocr_line' id='line_1_37' title="bbox 223 4048 1502 4121; baseline 0.001 -16"><span class='ocrx_word' id='word_1_309' title='bbox 223 4048 369 4117; x_wconf 81' lang='grc' dir='ltr'><strong><em>εὐλέκτρου</em></strong></span> <span class='ocrx_word' id='word_1_310' title='bbox 388 4051 512 4118; x_wconf 70' lang='grc' dir='ltr'><strong><em>νύμφας,</em></strong></span> <span class='ocrx_word' id='word_1_311' title='bbox 535 4049 600 4102; x_wconf 90' lang='lat' dir='ltr'><strong>Hor.</strong></span> <span class='ocrx_word' id='word_1_312' title='bbox 621 4050 649 4102; x_wconf 87' lang='lat' dir='ltr'><strong>C.</strong></span> <span class='ocrx_word' id='word_1_313' title='bbox 670 4068 696 4101; x_wconf 86' lang='grc' dir='ltr'><strong><em>ιν</em></strong></span> <span class='ocrx_word' id='word_1_314' title='bbox 717 4066 748 4115; x_wconf 83' lang='lat' dir='ltr'><strong>ro,</strong></span> <span class='ocrx_word' id='word_1_315' title='bbox 769 4070 780 4097; x_wconf 81' lang='lat' dir='ltr'><strong>s</strong></span> <span class='ocrx_word' id='word_1_316' title='bbox 802 4050 909 4119; x_wconf 75' lang='lat' dir='ltr'><strong>Cupido</strong></span> <span class='ocrx_word' id='word_1_317' title='bbox 925 4052 1051 4120; x_wconf 78' lang='lat' dir='ltr'><strong>pulchris</strong></span> <span class='ocrx_word' id='word_1_318' title='bbox 1069 4052 1184 4104; x_wconf 72' lang='lat' dir='ltr'><strong>accubet</strong></span> <span class='ocrx_word' id='word_1_319' title='bbox 1204 4053 1234 4103; x_wconf 86' lang='grc' dir='ltr'><strong>ιἰι</strong></span> <span class='ocrx_word' id='word_1_320' title='bbox 1251 4053 1328 4121; x_wconf 77' lang='lat' dir='ltr'><strong>penis</strong></span> <span class='ocrx_word' id='word_1_321' title='bbox 1347 4082 1381 4090; x_wconf 93' lang='lat'><em>-</em></span> <span class='ocrx_word' id='word_1_322' title='bbox 1400 4056 1426 4105; x_wconf 88' lang='lat'><strong>3.</strong></span> <span class='ocrx_word' id='word_1_323' title='bbox 1447 4050 1502 4107; x_wconf 82' lang='grc' dir='ltr'><strong>έτέ·</strong></span> 
     </span>
     <span class='ocr_line' id='line_1_38' title="bbox 224 4120 1502 4202; baseline -0.001 -25"><span class='ocrx_word' id='word_1_324' title='bbox 224 4144 286 4190; x_wconf 87' lang='grc' dir='ltr'><strong><em>ραις</em></strong></span> <span class='ocrx_word' id='word_1_325' title='bbox 304 4122 320 4175; x_wconf 93' lang='lat' dir='ltr'><strong>i.</strong></span> <span class='ocrx_word' id='word_1_326' title='bbox 341 4138 364 4175; x_wconf 88' lang='lat' dir='ltr'><strong>e.</strong></span> <span class='ocrx_word' id='word_1_327' title='bbox 385 4121 491 4190; x_wconf 79' lang='lat' dir='ltr'><strong>separis</strong></span> <span class='ocrx_word' id='word_1_328' title='bbox 511 4124 539 4175; x_wconf 90' lang='lat' dir='ltr'><strong>et</strong></span> <span class='ocrx_word' id='word_1_329' title='bbox 559 4120 709 4181; x_wconf 78' lang='lat' dir='ltr'><strong>ferocibus;</strong></span> <span class='ocrx_word' id='word_1_330' title='bbox 736 4120 841 4175; x_wconf 83' lang='lat' dir='ltr'><strong>similia</strong></span> <span class='ocrx_word' id='word_1_331' title='bbox 860 4121 953 4175; x_wconf 81' lang='lat' dir='ltr'><strong>nutris</strong></span> <span class='ocrx_word' id='word_1_332' title='bbox 973 4122 1001 4175; x_wconf 91' lang='lat' dir='ltr'><strong>in</strong></span> <span class='ocrx_word' id='word_1_333' title='bbox 1027 4121 1091 4175; x_wconf 84' lang='lat' dir='ltr'><strong>Eur.</strong></span> <span class='ocrx_word' id='word_1_334' title='bbox 1111 4120 1193 4202; x_wconf 89' lang='lat' dir='ltr'><strong>Hipp.</strong></span> <span class='ocrx_word' id='word_1_335' title='bbox 1214 4138 1252 4175; x_wconf 77' lang='grc' dir='ltr'><strong>ιιι</strong></span> <span class='ocrx_word' id='word_1_336' title='bbox 1268 4139 1303 4175; x_wconf 88' lang='lat' dir='ltr'><strong>ss.</strong></span> <span class='ocrx_word' id='word_1_337' title='bbox 1323 4121 1450 4190; x_wconf 86' lang='lat' dir='ltr'><strong>loquitur</strong></span> <span class='ocrx_word' id='word_1_338' title='bbox 1471 4156 1502 4164; x_wconf 93' lang='lat'><em>-</em></span> 
     </span>
     <span class='ocr_line' id='line_1_39' title="bbox 223 4190 1504 4316; baseline 0.001 -67"><span class='ocrx_word' id='word_1_339' title='bbox 223 4202 248 4249; x_wconf 83' lang='grc'><strong>4.</strong></span> <span class='ocrx_word' id='word_1_340' title='bbox 268 4192 414 4262; x_wconf 83' lang='grc' dir='ltr'><strong><em>ἀγαπατά,</em></strong></span> <span class='ocrx_word' id='word_1_341' title='bbox 434 4193 509 4260; x_wconf 88' lang='lat' dir='ltr'><strong>quod</strong></span> <span class='ocrx_word' id='word_1_342' title='bbox 529 4192 602 4246; x_wconf 85' lang='lat' dir='ltr'><strong>idem</strong></span> <span class='ocrx_word' id='word_1_343' title='bbox 622 4194 706 4316; x_wconf 52' lang='grc' dir='ltr'><strong><em>αλᾙε</em></strong></span> <span class='ocrx_word' id='word_1_344' title='bbox 726 4192 873 4261; x_wconf 85' lang='grc' dir='ltr'><strong><em>ἀγαπατὸν</em></strong></span> <span class='ocrx_word' id='word_1_345' title='bbox 893 4192 981 4260; x_wconf 78' lang='lat' dir='ltr'><strong>valet,</strong></span> <span class='ocrx_word' id='word_1_346' title='bbox 1001 4210 1063 4246; x_wconf 86' lang='lat' dir='ltr'><strong>cum</strong></span> <span class='ocrx_word' id='word_1_347' title='bbox 1084 4192 1176 4245; x_wconf 78' lang='lat' dir='ltr'><strong>verbm</strong></span> <span class='ocrx_word' id='word_1_348' title='bbox 1194 4192 1264 4258; x_wconf 82' lang='grc' dir='ltr'><strong><em>πρὸς</em></strong></span> <span class='ocrx_word' id='word_1_349' title='bbox 1283 4191 1364 4262; x_wconf 78' lang='grc' dir='ltr'><strong><em>ἔργον</em></strong></span> <span class='ocrx_word' id='word_1_350' title='bbox 1384 4190 1504 4250; x_wconf 73' lang='grc' dir='ltr'><strong><em>ἕκαστον</em></strong></span> 
     </span>
     <span class='ocr_line' id='line_1_40' title="bbox 223 4262 1504 4345; baseline 0.002 -26"><span class='ocrx_word' id='word_1_351' title='bbox 223 4265 377 4333; x_wconf 82' lang='lat' dir='ltr'><strong>coniungo.</strong></span> <span class='ocrx_word' id='word_1_352' title='bbox 397 4268 428 4316; x_wconf 87' lang='lat' dir='ltr'><strong>nt</strong></span> <span class='ocrx_word' id='word_1_353' title='bbox 447 4281 557 4318; x_wconf 89' lang='lat' dir='ltr'><strong>ornnem</strong></span> <span class='ocrx_word' id='word_1_354' title='bbox 576 4265 612 4317; x_wconf 80' lang='lat' dir='ltr'><strong>arl</strong></span> <span class='ocrx_word' id='word_1_355' title='bbox 632 4281 661 4318; x_wconf 91' lang='lat' dir='ltr'><strong>re</strong></span> <span class='ocrx_word' id='word_1_356' title='bbox 710 4264 905 4345; x_wconf 82' lang='lat' dir='ltr'><strong>opportunitas</strong></span> <span class='ocrx_word' id='word_1_357' title='bbox 924 4263 1074 4334; x_wconf 89' lang='lat' dir='ltr'><strong>plurimum</strong></span> <span class='ocrx_word' id='word_1_358' title='bbox 1095 4263 1187 4316; x_wconf 83' lang='lat' dir='ltr'><strong>valere</strong></span> <span class='ocrx_word' id='word_1_359' title='bbox 1207 4262 1329 4325; x_wconf 83' lang='lat' dir='ltr'><strong>dicatur;</strong></span> <span class='ocrx_word' id='word_1_360' title='bbox 1355 4264 1389 4318; x_wconf 82' lang='lat' dir='ltr'><strong>cs.</strong></span> <span class='ocrx_word' id='word_1_361' title='bbox 1411 4265 1444 4320; x_wconf 86' lang='lat' dir='ltr'><strong>fr.</strong></span> <span class='ocrx_word' id='word_1_362' title='bbox 1466 4282 1504 4322; x_wconf 67' lang='grc' dir='ltr'><strong>ινα</strong></span> 
     </span>
    </p>
   </div>
   <div class='ocr_carea' id='block_1_7' title="bbox 225 4333 1504 4459">
    <p class='ocr_par' dir='ltr' id='par_1_10' title="bbox 225 4333 1504 4459">
     <span class='ocr_line' id='line_1_41' title="bbox 225 4333 1504 4459; baseline 0.002 -70"><span class='ocrx_word' id='word_1_363' title='bbox 225 4370 255 4377; x_wconf 91' lang='grc'>-</span> <span class='ocrx_word' id='word_1_364' title='bbox 277 4343 300 4389; x_wconf 91' lang='grc'><strong>6.</strong></span> <span class='ocrx_word' id='word_1_365' title='bbox 328 4335 395 4397; x_wconf 85' lang='grc' dir='ltr'><strong><em>Διὸς</em></strong></span> <span class='ocrx_word' id='word_1_366' title='bbox 416 4333 527 4404; x_wconf 76' lang='grc' dir='ltr'><strong><em>Αἰγίνας</em></strong></span> <span class='ocrx_word' id='word_1_367' title='bbox 545 4355 586 4388; x_wconf 80' lang='grc' dir='ltr'><strong><em>τε·</em></strong></span> <span class='ocrx_word' id='word_1_368' title='bbox 612 4335 685 4388; x_wconf 82' lang='lat' dir='ltr'><strong>Iovis</strong></span> <span class='ocrx_word' id='word_1_369' title='bbox 705 4336 750 4388; x_wconf 81' lang='lat' dir='ltr'><strong>der</strong></span> <span class='ocrx_word' id='word_1_370' title='bbox 770 4338 798 4388; x_wconf 81' lang='lat' dir='ltr'><strong>et</strong></span> <span class='ocrx_word' id='word_1_371' title='bbox 819 4335 942 4417; x_wconf 80' lang='lat' dir='ltr'><strong>Aeginae</strong></span> <span class='ocrx_word' id='word_1_372' title='bbox 961 4335 1114 4459; x_wconf 71' lang='lat' dir='ltr'><strong>nymphae,</strong></span> <span class='ocrx_word' id='word_1_373' title='bbox 1135 4333 1273 4404; x_wconf 83' lang='lat' dir='ltr'><strong>aquibus</strong></span> <span class='ocrx_word' id='word_1_374' title='bbox 1293 4335 1402 4389; x_wconf 80' lang='lat' dir='ltr'><strong>Aeaeus</strong></span> <span class='ocrx_word' id='word_1_375' title='bbox 1422 4336 1504 4392; x_wconf 83' lang='lat' dir='ltr'><strong>heros</strong></span> 
     </span>
    </p>
   </div>
   <div class='ocr_carea' id='block_1_8' title="bbox 222 4406 1504 4906">
    <p class='ocr_par' dir='ltr' id='par_1_11' title="bbox 222 4406 1504 4906">
     <span class='ocr_line' id='line_1_42' title="bbox 223 4406 1503 4477; baseline 0.002 -16"><span class='ocrx_word' id='word_1_376' title='bbox 223 4411 262 4461; x_wconf 74' lang='lat' dir='ltr'><strong>,te</strong></span> <span class='ocrx_word' id='word_1_377' title='bbox 286 4407 424 4461; x_wconf 81' lang='lat' dir='ltr'><strong>&#39;netarum</strong></span> <span class='ocrx_word' id='word_1_378' title='bbox 439 4410 593 4475; x_wconf 80' lang='lat' dir='ltr'><strong>prognatus</strong></span> <span class='ocrx_word' id='word_1_379' title='bbox 609 4412 664 4471; x_wconf 78' lang='lat' dir='ltr'><strong>est3</strong></span> <span class='ocrx_word' id='word_1_380' title='bbox 683 4423 778 4460; x_wconf 86' lang='lat' dir='ltr'><strong>eornm</strong></span> <span class='ocrx_word' id='word_1_381' title='bbox 793 4409 906 4477; x_wconf 83' lang='lat' dir='ltr'><strong>nuptras</strong></span> <span class='ocrx_word' id='word_1_382' title='bbox 921 4406 1013 4476; x_wconf 88' lang='lat' dir='ltr'><strong>lepide</strong></span> <span class='ocrx_word' id='word_1_383' title='bbox 1050 4406 1107 4459; x_wconf 88' lang='lat' dir='ltr'><strong>ind.</strong></span> <span class='ocrx_word' id='word_1_384' title='bbox 1123 4407 1143 4461; x_wconf 88' lang='lat'><strong>1.</strong></span> <span class='ocrx_word' id='word_1_385' title='bbox 1154 4425 1203 4458; x_wconf 88' lang='lat' dir='ltr'><strong>vm</strong></span> <span class='ocrx_word' id='word_1_386' title='bbox 1217 4424 1239 4459; x_wconf 81' lang='lat' dir='ltr'><strong>rr</strong></span> <span class='ocrx_word' id='word_1_387' title='bbox 1258 4406 1343 4461; x_wconf 80' lang='lat' dir='ltr'><strong>refert</strong></span> <span class='ocrx_word' id='word_1_388' title='bbox 1357 4438 1390 4446; x_wconf 93' lang='lat'><em>-</em></span> <span class='ocrx_word' id='word_1_389' title='bbox 1408 4413 1433 4462; x_wconf 77' lang='grc' dir='ltr'><strong>λ.</strong></span> <span class='ocrx_word' id='word_1_390' title='bbox 1448 4413 1503 4463; x_wconf 81' lang='grc' dir='ltr'><strong>Κυ-</strong></span> 
     </span>
     <span class='ocr_line' id='line_1_43' title="bbox 222 4476 1504 4548; baseline 0 -15"><span class='ocrx_word' id='word_1_391' title='bbox 222 4500 260 4548; x_wconf 89' lang='grc' dir='ltr'><strong>πρ</strong></span> <span class='ocrx_word' id='word_1_392' title='bbox 293 4501 306 4541; x_wconf 88' lang='grc' dir='ltr'><strong>ς</strong></span> <span class='ocrx_word' id='word_1_393' title='bbox 320 4479 430 4545; x_wconf 80' lang='grc' dir='ltr'><strong><em>δώρων·</em></strong></span> <span class='ocrx_word' id='word_1_394' title='bbox 446 4478 480 4532; x_wconf 79' lang='lat' dir='ltr'><strong>ct&#39;.</strong></span> <span class='ocrx_word' id='word_1_395' title='bbox 497 4478 527 4531; x_wconf 90' lang='grc' dir='ltr'><strong>Ο.</strong></span> <span class='ocrx_word' id='word_1_396' title='bbox 544 4497 552 4529; x_wconf 87' lang='lat' dir='ltr'><strong>r</strong></span> <span class='ocrx_word' id='word_1_397' title='bbox 568 4494 591 4532; x_wconf 80' lang='grc' dir='ltr'><strong>τι</strong></span> <span class='ocrx_word' id='word_1_398' title='bbox 607 4476 687 4548; x_wconf 85' lang='grc' dir='ltr'><strong><em>φίλια</em></strong></span> <span class='ocrx_word' id='word_1_399' title='bbox 702 4480 779 4546; x_wconf 79' lang='grc' dir='ltr'><strong><em>δῶρα</em></strong></span> <span class='ocrx_word' id='word_1_400' title='bbox 794 4476 932 4545; x_wconf 75' lang='grc' dir='ltr'><strong><em>Κυπρίας</em></strong></span> <span class='ocrx_word' id='word_1_401' title='bbox 954 4476 1051 4545; x_wconf 75' lang='grc' dir='ltr'><strong><em>ἔρωτες</em></strong></span> <span class='ocrx_word' id='word_1_402' title='bbox 1066 4476 1112 4530; x_wconf 89' lang='lat' dir='ltr'><strong>hio</strong></span> <span class='ocrx_word' id='word_1_403' title='bbox 1126 4477 1249 4531; x_wconf 85' lang='lat' dir='ltr'><strong>medium</strong></span> <span class='ocrx_word' id='word_1_404' title='bbox 1264 4477 1357 4531; x_wconf 82' lang='lat' dir='ltr'><strong>locum</strong></span> <span class='ocrx_word' id='word_1_405' title='bbox 1372 4478 1504 4535; x_wconf 87' lang='lat' dir='ltr'><strong>obtinent</strong></span> 
     </span>
     <span class='ocr_line' id='line_1_44' title="bbox 223 4548 1501 4622; baseline 0.002 -20"><span class='ocrx_word' id='word_1_406' title='bbox 223 4550 296 4604; x_wconf 87' lang='lat' dir='ltr'><strong>inter</strong></span> <span class='ocrx_word' id='word_1_407' title='bbox 315 4550 432 4603; x_wconf 79' lang='lat' dir='ltr'><strong>affectus</strong></span> <span class='ocrx_word' id='word_1_408' title='bbox 451 4548 538 4603; x_wconf 83' lang='lat' dir='ltr'><strong>animi</strong></span> <span class='ocrx_word' id='word_1_409' title='bbox 558 4554 586 4602; x_wconf 87' lang='lat' dir='ltr'><strong>et</strong></span> <span class='ocrx_word' id='word_1_410' title='bbox 601 4549 667 4603; x_wconf 87' lang='lat' dir='ltr'><strong>deos</strong></span> <span class='ocrx_word' id='word_1_411' title='bbox 682 4549 824 4605; x_wconf 82' lang='lat' dir='ltr'><strong>ministros</strong></span> <span class='ocrx_word' id='word_1_412' title='bbox 835 4548 963 4614; x_wconf 82' lang='lat' dir='ltr'><strong>Veneris;</strong></span> <span class='ocrx_word' id='word_1_413' title='bbox 983 4549 1018 4602; x_wconf 83' lang='lat' dir='ltr'><strong>et&#39;.</strong></span> <span class='ocrx_word' id='word_1_414' title='bbox 1033 4549 1065 4602; x_wconf 84' lang='lat' dir='ltr'><strong>fr.</strong></span> <span class='ocrx_word' id='word_1_415' title='bbox 1082 4566 1128 4617; x_wconf 66' lang='grc' dir='ltr'><strong><em>ειν,</em></strong></span> <span class='ocrx_word' id='word_1_416' title='bbox 1143 4565 1156 4602; x_wconf 76' lang='grc'>4</span> <span class='ocrx_word' id='word_1_417' title='bbox 1171 4581 1204 4588; x_wconf 93' lang='grc'>-</span> <span class='ocrx_word' id='word_1_418' title='bbox 1221 4549 1357 4618; x_wconf 81' lang='grc' dir='ltr'><strong><em>Οἰνώνας,</em></strong></span> <span class='ocrx_word' id='word_1_419' title='bbox 1373 4550 1501 4622; x_wconf 77' lang='lat' dir='ltr'><strong>Aeginae</strong></span> 
     </span>
     <span class='ocr_line' id='line_1_45' title="bbox 223 4619 1501 4690; baseline 0.001 -16"><span class='ocrx_word' id='word_1_420' title='bbox 223 4621 340 4685; x_wconf 78' lang='lat' dir='ltr'><strong>insulae,</strong></span> <span class='ocrx_word' id='word_1_421' title='bbox 351 4638 414 4674; x_wconf 85' lang='lat' dir='ltr'><strong>eam</strong></span> <span class='ocrx_word' id='word_1_422' title='bbox 425 4626 519 4675; x_wconf 79' lang='lat' dir='ltr'><strong>eutem</strong></span> <span class='ocrx_word' id='word_1_423' title='bbox 530 4619 656 4674; x_wconf 87' lang='lat' dir='ltr'><strong>obsoleto</strong></span> <span class='ocrx_word' id='word_1_424' title='bbox 666 4620 719 4674; x_wconf 87' lang='lat' dir='ltr'><strong>boo</strong></span> <span class='ocrx_word' id='word_1_425' title='bbox 734 4621 846 4676; x_wconf 86' lang='lat' dir='ltr'><strong>nomine</strong></span> <span class='ocrx_word' id='word_1_426' title='bbox 860 4619 1040 4690; x_wconf 74' lang='lat' dir='ltr'><strong>nuncupavit,</strong></span> <span class='ocrx_word' id='word_1_427' title='bbox 1055 4637 1090 4673; x_wconf 89' lang='lat' dir='ltr'><strong>ne</strong></span> <span class='ocrx_word' id='word_1_428' title='bbox 1104 4620 1202 4675; x_wconf 87' lang='lat' dir='ltr'><strong>eodem</strong></span> <span class='ocrx_word' id='word_1_429' title='bbox 1216 4619 1329 4674; x_wconf 86' lang='lat' dir='ltr'><strong>nomine</strong></span> <span class='ocrx_word' id='word_1_430' title='bbox 1339 4623 1369 4674; x_wconf 91' lang='lat' dir='ltr'><strong>et</strong></span> <span class='ocrx_word' id='word_1_431' title='bbox 1379 4621 1501 4676; x_wconf 78' lang='lat' dir='ltr'><strong>insulam</strong></span> 
     </span>
     <span class='ocr_line' id='line_1_46' title="bbox 224 4690 1501 4764; baseline 0.001 -18"><span class='ocrx_word' id='word_1_432' title='bbox 224 4698 253 4746; x_wconf 90' lang='lat' dir='ltr'><strong>et</strong></span> <span class='ocrx_word' id='word_1_433' title='bbox 271 4693 422 4762; x_wconf 72' lang='lat' dir='ltr'><strong>nympham</strong></span> <span class='ocrx_word' id='word_1_434' title='bbox 443 4692 611 4763; x_wconf 82' lang='lat' dir='ltr'><strong>appellaret;</strong></span> <span class='ocrx_word' id='word_1_435' title='bbox 630 4692 705 4745; x_wconf 90' lang='lat' dir='ltr'><strong>idem</strong></span> <span class='ocrx_word' id='word_1_436' title='bbox 724 4695 819 4748; x_wconf 87' lang='lat' dir='ltr'><strong>tamen</strong></span> <span class='ocrx_word' id='word_1_437' title='bbox 833 4709 933 4747; x_wconf 85' lang='lat' dir='ltr'><strong>nomon</strong></span> <span class='ocrx_word' id='word_1_438' title='bbox 948 4690 1065 4745; x_wconf 80' lang='lat' dir='ltr'><strong>recurrit</strong></span> <span class='ocrx_word' id='word_1_439' title='bbox 1079 4691 1098 4743; x_wconf 89' lang='grc' dir='ltr'><strong>Ι.</strong></span> <span class='ocrx_word' id='word_1_440' title='bbox 1113 4711 1131 4743; x_wconf 85' lang='grc' dir='ltr'><strong><em>ν</em></strong></span> <span class='ocrx_word' id='word_1_441' title='bbox 1145 4708 1178 4745; x_wconf 80' lang='grc' dir='ltr'><strong>οι.</strong></span> <span class='ocrx_word' id='word_1_442' title='bbox 1194 4710 1242 4744; x_wconf 87' lang='lat' dir='ltr'><strong>vm</strong></span> <span class='ocrx_word' id='word_1_443' title='bbox 1257 4707 1280 4745; x_wconf 80' lang='lat' dir='ltr'><strong>rr</strong></span> <span class='ocrx_word' id='word_1_444' title='bbox 1298 4723 1332 4731; x_wconf 89' lang='lat'><em>-</em></span> <span class='ocrx_word' id='word_1_445' title='bbox 1347 4698 1364 4743; x_wconf 84' lang='lat' dir='ltr'><strong>o</strong></span> <span class='ocrx_word' id='word_1_446' title='bbox 1380 4710 1419 4761; x_wconf 91' lang='lat' dir='ltr'><strong>sq.</strong></span> <span class='ocrx_word' id='word_1_447' title='bbox 1436 4695 1501 4764; x_wconf 85' lang='grc' dir='ltr'><strong><em>ἀβο-</em></strong></span> 
     </span>
     <span class='ocr_line' id='line_1_47' title="bbox 223 4762 1502 4834; baseline 0 -18"><span class='ocrx_word' id='word_1_448' title='bbox 223 4765 266 4817; x_wconf 78' lang='grc' dir='ltr'><strong><em>ατὶ</em></strong></span> <span class='ocrx_word' id='word_1_449' title='bbox 285 4808 290 4818; x_wconf 92' lang='grc'><strong>.</strong></span> <span class='ocrx_word' id='word_1_450' title='bbox 306 4808 311 4817; x_wconf 97' lang='grc'><em>.</em></span> <span class='ocrx_word' id='word_1_451' title='bbox 329 4807 333 4816; x_wconf 90' lang='grc'>.</span> <span class='ocrx_word' id='word_1_452' title='bbox 351 4763 470 4827; x_wconf 82' lang='grc' dir='ltr'><strong><em>ἑκόντες</em></strong></span> <span class='ocrx_word' id='word_1_453' title='bbox 499 4765 615 4818; x_wconf 82' lang='lat' dir='ltr'><strong>eandem</strong></span> <span class='ocrx_word' id='word_1_454' title='bbox 643 4781 698 4820; x_wconf 86' lang='lat' dir='ltr'><strong>rem</strong></span> <span class='ocrx_word' id='word_1_455' title='bbox 724 4765 829 4834; x_wconf 76' lang='lat' dir='ltr'><strong>duplici</strong></span> <span class='ocrx_word' id='word_1_456' title='bbox 848 4764 931 4818; x_wconf 84' lang='lat' dir='ltr'><strong>morlo</strong></span> <span class='ocrx_word' id='word_1_457' title='bbox 958 4765 987 4816; x_wconf 88' lang='lat' dir='ltr'><strong>et</strong></span> <span class='ocrx_word' id='word_1_458' title='bbox 1011 4762 1133 4832; x_wconf 82' lang='lat' dir='ltr'><strong>negandi</strong></span> <span class='ocrx_word' id='word_1_459' title='bbox 1153 4764 1274 4834; x_wconf 65' lang='lat' dir='ltr'><strong>(abuerit,</strong></span> <span class='ocrx_word' id='word_1_460' title='bbox 1293 4766 1322 4815; x_wconf 88' lang='lat' dir='ltr'><strong>et</strong></span> <span class='ocrx_word' id='word_1_461' title='bbox 1341 4763 1502 4818; x_wconf 78' lang='lat' dir='ltr'><strong>albunandi</strong></span> 
     </span>
     <span class='ocr_line' id='line_1_48' title="bbox 222 4833 1501 4906; baseline -0.002 -15"><span class='ocrx_word' id='word_1_462' title='bbox 222 4834 353 4902; x_wconf 66' lang='lat' dir='ltr'><strong>linium)</strong></span> <span class='ocrx_word' id='word_1_463' title='bbox 381 4835 518 4905; x_wconf 74' lang='lat' dir='ltr'><strong>expressit</strong></span> <span class='ocrx_word' id='word_1_464' title='bbox 544 4835 635 4888; x_wconf 88' lang='lat' dir='ltr'><strong>vorbis</strong></span> <span class='ocrx_word' id='word_1_465' title='bbox 659 4836 688 4888; x_wconf 90' lang='lat' dir='ltr'><strong>in</strong></span> <span class='ocrx_word' id='word_1_466' title='bbox 711 4836 848 4906; x_wconf 83' lang='lat' dir='ltr'><strong>principio</strong></span> <span class='ocrx_word' id='word_1_467' title='bbox 872 4839 901 4889; x_wconf 92' lang='lat' dir='ltr'><strong>et</strong></span> <span class='ocrx_word' id='word_1_468' title='bbox 923 4838 977 4889; x_wconf 87' lang='lat' dir='ltr'><strong>fine</strong></span> <span class='ocrx_word' id='word_1_469' title='bbox 1001 4834 1141 4887; x_wconf 83' lang='lat' dir='ltr'><strong>enuntiati</strong></span> <span class='ocrx_word' id='word_1_470' title='bbox 1163 4833 1277 4903; x_wconf 79' lang='lat' dir='ltr'><strong>positis,</strong></span> <span class='ocrx_word' id='word_1_471' title='bbox 1306 4837 1337 4888; x_wconf 91' lang='lat' dir='ltr'><strong>ut</strong></span> <span class='ocrx_word' id='word_1_472' title='bbox 1363 4838 1501 4902; x_wconf 87' lang='lat' dir='ltr'><strong>quantum</strong></span> 
     </span>
    </p>
   </div>
   <div class='ocr_carea' id='block_1_9' title="bbox 0 0 1726 5550">
    <p class='ocr_par' dir='ltr' id='par_1_12' title="bbox 0 0 1726 5550">
     <span class='ocr_line' id='line_1_49' title="bbox 0 0 1726 5550; baseline 0 1"><span class='ocrx_word' id='word_1_473' title='bbox 0 0 1726 5550; x_wconf 95' lang='lat' dir='ltr'><strong> </strong></span> 
     </span>
    </p>
   </div>
  </div>
 </body>
</html>
