3442 5550
218 397 284 462 390
779 400 926 452 εταυιαῐ

217 563 250 626 ἔν
274 559 337 650 ᾠδή
360 564 437 652 κύμη
457 588 486 627 τε
504 575 596 651 χρυσῇ
615 563 665 626 καὶ
682 566 784 646 λύραις
804 559 886 645 (λοσε.
906 558 995 651 λύρη)
1014 564 1225 645 κοσμήσαντες,
1245 566 1368 638 κύκνοις
1387 563 1498 646 ἔποχον

218 654 260 727 είς
284 651 429 715 Ἑλικῶνα
451 653 613 734 πέμπουσι,
637 655 778 728 Μούσαις
802 654 912 735 Χάρισί
937 677 965 716 τε
994 652 1069 735 ὁμοῦ
1083 655 1335 736 συγχορεύσοντα.
1360 690 1404 697 -
1427 656 1497 716 Ηιιο

218 745 349 821 pertinet
371 745 463 805 etiam
486 745 648 805 Menander
669 745 755 805 Rhet.
770 765 814 824 gr.
829 756 930 804 11143'1
956 745 1018 822 Sp.:
1042 742 1190 825 προύλαβε
1215 742 1246 806 δὲ
1270 744 1319 806 καί
1342 744 1498 826 Πίνδαρος

219 831 333 912 ὕμνους
356 833 482 913 γράφων
505 832 547 906 είς
570 832 622 894 τόν
645 832 719 894 θεόν
742 830 844 908 ἀξονς
867 842 919 912 τῆς
942 831 1057 894 ἕκείνον
1079 834 1178 913 λύρας.

783 1014 822 1073 τι
849 1005 930 1091 [τοι.

431 1240 612 1306 Δωδωναῖε
635 1239 867 1324 μεγάσύενες,
891 1237 1105 1326 ἀριστότεχνα
1127 1239 1238 1324 πάτερ.

309 1530 406 1592 Schol.
431 1530 469 1590 ad
494 1530 796 1607 Soph.Trach.1⁷2:
820 1527 989 1608 Εὐριπίδης
1011 1533 1087 1608 τρεῖς
1109 1526 1260 1609 γεγονέναι
1287 1528 1381 1607 φησίν
1405 1529 1498 1604 αύτοίς

220 1611 427 1701 (Πελειάδας),
455 1619 487 1679 οί
511 1615 543 1679 δὲ
571 1618 626 1679 δύο
654 1615 704 1678 καί
731 1617 786 1696 τήν
810 1614 863 1696 μὲν
887 1617 929 1690 είς
953 1618 1074 1696 Λιβύην
1098 1615 1260 1695 ἀφικέσθαι
1285 1617 1431 1699 Θήβηθεν
1454 1619 1497 1693 εἰς

218 1707 249 1768 τὸ
274 1716 327 1769 τοῦ
347 1704 505 1788 ’Ἀμμωυος
529 1707 721 1788 χρηστήριον,
749 1705 802 1786 τήν
827 1703 900 1786 (δὲ)
924 1705 990 1787 περί
1013 1705 1067 1785 τήν
1091 1706 1260 1786 Δωδώνην,
1283 1704 1323 1780 ὡς
1345 1707 1396 1769 καί
1420 1709 1496 1770 Πίν-

219 1797 308 1878 δαρος
332 1800 471 1860 Παιᾶσιν.

783 1905 822 1963 εο
850 1896 929 1989 [31],

308 2011 405 2071 Strab.
430 2022 564 2071 v11328:
596 2008 720 2089 πότερον
750 2006 782 2070 δὲ
813 2008 868 2090 χρή
895 2007 988 2090 λίγειν
1017 2005 1175 2087 Ἑλλούς,
1208 2006 1248 2083 ὡς
1279 2008 1449 2090 Πίνδαρος,
1477 2009 1497 2090 ἢ

220 2101 363 2177 Σελλούς,
391 2096 430 2172 ὡς
458 2098 640 2160 ὑπονοοῦσιν
667 2092 738 2178 παρ’
760 2094 877 2184 Ὁμήρῳ
906 2104 1040 2177 κεῖσθαι,
1062 2094 1081 2176 ή
1105 2096 1206 2179 γραφή
1229 2096 1396 2179 ἀμφίβολος
1420 2090 1497 2161 ούσα

219 2188 274 2250 ούκ
301 2188 334 2273 ἑᾷ
363 2189 602 2269 διισχυρίζεσθαι.
649 2188 745 2249 Schol.
768 2188 855 2249 Hom.
880 2191 994 2249 11234.
1040 2189 1088 2248 Et.
1112 2189 1151 2247 M.
1176 2199 1240 2268 709,
1264 2199 1311 2249 38:
1342 2188 1496 2272 Πίνδαρος

216 2274 315 2340 Ἑλλοί
336 2277 423 2359 χωρίς
446 2287 499 2339 τοῦ
522 2282 548 2339 ’σ.

784 2389 825 2447 σο
850 2380 930 2465 [32].

310 2492 408 2555 Strab.
432 2511 475 2552 vn
500 2503 565 2552 328:
589 2492 621 2553 οί
640 2492 774 2572 τραγικοί
799 2514 828 2553 τε
855 2490 906 2552 καί
928 2492 1081 2572 Πίνδαρος
1107 2489 1336 2570 Θεσπρωτίδα
1363 2491 1497 2571 εἰρήκασι

217 2579 272 2658 τήν
296 2579 457 2658 Δωδώνην.

751 2789 755 2797 ¹
784 2690 822 2747 61
850 2681 931 2766 [33]¹

437 3077 477 3137 Τι’
499 3072 528 3137 δ’
557 3077 667 3138 ἔλπεαι
692 3077 815 3157 σοφίαν
838 3113 851 3122 -
877 3075 990 3158 ἔμμεν,
1014 3066 1035 3159 ᾇ
1058 3070 1087 3136 τ’
1113 3073 1247 3160 ὀλίγον

432 3180 515 3264 ἀνήρ
541 3176 622 3263 ὑπὲρ
646 3179 769 3264 ἀνδρὸς
792 3181 911 3264 ίσχύει;

432 3287 471 3351 ού
495 3287 558 3370 γὰρ
583 3284 654 3352 ἔσθ’
683 3286 771 3363 ὅπως
794 3287 833 3350 τά
855 3292 947 3351 θεῶν
970 3285 1165 3372 βουλεύματ’
1193 3286 1326 3372 ἐρευνοί-

476 3410 525 3458 σει
548 3392 668 3481 βροτίηι
691 3397 802 3478 φρενί·
826 3399 968 3469 θνα-τᾶς
992 3390 1113 3459 δὶἀπό
1136 3397 1258 3479 ματρὸς
1282 3399 1355 3479 ἔφυ.

781 3580 821 3638 62
855 3575 927 3637 ¹34.

307 3685 404 3745 Schol.
427 3684 524 3760 Apoll.
550 3684 642 3744 Rhod.
667 3704 678 3743 1
704 3695 785 3744 1086:
814 3575 916 3761 εἴδηφό
944 3680 976 3743 δὲ
1003 3681 1038 3743 τά
1065 3682 1131 3763 περὶ
1154 3692 1212 3744 τῶν
1235 3682 1391 3746 ἀλκυόνων
1415 3685 1494 3768 παρὰ

219 3773 375 3852 Πινδάρου
399 3770 431 3832 ἐκ
455 3772 606 3833 Παιάνων.
644 3772 771 3853 εὐλίηως
794 3770 825 3833 δὲ
850 3770 940 3833 ὀσσαν
964 3766 1025 3832 είπε
1049 3771 1103 3850 τήν
1126 3771 1272 3847 ἀλκυόνος
1290 3775 1411 3853 φωνήν·
1436 3775 1493 3837 ὑπὸ

218 3860 274 3941 γὰρ
288 3857 384 3941 Ἥρας
407 3854 445 3941 ἦν
469 3859 685 3940 ἀπεσταλμένη,
708 3861 748 3934 δίς
771 3880 846 3939 φησι
869 3861 1028 3941 Πίνδαρος.

288 4065 331 4122 Fr.
352 4071 393 4118 οἵ.
430 4066 484 4120 Dio
503 4065 598 4136 Chrys.
618 4084 656 4121 or.
676 4086 714 4120 απ
733 4085 772 4133 ει,
793 4087 819 4138 p.
839 4084 878 4122 ιιε
897 4067 943 4123 R.:
967 4066 1033 4122 οὐδὲ
1053 4072 1132 4131 θεοῖς
1151 4077 1219 4122 πᾶσι
1239 4069 1361 4123 δυνατὸν
1381 4067 1397 4138 ἢ
1417 4069 1494 4144 μόνῳ

217 4139 304 4211 τούτῳ
320 4137 419 4208 σχεδὸν
435 4135 467 4192 ὃν
480 4137 557 4192 πάυν
572 4142 661 4201 καλῶς
675 4139 792 4208 ποιητής
805 4147 955 4207 προσεῖπεν
970 4137 1072 4205 ἔτερος·
1095 4141 1276 4195 Δωδωναῖε
1296 4145 1350 4195 κτλ.
1377 4140 1494 4197 Pindari

217 4226 319 4265 nomen
337 4208 419 4263 addit
436 4208 510 4263 plut.
530 4210 625 4264 Praec.
646 4210 713 4280 reip.
732 4226 789 4279 ger.
811 4228 847 4267 τοι
872 4208 937 4265 ὀδὲ
961 4210 1103 4275 πολιτικὸς
1125 4209 1370 4282 ἀριστοτέχνας
1394 4233 1436 4276 τις
1455 4211 1495 4269 ὢν

217 4280 289 4336 κατὰ
310 4278 454 4348 Πίνδαρον
473 4281 521 4334 καί
540 4282 708 4352 δημιουργὸς
727 4279 858 4352 εὐνομίας
876 4283 923 4335 καλ
942 4279 1031 4348 δίκας,
1050 4282 1127 4336 Idem
1147 4283 1187 4336 De
1207 4300 1258 4338 ser.
1277 4301 1351 4338 num.
1369 4283 1447 4339 vind.
1467 4303 1493 4341 ιε

218 4354 265 4407 καλ
285 4350 428 4420 Πίνδαρος
447 4350 635 4422 ἐμαρτύρησεν
653 4350 902 4423 ἀριστοτέχναν
921 4354 1148 4425 ἀναμαλούμενος
1166 4354 1216 4408 τὸν
1234 4354 1358 4425 ἄρχοντα
1376 4357 1426 4409 καί
1446 4359 1494 4410 κύ-

218 4444 280 4492 ριον
298 4424 432 4478 ἁπάντων
450 4423 535 4491 θεόν,
554 4424 590 4487 ὡς
609 4424 644 4493 δή
663 4427 743 4493 δίκης
763 4423 830 4479 ὄντα
849 4421 1026 4494 δημιουργόν.
1058 4425 1224 4495 Respiciunt
1241 4425 1315 4479 Plut.
1336 4426 1370 4480 de
1389 4426 1444 4482 fac.
1465 4428 1495 4482 in

217 4495 275 4550 orb.
291 4494 348 4549 lun.
365 4511 397 4563 ιο,
418 4494 481 4548 adv.
497 4493 581 4549 Stoie.
596 4511 629 4576 ιι,
650 4493 762 4560 Quaest.
778 4513 865 4566 symp.
881 4514 891 4549 1
906 4510 925 4563 ε,
940 4513 961 4565 ο,
981 4494 1065 4550 Clem.
1081 4496 1158 4552 Alex.
1175 4497 1274 4552 Strom.
1291 4517 1308 4550 v
1323 4515 1370 4566 τιν,
1390 4497 1493 4555 Ευεολι.

217 4566 315 4689 praef.
334 4583 376 4620 ev.
395 4584 445 4619 xm
463 4581 503 4620 οπο
521 4566 559 4634 Β,
579 4565 715 4636 Ep1phan.
736 4566 798 4622 adv.
819 4567 893 4623 haer.
912 4583 947 4635 οι,
966 4582 999 4622 νο.

301 4637 331 4690 ἐ.
352 4643 394 4692 61.
432 4636 508 4693 Stob.
528 4637 586 4691 Ecl.
606 4637 685 4706 phys.
704 4658 725 4691 11
743 4656 768 4707 ε,
787 4655 812 4694 οε
840 4636 987 4706 Πινδάρου
1013 4636 1155 4693 παιοίνων·
1183 4636 1215 4693 τί
1241 4637 1271 4692 δ’
1293 4638 1411 4694 ἔλπεαι
1437 4646 1493 4697 κτλ.

217 4707 323 4762 Eadem
346 4709 395 4762 sed
419 4707 511 4761 minus
535 4708 645 4779 integra
670 4709 791 4764 afferunt
809 4709 893 4764 Clem.
912 4710 990 4764 Alex.
1010 4709 1109 4764 Strom.
1131 4729 1147 4763 v
1166 4726 1204 4765 τιε
1224 4714 1253 4765 ot
1271 4710 1372 4766 Euseb.
1393 4711 1492 4784 Praep.

217 4795 258 4834 ev.
274 4799 323 4832 1111
338 4797 377 4835 σεε
391 4780 414 4833 Β
429 4812 462 4820 -
480 4786 501 4834 1.
519 4779 602 4849 ἔμμεν
617 4780 717 4850 Bergk,
733 4781 848 4851 ἔμμεναι
862 4781 982 4849 Βοοολτλι,
998 4775 1071 4834 είναι
1086 4779 1172 4853 vulgo
1186 4813 1221 4821 —
1235 4775 1254 4835 ἆ
1269 4779 1295 4836 τ’
1312 4780 1406 4852 ὀλίγον
1420 4784 1492 4839 coni.

217 4848 343 4907 Boeckh:
368 4844 386 4927 ᾇ
406 4848 499 4922 ὀλίγον
519 4871 562 4906 τοι
582 4849 667 4907 Clam.
686 4856 715 4906 et
734 4852 797 4908 Eue.
816 4885 852 4894 —
871 4858 895 4907 3.
920 4851 1064 4920 λρεονάοει
1082 4851 1206 4908 Boeckh:
1231 4836 1380 4923 ίρενιιηοοιι
1398 4854 1492 4927 vulgo.
