3442 5550
729 389 888 441 curnem
906 392 981 445 xnr.
1452 390 1493 454 97

215 554 282 614 silio
302 555 443 614 carminis
463 574 731 631 connexa3ve1um
750 575 785 615 ea
803 577 863 616 non
883 560 975 632 caput
993 557 1133 616 carminis
1152 561 1205 634 est,
1225 558 1275 617 sed
1294 576 1390 615 unum
1409 558 1496 633 quasi

216 643 382 703 membrum
410 645 550 720 corporis.
597 645 699 704 Simile
724 647 826 704 autem
849 644 887 704 ab
910 645 965 704 hac
988 650 1074 722 parte
1096 646 1153 705 hoc
1177 647 1338 723 epinicium
1362 648 1408 705 est
1432 647 1493 723 epi·

215 733 292 792 nicio
317 733 513 793 inhonorem
536 734 646 793 Theaei
669 734 776 813 Argivi
799 736 880 794 facto
899 726 950 815 (N.
970 730 1014 815 x),
1038 755 1097 811 quo
1122 755 1190 795 cum
1213 735 1344 794 carmine
1368 735 1399 793 id
1422 755 1495 811 quo·

215 842 273 898 que
297 841 453 881 commune
480 822 583 900 habet,
613 823 694 898 quod
718 822 860 883 Corintho
885 827 915 881 et
938 823 1028 902 Argis
1051 823 1172 902 singula
1195 825 1324 901 epinicia
1347 824 1496 885 Pindarus

213 911 327 989 panxit,
346 912 424 970 unde
444 912 472 970 ei
490 911 660 970 ubertatem
678 932 778 971 rerum
796 911 956 988 perplura
975 912 1108 971 carmina
1127 914 1284 990 dispertire
1299 933 1358 974 non
1372 914 1495 990 perinde

215 1005 307 1077 atque
331 1000 362 1059 in
386 1001 570 1078 Aegineticis
594 1001 775 1060 carminibus
799 1001 895 1061 licuit.

304 1090 339 1148 In
362 1090 515 1166 prooemio
538 1093 700 1167 postquam
722 1090 854 1150 breviter
876 1090 1035 1149 consilium
1058 1090 1250 1166 praedicandi
1268 1091 1421 1152 victricem
1445 1093 1495 1153 do-

215 1198 298 1238 mum
327 1182 358 1237 et
384 1179 515 1256 patriam
543 1179 665 1239 victoris
689 1180 809 1256 aperuit
832 1172 943 1260 (1-5),
966 1179 1097 1256 primum
1121 1178 1298 1240 Corinthum
1320 1180 1424 1241 urbem
1449 1201 1495 1241 or-

216 1268 364 1327 namentis
392 1268 527 1327 iustitiae
555 1271 586 1327 et
613 1269 789 1344 prudentiae
818 1269 966 1347 insignem
990 1271 1021 1327 et
1043 1269 1205 1345 praeclaris
1229 1270 1342 1348 ingenii
1366 1271 1496 1329 inventis

215 1357 407 1432 conspicuam
438 1360 469 1416 et
498 1357 623 1433 poeticis
652 1358 766 1434 pariter
795 1362 886 1434 atque
916 1357 1031 1417 bellicis
1061 1358 1170 1418 studiis
1201 1359 1355 1419 florentem
1388 1360 1494 1418 eximie

215 1446 323 1504 laudat
346 1440 472 1529 (0-23).
518 1447 632 1505 Deinde
660 1448 730 1506 Iove
758 1468 794 1506 ne
822 1447 963 1506 laudibus
986 1447 1048 1506 suis
1071 1448 1218 1507 invideret
1242 1448 1411 1526 implorato,
1434 1449 1495 1508 vic·

217 1535 290 1594 toris
313 1535 519 1612 Xenophontis
539 1536 663 1611 eiusque
682 1536 815 1596 familiae
834 1537 945 1595 multas
965 1541 995 1595 et
1013 1538 1183 1612 praeclaras
1201 1536 1342 1596 victorias
1360 1537 1496 1596 illustrat

218 1617 360 1705 (at-46).
406 1625 484 1683 Exin
508 1624 546 1683 ad
568 1625 701 1700 mythice
725 1628 860 1701 tempora
882 1626 1031 1702 relapsus,
1054 1626 1214 1701 prudentia
1238 1626 1358 1702 Sisyphi
1381 1629 1412 1684 et
1434 1627 1494 1685 Me-

218 1713 289 1771 deae
312 1713 482 1789 ducumque
506 1713 728 1773 Corinthiorum
751 1714 782 1772 in
806 1714 883 1774 bello
908 1714 1037 1774 Troiano
1067 1715 1243 1774 fortitudine
1270 1714 1402 1774 breviter
1429 1735 1494 1791 per·

215 1802 327 1861 strictis
351 1795 495 1884 (et-ta),
519 1803 633 1861 diutius
657 1806 858 1863 commoratur
880 1804 912 1861 in
934 1803 1039 1861 fabula
1061 1804 1211 1862 narranda
1234 1804 1493 1882 Bellerophontae,

217 1890 365 1970 Pegasum
384 1911 496 1967 equum
515 1892 598 1951 freno
618 1893 767 1951 domantia
791 1895 912 1952 etcum
935 1893 1055 1953 domato
1080 1913 1157 1970 equo
1181 1893 1304 1952 virtutis
1327 1893 1495 1953 clarissima

218 1980 380 2056 specimina
407 1981 521 2039 edentis
549 1973 693 2062 (oa-9⁴2).
738 1982 774 2039 In
802 1984 934 2041 extrema
961 1986 1046 2059 parte
1076 1983 1114 2040 ad
1140 2002 1187 2042 res
1211 1986 1382 2058 praesentes
1405 1983 1496 2042 rediit

217 2073 246 2128 et
269 2069 411 2129 victorias
435 2071 529 2129 tetius
548 2071 645 2149 gentis
666 2069 926 2148 Oligeethidarum
944 2073 1030 2148 plene
1049 2072 1245 2148 enumeravit,
1263 2074 1299 2129 ut
1317 2073 1348 2130 et
1365 2072 1495 2132 minores

217 2158 303 2217 ludos
331 2162 577 2219 commemoraret
604 2164 634 2218 et
663 2179 739 2235 quae
768 2160 867 2220 animo
895 2160 1060 2237 Xenophon
1090 2160 1277 2238 moliebatur,
1300 2162 1379 2220 tecte
1403 2161 1494 2240 signi-

218 2245 320 2306 ficaret
343 2239 504 2327 (93-115).

304 2337 432 2415 Egregie
459 2358 529 2397 vero
556 2341 646 2413 pocta
674 2338 705 2395 in
732 2337 788 2397 hoc
816 2338 954 2416 carmine,
978 2339 1118 2397 similiter
1140 2340 1231 2414 atque
1254 2337 1286 2396 in
1310 2339 1491 2398 carminibus

216 2423 249 2484 Ο.
269 2443 313 2482 vn
340 2426 444 2485 eodem
467 2445 557 2503 anno,
590 2429 620 2486 et
643 2427 679 2484 N.
698 2446 761 2485 vu1.
782 2445 810 2485 x.
830 2446 869 2485 xr.
894 2426 926 2486 Ο.
947 2448 974 2488 v.
993 2427 1026 2485 P.
1045 2444 1100 2486 vm
1128 2427 1231 2486 eodem
1264 2428 1325 2486 fere
1358 2431 1492 2504 tempore

216 2514 349 2591 scriptis,
381 2516 499 2590 copiam
530 2536 631 2575 rerum
663 2516 706 2574 ita
738 2515 893 2574 distribuit
924 2521 955 2576 et
986 2515 1126 2575 metricae
1159 2516 1370 2592 compositioni
1402 2517 1493 2593 adap-

216 2604 306 2679 tavit,
333 2606 370 2661 ut
398 2603 532 2683 singulas
559 2608 660 2681 partes
684 2605 854 2683 argumenti
878 2605 1005 2685 singulis
1028 2605 1162 2664 triadicis
1185 2605 1334 2682 pericopis
1358 2598 1496 2685 (stropha

217 2692 405 2768 antistropha
429 2688 538 2774 epodo)
562 2695 818 2770 complecteretur.
865 2694 943 2764 Quin
975 2695 1067 2754 etiam
1089 2697 1221 2755 veterem
1251 2695 1497 2770 compositionem

217 2782 298 2841 nemi
312 2781 494 2858 Terpandrei
509 2784 710 2859 septenariam
725 2776 765 2864 (r.
781 2783 855 2843 Pell.
871 2802 902 2842 1v
917 2778 975 2864 66),
990 2803 1081 2860 quam
1096 2784 1259 2861 Mergerus,
1273 2783 1496 2858 Westphalium

218 2863 350 2950 (Proleg.
371 2891 407 2929 zu
425 2872 589 2947 Aeschylos
612 2892 640 2948 p.
655 2865 705 2953 49)
725 2873 830 2931 ducem
854 2876 983 2949 secutus,
1007 2873 1144 2931 omnibus
1168 2870 1350 2931 carminibus
1374 2871 1495 2930 Pindari

218 2960 445 3019 adcommodare
464 2964 577 3019 frustra
600 2961 722 3020 adnisus
747 2965 800 3038 est,
824 2961 855 3018 in
878 2961 934 3020 hoc
958 2961 1079 3036 quidem
1102 2961 1232 3018 carmine
1255 2960 1300 3017 ita
1324 2960 1495 3019 observasse

217 3049 348 3126 videtur,
381 3052 418 3107 ut
447 3050 581 3109 versibus
607 3061 692 3108 1---23
715 3047 822 3128 ἀρχάν,
852 3061 958 3107 ‘at—to
982 3048 1139 3126 μεταρχάν,
1168 3060 1273 3107 47-51
1299 3049 1496 3126 scearpeorde,

217 3149 321 3196 62-90
341 3134 486 3216 ὀμφαλόν,
506 3150 610 3198 91-92
626 3137 893 3216 μετακατατροπάν,
912 3147 1017 3196 93-98
1037 3136 1196 3216 σφραγῖδα,
1215 3147 1339 3195 98-115
1359 3134 1495 3216 ἐπίλογον

217 3226 294 3286 effici
316 3227 415 3287 vellet.

762 3363 807 3429 De
829 3364 951 3430 metris.

305 3496 341 3555 In
365 3497 518 3573 praeclaro
541 3496 597 3556 hoc
620 3496 750 3556 carmine
775 3496 918 3557 severitas
943 3495 1122 3554 Doricorum
1144 3513 1338 3554 numerorum
1362 3494 1496 3570 dactylo·

217 3586 434 3661 epitriticorum
463 3585 596 3644 admixta
624 3586 748 3645 lenitate
776 3585 1018 3663 logaoedicorum
1046 3587 1211 3643 metrorum
1239 3583 1399 3643 artificiose
1423 3588 1496 3642 tem-

217 3679 321 3750 perata
348 3678 402 3736 est.
449 3674 531 3744 Quae
560 3675 730 3735 commixtio
759 3694 827 3734 cum
857 3675 923 3750 ipsa
949 3693 1003 3750 per
1030 3692 1061 3731 se
1091 3674 1163 3731 satis
1192 3672 1382 3732 difficultatis
1412 3691 1496 3747 prae-

218 3763 298 3842 beat,
329 3767 481 3842 augentur
504 3764 595 3823 etiarn
619 3763 821 3823 dubitationes
851 3783 899 3839 eo,
933 3762 1014 3838 quod
1043 3763 1132 3821 multi
1162 3780 1266 3820 versus
1296 3762 1496 3822 continuitate

218 3871 409 3913 numerorum
436 3853 480 3911 ita
507 3853 586 3911 inter
613 3872 644 3911 se
672 3854 827 3912 cohaerere
854 3852 1007 3929 videntur,
1036 3855 1072 3909 ut
1100 3851 1256 3928 dipodicus
1283 3851 1442 3926 rhythmus
1465 3850 1496 3907 in

217 3940 273 4000 fine
297 3942 501 4002 antecedentis
524 3961 627 4001 versus
651 3942 808 4001 inchoatus
832 3941 918 3998 initio
947 3940 1100 4016 sequentis
1127 3940 1314 4017 compleatur
1340 3932 1391 4020 (st.
1417 3951 1495 3997 3—4.

219 4041 296 4090 6-7.
320 4051 365 4108 ep.
391 4025 485 4111 t-e).
532 4032 671 4091 Summae
703 4051 772 4090 vero
804 4030 999 4089 difficultates
1029 4030 1096 4088 inde
1121 4029 1273 4105 oriuntur,
1304 4029 1397 4106 quod,
1428 4048 1497 4088 cum

217 4118 354 4196 dipodica
376 4139 517 4180 mensura
540 4120 680 4181 carminis
699 4140 718 4178 a
736 4120 825 4179 chore
845 4119 1000 4198 gradiente
1019 4119 1160 4178 cantandi
1184 4120 1305 4178 tantum
1328 4138 1388 4177 non
1411 4118 1496 4195 flagi-

217 4209 275 4267 tari
297 4209 450 4286 videatur,
480 4210 608 4286 dipodiis
635 4209 783 4286 tripediae
808 4209 997 4267 intermixtae
1021 4211 1092 4267 sunt
1115 4208 1281 4283 dactylicae
1305 4207 1496 4282 lagaoedicae

216 4298 397 4376 trochaicae,
429 4319 506 4376 quae
535 4299 651 4377 legibus
679 4298 835 4374 dipodicae
864 4315 1034 4374 mensurae,
1061 4297 1119 4355 nisi
1143 4296 1320 4355 artificiosas
1343 4297 1496 4355 machinas

217 4386 402 4466 adhibueris,
431 4389 530 4466 aptari
558 4392 718 4465 nequeunt.
765 4386 862 4463 Epedi
891 4405 994 4446 versus
1016 4385 1105 4462 primi
1135 4386 1233 4462 prima
1261 4385 1378 4461 syllaba
1405 4386 1496 4463 longa

217 4480 320 4537 utrum
343 4478 404 4537 vim
426 4477 580 4538 anacrusis
602 4477 713 4536 habeat
736 4496 773 4535 an
797 4478 914 4552 partem
937 4476 1051 4551 primae
1070 4475 1208 4551 dipodiae
1228 4475 1348 4551 efficiat,
1372 4474 1496 4531 dubium

217 4571 268 4625 est.
314 4566 459 4626 Eiusdem
487 4567 574 4644 epodi
601 4584 705 4626 versus
734 4566 873 4641 quintum
902 4567 932 4623 et
960 4566 1076 4623 sextum
1105 4583 1159 4623 nos
1188 4563 1373 4624 Boeckhium
1400 4561 1496 4621 secuti

217 4655 423 4735 disiunximus,
434 4656 677 4733 quandoquidem
686 4656 858 4714 Hermanno
873 4657 904 4711 et
918 4653 1120 4730 Mommsenio,
1136 4653 1189 4729 qui
1203 4671 1253 4712 eos
1268 4651 1495 4726 coniunxerunt,

218 4746 253 4803 ad
272 4745 509 4805 vehementiores
528 4747 714 4805 coniecturas
734 4741 966 4820 confugiendum
987 4741 1058 4818 fuit3
1081 4742 1148 4801 vide
1168 4744 1228 4801 not.
1248 4743 1313 4801 crit.
1333 4740 1371 4797 ad
1390 4759 1435 4799 vv.
1452 4750 1495 4798 21.

217 4844 258 4892 44.
274 4846 317 4893 68.
333 4847 452 4909 91.,113.
472 4868 514 4875 —
535 4836 698 4894 Cantatum
721 4836 767 4892 est
789 4832 844 4892 hoc
867 4850 985 4889 carmen
1008 4831 1156 4889 fervidum
1176 4830 1214 4889 ad
1234 4830 1337 4890 modos
1360 4828 1496 4906 encplies

269 4945 395 4984 Pramus
409 4944 443 4984 ed.
458 4943 562 4983 Christ.
1266 4934 1280 4981 7
