3442 5550
319 418 357 471 Vl
820 421 1097 473 PROLEGOMENA.

319 600 342 645 v
363 583 414 648 20.
437 581 517 646 I.1v
541 583 597 668 10,
624 604 705 668 quos
733 606 810 647 num
838 583 902 668 ipsi
927 582 1168 648 emendaverint
1191 583 1297 667 possis
1322 584 1484 669 dubitare,
1511 607 1603 650 exce-

320 689 423 775 peris,
445 711 484 753 ex
508 688 580 753 aliis
609 690 877 774 melioribusque,
905 712 1003 774 quarn
1026 712 1100 774 nos,
1126 689 1273 754 fontibus
1300 690 1481 775 haurirent,
1510 693 1603 757 libris

320 797 361 862 ab
390 796 431 860 iis
461 796 615 860 correctis
644 796 727 861 nihil
750 796 956 861 auctoritatis
980 796 1187 861 tribuendum
1212 801 1269 862 est.
1315 796 1472 862 Veterum
1495 803 1604 863 autem

321 904 479 968 librorum
497 903 559 967 fide
579 907 616 966 ut
635 908 722 968 recte
741 903 844 967 utaris
863 926 943 968 neve
963 909 1067 968 certas
1086 926 1294 968 numerorum
1309 905 1604 992 grammatic—aeque

319 1008 409 1096 leges
430 1008 578 1074 codicum
598 1010 721 1074 mendis
742 1011 905 1095 corrumpi
924 1010 1073 1097 patiaris,
1092 1011 1251 1098 originem
1271 1016 1304 1075 et
1321 1017 1471 1076 naturam
1491 1035 1603 1077 eorum

321 1118 420 1203 paulo
444 1117 627 1182 accuratius
651 1117 804 1183 scruteris
829 1123 967 1202 oportet.

410 1223 519 1308 Atque
539 1224 680 1309 primum
699 1247 764 1289 uno
784 1224 822 1289 de
842 1224 947 1310 capite
968 1246 1080 1289 omues
1099 1225 1225 1290 codices
1241 1232 1331 1291 ortos
1346 1249 1415 1292 esse
1430 1250 1468 1291 ex
1485 1228 1602 1313 glossis

257 1312 260 1337 ⁶
320 1331 513 1415 lacunisque
533 1331 678 1396 omnium
698 1331 925 1396 communibus
945 1328 1156 1418 (cf.O.1129.
1180 1350 1230 1396 vn
1244 1334 1295 1398 49.
1320 1352 1353 1419 x,
1368 1335 1418 1399 25.
1442 1334 1476 1398 Ρ.
1491 1354 1513 1398 v
1532 1337 1602 1401 118.

320 1437 492 1527 x142al.)
523 1439 603 1503 satis
632 1443 766 1523 apparet
821 1436 891 1514 Quo
921 1444 1030 1503 autem
1057 1443 1204 1523 tempore
1232 1440 1327 1523 illud,
1353 1441 1543 1526 priusquam
1569 1442 1603 1506 in

321 1545 429 1610 varios
456 1545 579 1610 rivulos
608 1544 825 1629 diduceretur,
853 1545 1017 1629 exemplar
1046 1545 1210 1610 exstitisse
1233 1546 1393 1630 videatur,
1420 1547 1485 1612 iam
1508 1549 1602 1613 nobis

321 1652 539 1736 quaerendum
572 1658 630 1717 est.
676 1651 715 1716 In
749 1652 902 1717 membris
934 1652 1036 1739 igitur
1068 1651 1248 1717 carminum
1282 1652 1501 1738 dispescendis
1530 1679 1604 1720 cum

322 1781 433 1824 omnes
455 1758 530 1824 libri
549 1759 616 1823 fere
635 1758 756 1843 ubique
774 1759 822 1823 ita
842 1759 1058 1843 consentiant,
1081 1764 1119 1823 ut
1138 1758 1270 1845 grandis
1288 1759 1376 1824 illius
1395 1783 1603 1827 numerorum

322 1867 465 1954 generis,
493 1864 587 1951 quale
609 1865 765 1930 Thebano
793 1870 908 1949 poetae
936 1871 1062 1930 veteres
1091 1870 1123 1930 et
1150 1865 1272 1950 peritos
1300 1865 1422 1930 iudices
1449 1867 1603 1932 tribuisse

323 1974 358 2039 in
395 1972 669 2038 commentatione
706 1972 901 2056 academica,
938 1971 1000 2036 Die
1038 1972 1211 2037 metrische
1243 1970 1511 2059 Ueberlieferung
1548 1976 1604 2039 dor

322 2080 556 2146 Pindarischen
580 2078 670 2144 Oden
693 2078 792 2165 (Abh.
816 2080 845 2143 d.
869 2080 942 2164 bay.
966 2079 1029 2143 Ak.
1053 2084 1075 2144 t.
1094 2078 1142 2144 XI
1166 2102 1194 2145 a.
1217 2077 1315 2166 1868)
1338 2081 1487 2165 probavi,
1514 2081 1605 2145 nulla

324 2187 390 2253 fere
414 2186 554 2272 vestigia
578 2186 753 2270 supersint,
782 2185 994 2270 archetypum
1021 2185 1102 2250 illud
1126 2191 1201 2271 post
1223 2186 1478 2271 Aristophanem
1502 2209 1605 2274 gram-

323 2294 494 2379 maticum,
517 2315 613 2377 quem
636 2293 778 2377 primum
801 2292 978 2377 lyricorum
1002 2293 1148 2357 carmina
1169 2293 1204 2356 in
1228 2292 1299 2357 cola
1318 2294 1466 2358 divisisse
1485 2295 1607 2380 Diony-

323 2403 389 2466 sius
415 2400 684 2466 Halicarnasseus
709 2401 747 2464 de
772 2400 858 2464 verb.
882 2420 1024 2483 compos.
1046 2421 1072 2464 c.
1091 2417 1166 2463 xxn
1185 2405 1218 2465 et
1236 2417 1321 2462 xxvl
1345 2401 1518 2466 memoriae
1543 2408 1608 2468 tra-

322 2508 418 2593 didit,
438 2512 606 2573 exaratum
626 2529 696 2572 esse
712 2511 964 2572 consentaneum
980 2510 1038 2570 est.
1070 2506 1283 2572 Accuratiora
1297 2505 1391 2572 docet
1405 2511 1605 2593 comparatio

321 2616 499 2681 lectionum
527 2614 676 2679 codicum
703 2636 777 2679 cum
805 2611 938 2678 schohis
966 2613 1130 2679 veteribus
1159 2614 1325 2699 instituta3
1354 2615 1434 2680 haec
1458 2617 1541 2681 euim
1568 2640 1606 2682 ex

324 2713 457 2807 Didymi
477 2721 687 2807 potissimum
708 2720 849 2805 copiosis
867 2720 1108 2785 commentariis
1123 2720 1299 2806 compilata
1313 2743 1383 2787 esse
1398 2721 1483 2787 inter
1498 2746 1609 2789 omnes

266 2858 269 2871 ·
324 2830 405 2896 satis
436 2832 579 2913 constat,
607 2827 672 2891 iam
703 2848 780 2892 vero
802 2826 993 2913 integriora,
1021 2849 1119 2911 quam
1142 2827 1273 2894 Pindari
1297 2829 1422 2895 codices
1445 2830 1609 2916 exhibent,

323 2935 525 3021 exemplaria
550 2933 748 3001 scholiorum
772 2934 1017 3020 compilatorem
1042 2941 1117 3000 ante
1141 2935 1252 3001 oculos
1275 2935 1428 3001 habuisse
1451 2959 1524 3001 cum
1546 2937 1610 3002 alia

323 3046 549 3111 demonstrant
569 3047 640 3107 tum
660 3042 828 3106 adnotatio
847 3040 883 3106 P.
897 3059 934 3105 xl
949 3044 992 3107 42
1011 3043 1145 3108 adiecta.
1177 3043 1308 3107 Etenim
1328 3042 1414 3128 quod
1433 3043 1609 3108 scholiasta

325 3152 408 3218 dicit
431 3154 534 3217 λείπει
558 3151 595 3215 τὸ
618 3149 778 3234 ὀφείλεις,
799 3148 833 3213 id
857 3148 937 3213 satis
960 3149 1070 3235 arguit
1092 3149 1126 3213 in
1149 3150 1238 3215 illius
1261 3149 1354 3214 libris
1374 3149 1516 3235 glossam
1535 3152 1609 3235 χρή,

325 3281 408 3345 quae
440 3259 475 3322 in
508 3278 620 3322 omnes
654 3256 781 3322 codices
813 3260 944 3321 nostros
973 3256 1119 3341 irrepsit,
1151 3256 1294 3320 nondum
1327 3256 1470 3321 additam
1500 3259 1609 3323 fuisse.

322 3365 437 3450 Itaque
462 3364 673 3449 archetypum
693 3368 881 3427 nostrorum
900 3361 1058 3426 librorum
1078 3367 1154 3446 post
1172 3361 1255 3448 eius,
1279 3362 1335 3446 qui
1355 3364 1479 3429 scholia
1497 3369 1606 3429 vetera

323 3471 525 3557 compilavit,
549 3474 689 3536 aetatem
714 3469 870 3554 scriptum
893 3468 994 3533 fuisse
1012 3491 1071 3553 pro
1092 3475 1180 3535 certo
1200 3474 1340 3554 statuas3
1362 3470 1392 3534 is
1411 3475 1520 3535 autem
1539 3493 1604 3535 non

323 3580 429 3645 solum
452 3577 631 3663 Didymum
660 3577 716 3641 sed
745 3598 785 3641 ne
808 3574 1031 3640 Herodianum
1056 3576 1200 3661 quidem,
1228 3581 1341 3660 utpote
1365 3576 1416 3641 bis
1439 3576 1610 3642 laudatum

324 3686 378 3773 (cf.
408 3684 509 3751 schol.
534 3682 663 3750 0.118
692 3687 726 3748 et
750 3681 784 3746 P.
804 3680 934 3769 11165),
961 3685 1150 3767 antecessit,
1178 3704 1373 3769 quamquam
1401 3683 1521 3748 certius
1550 3683 1606 3747 ali-

323 3794 400 3878 quid
424 3791 556 3858 definire
580 3790 729 3875 equidem
751 3811 817 3855 non
841 3789 954 3854 ausim.

411 3899 473 3964 lllo
495 3899 531 3962 in
554 3898 639 3963 libro
664 3898 839 3982 archetypo
862 3919 1072 3961 numerorum
1096 3920 1194 3962 causa
1217 3898 1297 3962 adeo
1315 3898 1398 3962 nihil
1417 3903 1487 3962 erat
1506 3920 1604 3962 nova-

323 4013 408 4092 tum,
432 4011 468 4071 ut
492 4010 525 4070 et
549 4006 647 4070 verba
665 4028 747 4091 quae
766 4008 944 4068 metrorum
963 4003 1093 4090 legibus
1113 4004 1239 4070 excludi
1257 4005 1377 4070 dudum
1398 4005 1604 4091 grammatici

322 4115 564 4199 intellexerant,
586 4118 624 4177 ut
647 4111 796 4198 φιλέοντι
821 4106 857 4175 δὲ
881 4115 1009 4175 Μοῖσαι
1029 4112 1064 4175 0.
1085 4113 1179 4189 1126,
1203 4113 1274 4176 loco
1293 4133 1360 4176 non
1379 4112 1548 4194 cesserint,
1571 4118 1604 4175 et

325 4224 473 4310 vulgares
501 4221 638 4303 formae,
667 4219 814 4305 quamvis
838 4223 942 4283 metro
967 4223 1200 4303 repugnantes,
1228 4218 1349 4283 formas
1373 4219 1604 4284 reconditiores

323 4352 477 4415 persaepe
496 4327 686 4412 expulerint.
715 4326 887 4392 Praeterea
902 4325 1054 4389 librarius
1070 4325 1238 4409 archetypi
1252 4325 1339 4389 haud
1353 4347 1426 4389 raro
1441 4326 1603 4390 variantes

322 4435 479 4501 lectiones
500 4435 550 4500 vel
569 4457 608 4498 ex
627 4433 760 4499 scholiis
779 4437 947 4518 excerptas
963 4432 1066 4497 velex
1081 4431 1168 4516 aliis,
1187 4453 1268 4515 quos
1283 4453 1372 4496 more
1388 4436 1458 4497 tum
1473 4438 1603 4518 recepto

323 4565 397 4609 cum
425 4565 484 4607 suo
513 4541 688 4627 exemplari
717 4541 913 4625 contulerat,
941 4539 1106 4605 codicibus
1134 4544 1283 4603 enotatas
1312 4540 1346 4603 in
1374 4541 1519 4626 margine
1548 4544 1604 4604 aut

324 4671 422 4735 supra
448 4649 568 4714 lineam
596 4649 771 4733 adiecerat,
802 4648 886 4712 unde
917 4647 951 4710 in
982 4645 1104 4710 nostris
1133 4665 1261 4728 quoque
1290 4645 1455 4712 codicibus
1482 4647 1604 4732 passim

323 4759 405 4823 duae
437 4756 608 4841 lectiones,
639 4778 705 4820 una
736 4754 820 4818 infra
851 4752 954 4818 altera
982 4774 1079 4837 supra
1107 4749 1225 4815 lineam
1254 4752 1395 4838 scriptae
1423 4760 1605 4818 occurrunt.

326 4864 475 4952 Denique
504 4864 659 4930 continua
684 4862 845 4949 scriptura
868 4865 901 4925 et
923 4857 1112 4925 maiusculis
1135 4856 1256 4923 litteris
1279 4861 1490 4945 archetypum
1513 4859 1603 4924 illum
