3442 5550
474 428 510 481 II.
538 429 588 478 DE
606 428 700 478 ARTE
719 428 880 479 Marruca
897 428 1055 482 PINDARI.
1342 427 1406 480 XIX

119 589 266 654 ordinem
291 612 311 653 a
332 589 454 674 primo,
475 611 541 653 non
564 612 584 653 a
606 590 748 654 secundo
769 590 848 673 pede
867 589 998 654 initium
1018 611 1131 674 capere
1151 595 1275 656 veteres
1295 591 1406 655 metri-

119 718 177 761 cos
202 701 235 762 e't
258 695 461 782 rhythmicos
484 718 549 760 uno
573 718 733 761 consensu
756 697 896 762 tradere:

210 927 385 993 Difficilior
410 928 450 993 ad
469 928 710 995 diiudicandum
734 935 785 994 est
807 953 906 995 eausa
929 951 1041 995 eorum
1064 952 1216 994 versuum
1239 930 1405 1016 logaoedi-

120 1057 249 1120 corum,
271 1057 410 1119 quorum
433 1035 539 1121 primo
561 1037 636 1121 pedi
660 1036 786 1121 syllaba
809 1036 922 1123 longa,
945 1037 1036 1102 cuius
1060 1038 1225 1102 inlocum
1244 1060 1405 1123 nusquam

119 1142 230 1207 brevis
250 1143 416 1227 succedat,
433 1143 613 1228 praemissa
631 1148 695 1227 est,
714 1142 803 1207 velut
822 1141 857 1206 O.
873 1161 909 1206 iv
925 1146 953 1208 3.
971 1145 1001 1209 6.
1017 1146 1046 1210 8.
1069 1162 1101 1207 x.
1121 1167 1169 1228 ep.
1184 1145 1213 1208 5.
1230 1145 1259 1208 6.
1286 1143 1320 1208 P.
1335 1163 1361 1208 11
1376 1146 1404 1210 5.

120 1251 152 1315 6.
167 1250 196 1314 8.
215 1271 263 1334 ep.
281 1251 309 1314 7.
328 1267 391 1314 vm
406 1251 435 1314 3.
455 1249 495 1314 N.
510 1268 536 1314 11
551 1252 580 1315 2.
599 1249 623 1314 l.
638 1253 731 1315 v114.
761 1247 921 1314 hesitatis
941 1251 1027 1315 enim
1041 1252 1077 1315 in
1091 1251 1213 1316 crimen
1228 1251 1344 1316 merito
1358 1252 1406 1316 in-

119 1362 244 1441 curret,
262 1357 319 1441 qui
337 1357 426 1422 casui
443 1357 587 1422 tribuere
600 1357 694 1441 velit,
713 1356 799 1440 quod
812 1356 847 1419 in
862 1357 1003 1442 quinque
1017 1357 1070 1421 vel
1084 1358 1184 1423 etiam
1199 1358 1309 1423 decem
1324 1364 1407 1423 stro-

118 1463 196 1548 phis
218 1486 380 1548 nusquam
397 1465 504 1529 brevis
523 1486 583 1549 pro
602 1463 702 1550 longa
720 1463 847 1546 syllaba
864 1464 973 1549 posita
991 1469 1049 1529 est.
1086 1465 1166 1530 Inde
1184 1467 1324 1551 primam
1344 1466 1406 1551 syl-

118 1570 231 1636 labam
262 1572 380 1636 horum
412 1593 565 1637 versuum
596 1593 664 1636 non
696 1571 862 1636 anacrusis
895 1572 1046 1657 ancipitis
1077 1576 1186 1658 partes
1218 1573 1317 1658 tueri,
1349 1575 1405 1638 sed

120 1684 248 1765 partem
271 1679 394 1764 primae
419 1680 568 1765 dipodiae
591 1679 719 1745 efficere
743 1678 919 1744 statuimus
943 1680 1029 1744 hunc
1052 1680 1088 1743 in
1110 1680 1256 1744 modum:

394 1806 690 1856 [.’--υ.·.υυ-ι··
780 1804 1083 1855 ῑ.’.-ῡ;νυ..υ.·.
1139 1844 1170 1855 -.

120 1910 343 1978 Probabilitas
376 1917 485 1978 autem
516 1913 613 1978 huius
645 1913 716 1977 viae
748 1912 922 1977 scandendi
954 1934 992 1976 eo
1030 1917 1180 1998 augetur,
1218 1913 1304 1997 quod
1336 1914 1403 1978 vim

120 2021 246 2105 primae
269 2020 358 2085 illius
380 2022 497 2107 longae
520 2020 607 2085 haud
631 2043 704 2084 raro
728 2026 826 2104 poeta
849 2018 1010 2106 gravitate
1030 2019 1102 2083 soni
1121 2023 1154 2084 et
1174 2020 1315 2104 pondere
1335 2042 1405 2085 sen·

117 2127 240 2192 tentiae
268 2129 527 2215 exaggerandam
556 2128 695 2210 curavit,
727 2131 764 2191 ut
792 2149 904 2192 versus
932 2126 1156 2211 auspicaretur
1185 2127 1404 2212 avocabulis,

118 2256 257 2319 quorum
289 2235 397 2320 prima
430 2234 556 2320 syllaba
587 2234 711 2321 insigni
739 2235 879 2319 quadam
907 2233 1068 2320 gravitate
1097 2234 1282 2318 excelleret,
1315 2234 1404 2299 velut

117 2341 317 2426 τηλαυγέσιν
334 2339 384 2429 (Ρ.
403 2359 430 2406 11
449 2340 498 2428 6),
522 2341 706 2428 εὐάρματος
723 2338 773 2429 (Ρ.
792 2359 818 2405 11
838 2338 888 2429 5),
911 2340 1030 2424 εὐαχέα
1049 2337 1098 2427 (Ρ.
1118 2359 1143 2405 11
1166 2339 1235 2429 14),
1258 2342 1404 2408 εὐανθέα

120 2448 170 2537 (Ρ.
190 2448 302 2538 1162).

207 2557 269 2622 His
292 2557 440 2622 versibus
463 2557 595 2644 cognati
618 2561 694 2621 sunt
714 2578 795 2640 quos
814 2555 1001 2641 ἀκεφάλους
1020 2561 1127 2622 vetere
1145 2557 1276 2621 nomine
1296 2558 1403 2643 appel-

118 2665 238 2748 lamus,
275 2665 331 2749 qui
363 2687 437 2730 cum
474 2664 622 2749 dipodiee
656 2664 865 2749 scanduntur,
902 2663 1008 2748 prima
1041 2663 1173 2747 dipodia
1205 2686 1263 2728 suo
1297 2665 1403 2750 capite

119 2776 221 2857 caret,
245 2770 334 2836 velut

746 2907 764 2928 i
818 2920 835 2929 -
904 2859 1051 2926 N.1v8.

821 3028 837 3036 -
905 2966 1106 3053 P.xep.5.

120 3091 182 3158 Sed
207 3094 246 3158 de
274 3093 338 3159 hoc
364 3115 481 3181 genere
509 3116 661 3159 versuum
690 3099 723 3157 et
750 3094 789 3158 de
811 3093 867 3176 iis,
894 3092 929 3156 in
958 3093 1076 3176 quibus
1106 3094 1268 3177 spondeus
1299 3096 1403 3159 maior

121 3200 257 3286 pedibus
281 3201 423 3286 epitritis
446 3201 644 3287 praemissus
668 3205 719 3265 est
743 3201 833 3264 velut

516 3327 855 3377 [Liuium-
922 3305 1075 3373 P.13·

120 3433 305 3517 disputandi
337 3434 428 3498 loeus
459 3434 514 3499 hic
546 3456 613 3498 non
641 3438 706 3518 est,
737 3433 998 3518 quandoquidem
1032 3455 1143 3497 eorum
1172 3434 1299 3498 scansio
1329 3457 1403 3500 cum

121 3539 227 3626 longis
252 3540 356 3637 trium
385 3545 563 3625 quatuorve
592 3563 757 3607 morarum
782 3545 814 3604 et
837 3562 1013 3625 pausarum
1036 3540 1217 3606 intervallis
1242 3542 1403 3628 cohaeret,

121 3647 159 3711 de
183 3648 301 3732 quibus
324 3649 410 3712 infra
433 3649 562 3714 demum
586 3649 790 3714 disseremus.

208 3771 263 3836 De
282 3772 406 3838 medio
425 3796 546 3838 versu.
579 3771 722 3838 Medium
742 3795 871 3838 versum
890 3772 1053 3838 continuis
1071 3773 1215 3837 numeris
1235 3774 1403 3838 decurrere
1461 3814 1464 3859 1

121 3880 201 3965 dixi3
225 3864 690 3966 Μεῗῖοὐίἶῖδολοὶηιοε,
716 3881 870 3946 inanibus
894 3880 1095 3965 temporibus
1118 3880 1154 3945 iu
1177 3881 1284 3945 medio
1307 3904 1403 3946 versu
1460 3878 1462 3959 3

120 3987 211 4052 locus
239 3987 348 4052 nullus
376 3992 435 4052 est.
480 3989 590 4073 Atque
615 3988 678 4053 hoc
701 3987 796 4053 facile
821 4009 932 4052 omnes
957 3987 1161 4052 consentient
1184 3988 1255 4052 fieri
1278 3988 1313 4051 in
1336 3987 1404 4052 vul-

121 4094 255 4180 garibus
278 4095 425 4160 versibus
447 4118 574 4161 necnon
596 4096 632 4160 in
653 4095 765 4181 lyricis
785 4095 841 4179 iis,
864 4093 919 4178 qui
940 4094 1103 4159 continuis
1123 4095 1249 4160 vicibus
1268 4095 1350 4159 arsis
1369 4098 1403 4158 et

121 4201 223 4266 thesis
248 4203 477 4289 devolvuntur,
499 4204 589 4268 velut
612 4201 648 4268 Ο.
668 4221 707 4267 111
729 4207 760 4268 1:

219 4329 443 4414 Τυνδαρίδαις
465 4353 499 4393 ιε
523 4328 724 4412 φιλοξείνοις
747 4327 842 4393 ἁδεῖν
863 4327 1117 4415 καλλιπλοκάμῳ
1140 4325 1177 4391 θ’
1194 4324 1310 4415 Ἑλένᾳ

120 4539 184 4607 Sed
212 4541 299 4605 haud
326 4563 400 4606 raro
427 4541 463 4606 in
487 4541 618 4606 Pindari
646 4507 882 4626 poetarumque
910 4541 1086 4625 lyricorum
1113 4542 1261 4606 versibus
1289 4565 1402 4608 cursus

117 4671 329 4714 numerorum
351 4649 399 4714 ita
421 4649 624 4734 interruptus
647 4654 710 4734 est,
733 4653 771 4712 ut
794 4649 875 4713 duae
899 4670 987 4713 arses
1011 4648 1097 4712 inter
1120 4671 1154 4713 se
1174 4649 1343 4735 collidant,
1365 4654 1402 4714 ut

118 4881 254 4948 Talibus
286 4880 322 4945 in
353 4882 500 4948 versibus
527 4881 576 4946 vis
609 4879 787 4968 rhythmici
818 4881 940 4946 ordinis
968 4903 1102 4966 prorsus
1129 4879 1404 4967 pessumdaretur,

1149 4982 1188 5037 b*
