3442 5550
659 386 781 435 NEMEA
801 385 835 433 11.

165 546 249 622 Διὸς
271 544 383 627 ἀγῶνι.
420 548 487 628 τόν,
511 541 536 609 ὧ
560 549 651 608 πολῖ-

209 676 276 734 ται,
300 652 466 735 κωμάξατε
495 651 634 735 Τιμοδή-

209 782 273 842 μου
297 761 361 823 σὺν
384 757 494 823 εὐκάείΙ
514 761 634 845 νόστῳ·

112 883 145 929 25
165 865 322 949 ἁδυμελεῖ
343 864 375 930 d’
400 863 547 948 ἐξάρχετε
570 874 676 950 φωνᾷ.
903 885 907 891 ·
1353 881 1386 929 40

181 1064 224 1113 24.
248 1058 380 1128 ἀριθμοῦ.
410 1063 477 1121 Διός
500 1059 587 1128 ἀγῶνι
610 1055 671 1111 τόδ’
696 1056 766 1126 (soil.
786 1057 817 1111 τὸ
842 1056 987 1127 ἐγκώμιον)
1011 1056 1081 1112 coni.
1108 1056 1200 1127 Bergk
1225 1089 1257 1097 -
1283 1054 1386 1113 statis:

112 1131 219 1184 εὐκλεεῑ
236 1130 298 1185 BD
317 1161 349 1169 -
372 1129 533 1199 Τιμοδήμου
552 1129 644 1199 Triol,
663 1129 803 1199 τιμοδήμω
823 1129 892 1183 BD.

112 1290 176 1327 oum
195 1272 281 1326 sacris
297 1272 434 1344 Olympiis
450 1272 494 1326 vel
509 1271 613 1326 Diasiis
627 1271 845 1327 Atheniensibus
864 1271 924 1325 ludi
943 1271 1085 1326 coniuncti
1103 1270 1215 1339 fuerint,
1235 1271 1387 1327 admodum

112 1344 229 1398 dubium
253 1347 309 1413 est,
333 1361 423 1414 neque
448 1344 636 1426 intellegitur,
659 1361 708 1397 our
726 1343 905 1398 Timodemus
929 1343 1111 1398 celeberrimo
1129 1343 1283 1399 certamine
1301 1343 1386 1398 Athe·

115 1416 225 1470 niensia
244 1415 455 1470 Panathenaico.
473 1433 529 1469 non
548 1414 662 1484 obierit,
686 1414 788 1470 obierit
810 1414 919 1469 minora
937 1414 1034 1469 Diasia
1052 1415 1096 1469 vel
1117 1413 1248 1485 Olympia
1271 1447 1305 1456 -
1328 1413 1386 1483 τόν,

113 1488 243 1542 Iovemne
262 1505 298 1541 an
318 1504 436 1613 afionem
456 1487 528 1540 Iovis
547 1486 710 1558 intellegas,
734 1485 805 1540 nihil
828 1486 997 1541 interest-
1017 1485 1174 1554 κωμάξατε·
1194 1503 1298 1556 pompa
1317 1487 1387 1541 eele-

113 1560 202 1628 brate,
221 1561 253 1612 ut
272 1558 355 1612 simi'
376 1559 458 1613 modo
474 1559 600 1629 χορεύειν
621 1557 763 1612 ‘saltando
783 1557 935 1613 celebrare’
956 1575 1019 1612 oum
1038 1556 1199 1611 accusativo
1217 1557 1265 1610 iun
1287 1557 1387 1611 ebatur

111 1663 147 1670 —
162 1637 204 1685 at.
221 1629 360 1700 ἐξάρχετε·
381 1648 444 1684 oum
463 1630 549 1684 verba
567 1625 652 1684 τὸνῶ
669 1634 780 1683 πολῖται
799 1628 943 1699 κωμάξατε
961 1628 1110 1700 Τιμοδήμῳ
1125 1629 1176 1682 σὺν
1195 1576 1286 1683 atulfo
1299 1628 1387 1702 νόστῳ

112 1702 209 1772 procul
234 1702 319 1756 dubio
343 1702 379 1755 ad
399 1701 473 1756 cives
493 1701 648 1769 chorentas,
672 1700 834 1755 redeuntem
853 1701 1045 1754 Timodemum
1064 1716 1168 1769 pompa
1186 1702 1385 1770 prosequentes

113 1775 143 1827 et
163 1773 296 1828 victorem
314 1773 366 1827 hoo
385 1772 446 1842 ipso
466 1773 588 1826 carmine
607 1772 811 1843 praedicantes,
832 1771 977 1826 referende
995 1771 1060 1839 sint,
1080 1771 1257 1840 insequentia
1276 1789 1387 1841 quoque

111 1844 198 1898 verbe
221 1845 353 1913 ἁδυμελεῖ
375 1843 501 1913 ἐξάρχετε
525 1849 606 1919 φωνᾷ
631 1843 665 1897 de
689 1844 742 1897 hoo
765 1843 886 1896 carmine
910 1842 971 1913 ipso
996 1843 1189 1912 intellegenda
1214 1859 1274 1897 esse
1298 1846 1385 1913 patet.

112 1915 236 1987 Negotia
260 1915 350 1970 solum
374 1916 489 1970 verbum
514 1915 641 1985 ἐξάρχετε
664 1915 787 1970 facessit.
821 1915 949 1984 Namque
969 1914 1022 1968 hoo
1041 1917 1167 1968 nostrum
1185 1931 1296 1968 carmen
1315 1914 1386 1969 adeo

111 1986 179 2040 iusti
199 1986 312 2057 epinioii
337 1989 431 2057 partes
455 1990 561 2054 tuetur,
587 1990 620 2040 ut
643 1986 693 2040 alii
716 1985 834 2040 carmini
858 2003 891 2040 eo
910 1985 1037 2056 praeludi
1056 2003 1155 2056 parum
1173 1986 1320 2066 probabile
1340 1985 1386 2041 sit.

112 2057 174 2123 Qua
197 2059 232 2112 de
252 2075 338 2112 causa
355 2058 459 2113 rectius
477 2058 550 2112 illud
567 2058 683 2112 verbum
702 2057 743 2112 ita
761 2057 1003 2127 interpretaberis,
1027 2061 1059 2111 ut
1078 2057 1191 2128 epinicn
1210 2061 1323 2111 cantum
1342 2075 1385 2112 ee-

112 2129 181 2184 teris
207 2129 371 2183 festivitatis
398 2130 547 2211 generibus
573 2129 738 2184 antecedere
763 2130 862 2196 ducas,
889 2128 982 2183 neseio
1008 2132 1103 2183 tamen
1129 2146 1165 2183 an
1191 2145 1303 2197 prorsus
1329 2129 1386 2182 alia

110 2201 317 2270 interpretandi
335 2201 383 2254 via
401 2202 524 2256 ineunda
542 2201 587 2269 sit,
607 2204 638 2255 ut
657 2200 784 2271 ἐξάρχετε
804 2201 855 2256 hoo
874 2200 936 2255 looo
954 2201 1030 2254 idem
1043 2200 1137 2255 valere
1151 2200 1286 2255 ducamus
1301 2203 1385 2269 etque

110 2271 204 2326 canite
227 2275 372 2341 tamqnam
395 2276 602 2342 praecentores,
627 2272 700 2326 unde
724 2272 874 2326 choreutae
892 2271 975 2326 laetis
1000 2271 1252 2326 acclamationibus
1276 2275 1385 2326 ceterae

111 2345 241 2398 catervae
260 2343 363 2398 civium
382 2344 505 2413 undique
524 2343 707 2398 circumfusae
726 2361 776 2399 sno
796 2343 918 2399 earmina
937 2347 1079 2414 praeeant.
