3442 5550
472 401 507 452 lI.
535 400 585 449 Da
604 400 698 450 ARTE
715 400 875 452 METRICA
893 399 1049 452 PINDARI.
1349 397 1400 452 XV

114 583 271 625 versuum
300 561 439 646 speciem
466 584 582 646 parum
611 565 739 647 gratam
762 561 847 626 effici
871 562 1114 647 cognovissent,
1145 561 1299 628 continua
1323 562 1400 627 scri-

114 672 231 752 ptura,
249 673 417 751 tamquam
436 669 544 734 soluta
563 669 711 733 oratione
726 669 908 754 composita
921 676 1044 753 essent,
1062 692 1193 734 exarare
1208 668 1367 734 solebant.
1375 667 1400 755 ¹)

115 774 211 839 lnter
233 774 471 840 Alexandrinos
491 776 722 862 grammaticos
741 776 979 860 Aristophanes
997 775 1176 861 Byzantius
1194 777 1319 862 primus
1338 775 1402 840 edi-

114 881 225 947 tiones
253 882 429 967 lyricorum
458 888 491 947 ct
519 883 707 949 melicorum
734 887 906 968 poetarum
929 905 1061 968 parasse
1084 883 1201 969 fertur,
1225 883 1260 947 in
1284 883 1401 967 quibus

115 989 272 1074 strophae
304 989 338 1054 in
371 1011 431 1054 sua
463 1012 608 1075 quaeque
639 991 712 1056 oola
738 990 912 1074 discriptae
943 990 1186 1078 exhiberentur,
1212 992 1300 1075 quod
1328 1014 1401 1056 curn

116 1095 298 1180 Dionysius
317 1096 648 1185 Haheamassensis2)
671 1099 718 1163 ita
740 1102 902 1183 narasset,
926 1103 964 1161 ut
987 1096 1102 1163 melica
1124 1098 1269 1163 carmina
1292 1099 1402 1163 omnia

116 1203 161 1266 ab
183 1202 403 1289 Aristophane
426 1205 493 1269 sive
518 1206 582 1270 alio
607 1207 745 1289 quodam
764 1204 899 1270 metrico
918 1204 952 1268 in
972 1204 1044 1270 cola
1062 1205 1166 1270 divisa
1184 1228 1254 1270 esse
1273 1206 1402 1286 diceret,

116 1308 264 1375 Thomas
288 1309 479 1398 Magister³)
507 1312 702 1400 ad,Pindari
731 1314 875 1379 carmina
897 1313 969 1398 ipsa
991 1312 1132 1397 rettulit,
1161 1313 1227 1378 sive
1251 1312 1401 1398 Dionysii

115 1416 228 1483 locum
247 1417 339 1481 illum
358 1424 392 1482 et
409 1424 556 1484 veterum
576 1420 774 1485 scholiorum
792 1420 918 1485 ineerta
936 1417 1157 1506 testimonia4)
1173 1419 1212 1483 ad
1228 1419 1401 1484 Pindarum

114 1525 307 1590 coniectura
333 1525 479 1611 trahens,
508 1526 575 1591 sive
603 1527 702 1592 alium
731 1532 897 1592 auctorem
924 1548 1011 1591 nunc
1035 1525 1236 1609 deperditum
1260 1531 1400 1591 secutus.

114 1631 208 1708 Quae
237 1637 345 1697 autem
373 1633 703 1718 cola.A1istophanes
729 1634 765 1698 in
793 1657 853 1698 sua
875 1633 1016 1698 editione
1040 1632 1333 1717 discriminaverat,
1362 1655 1400 1698 ea

115 1744 287 1825 tamquam
305 1762 325 1804 a
342 1745 440 1826 poeta
456 1741 529 1826 ipso
548 1740 695 1824 profecta
713 1743 835 1825 essent,
852 1739 977 1805 intacta
994 1739 1060 1803 fere
1079 1743 1274 1823 posteriores
1295 1761 1399 1825 gram-

116 1846 233 1911 matici
265 1852 299 1913 et
330 1848 457 1913 metrici
490 1869 634 1913 servasse
667 1847 824 1912 videntur.
872 1844 956 1911 Sunt
987 1845 1117 1931 quidem
1148 1846 1297 1910 nonnulli
1326 1846 1401 1931 loci,

114 1953 237 2037 quibus
252 1955 482 2039 grammaticos
496 1955 619 2020 leviora
633 1959 758 2019 mutare
773 1959 806 2018 et
820 1953 900 2018 duos
915 1953 1090 2018 versiculos
1104 1954 1139 2017 in
1154 1976 1253 2018 unum
1268 1954 1401 2039 amplio-

115 2082 188 2125 rem
216 2083 346 2125 versum
373 2060 565 2126 contrahere
589 2084 685 2126 ausos
709 2083 778 2125 esse
803 2060 927 2124 scholia
950 2064 1113 2125 testantur
1136 2059 1192 2148 (ad
1215 2060 1307 2125 O.1x
1329 2064 1400 2127 125.

120 2169 194 2232 134.
216 2166 332 2256 1124),
363 2191 468 2253 neque
500 2170 591 2234 deest
623 2167 779 2233 disertum
812 2167 1036 2231 testimonium
1069 2166 1283 2254 Eustathii5),
1317 2170 1400 2234 unde

114 2296 289 2339 numerum
312 2298 464 2341 versuum
483 2273 636 2364 (στίχων)
657 2275 735 2339 olim
754 2274 922 2358 aliquanto
942 2275 1100 2340 minorem
1118 2275 1218 2340 fuisse
1237 2275 1400 2342 discimus.

116 2378 180 2444 Sed
200 2386 237 2445 ut
251 2382 448 2448 recentiores
464 2383 695 2469 grammaticos
709 2381 745 2445 in
760 2380 979 2464 dispcscendis
994 2382 1141 2446 versibus
1156 2382 1255 2446 etiam
1270 2382 1400 2468 longius

115 2509 215 2570 quam
243 2487 498 2574 Aristophanem
524 2510 716 2575 progressos
744 2509 814 2551 esse
843 2485 1034 2572 largiamur,
1063 2493 1171 2554 tamen
1198 2487 1264 2552 iam
1291 2487 1401 2553 Helio-

115 2593 216 2658 dorus
248 2596 417 2680 metricus,
447 2597 504 2680 qui
536 2595 641 2681 primo
675 2593 804 2659 saeculo
837 2598 913 2678 post
946 2592 1019 2657 Chr.
1047 2615 1077 2657 n.
1112 2594 1235 2678 floruit,
1268 2594 1400 2660 Pindari

117 2701 271 2784 strophas
292 2701 328 2765 in
346 2702 419 2767 cola
437 2702 588 2767 similitor
606 2706 703 2786 atque
721 2701 757 2765 iu
775 2701 941 2766 codicibus
959 2700 1082 2765 nostris
1101 2700 1223 2765 laetum
1242 2701 1399 2787 videmus,

116 2805 239 2872 divisas
257 2808 383 2875 invenit
401 2814 434 2874 et
453 2809 537 2874 falsa
554 2810 745 2875 colometria
764 2832 896 2874 suorum
915 2808 1073 2871 librorum
1092 2807 1126 2870 in
1145 2813 1257 2893 turpes
1274 2831 1399 2874 errores

117 2935 152 2977 se
179 2915 289 2982 induci
316 2939 433 3001 passus
462 2921 526 3000 cst,
552 2917 585 2981 id
615 2917 701 3001 quod
729 2939 767 2982 ex
794 2916 850 2998 iis,
878 2937 960 2999 quae
983 2913 1183 3000 Priscianus,
1210 2915 1259 2980 De
1286 2917 1399 2981 metris

118 3018 262 3087 Terentii
285 3048 316 3109 p.
335 3026 398 3088 427
420 3024 459 3088 K.
466 3075 475 3109 ,
504 3024 542 3089 de
569 3023 665 3110 nugis
693 3023 789 3087 istius
819 3020 1023 3108 grammatici
1051 3022 1225 3086 memoriae
1247 3022 1401 3109 prodidit,

117 3126 244 3193 affatim
263 3134 406 3214 apparet.
439 3129 510 3207 Quo
530 3129 654 3195 accedit
669 3130 755 3214 quod
768 3151 911 3214 papyrus
927 3127 1186 3213 antiquissimus,
1205 3129 1258 3193 cui
1272 3129 1309 3193 fr.
1321 3130 1399 3197 28ss

118 3234 287 3321 debemus,
314 3236 459 3301 carmina
488 3236 637 3300 similiter
665 3240 763 3321 atque
790 3235 825 3299 in
851 3234 973 3299 nostris
1002 3235 1167 3300 codicibus
1195 3235 1400 3322 factumest,

116 3341 153 3405 in
176 3342 295 3427 pusilla
318 3342 389 3409 oola
412 3341 516 3408 divisa
538 3342 679 3408 exhibet.
722 3341 961 3427 Aristophanes
985 3346 1094 3415 autem
1116 3341 1186 3427 ille,
1208 3347 1246 3407 ut
1267 3344 1303 3408 in
1326 3343 1398 3408 aliis

117 3448 267 3533 partibus
291 3449 524 3535 grammaticae
548 3455 680 3515 acutum
701 3448 842 3513 iudicem
865 3453 898 3512 et
917 3448 1106 3534 diligentem
1124 3454 1399 3534 perscrutatorem

119 3577 155 3619 se
181 3557 362 3642 praestitit,
387 3557 437 3621 ita
459 3557 669 3622 difficillimae
692 3555 768 3621 huic
790 3555 976 3640 provinciae
1000 3561 1104 3620 metra
1126 3555 1298 3623 Pindariea
1321 3558 1399 3622 divi·

117 3662 213 3727 dendi
241 3663 336 3748 plane
361 3663 469 3748 impar
491 3664 562 3728 fuit.
609 3663 715 3739 Quid?
742 3662 828 3748 quod
851 3662 943 3749 gravi
965 3661 1020 3727 ille
1045 3662 1178 3728 crimine
1201 3664 1398 3731 incusandus

206 3931 232 3997 1)
251 3928 422 3982 Confirmata
445 3931 488 3982 est
511 3928 580 3983 haec
604 3927 746 3983 sententia
769 3927 939 3983 carminibus
963 3928 1055 4000 lapidi
1077 3929 1187 3999 incisis,
1211 3935 1244 3985 ut
1261 3932 1341 4001 lsylli
1363 3950 1396 3988 ex

115 3998 253 4069 Epidauri
280 3999 427 4052 ruderibus
455 3999 605 4070 protractis
630 4003 659 4054 et
701 3999 837 4054 aeanibus
863 4000 892 4053 in
915 4000 1081 4055 Atheniensi
1104 4001 1237 4056 thesauro
1261 4003 1397 4074 Delphico
1438 4035 1449 4057 ·.

115 4087 236 4141 nupera
249 4070 441 4140 Francogallis
456 4072 587 4142 repertis,
602 4089 672 4140 quos
709 4088 765 4126 enr.
778 4071 865 4139 Weil,
879 4070 952 4126 Bull.
968 4072 1003 4125 de
1018 4088 1137 4143 corresp.
1152 4073 1224 4128 Hell.
1235 4093 1293 4128 xm
1307 4079 1397 4146 (1894)

116 4148 167 4196 5⁶1
188 4142 321 4197 continua
339 4141 478 4212 scriptura
497 4143 566 4197 colis
584 4160 641 4197 non
660 4142 802 4196 distinctis
822 4145 950 4197 exaratos
970 4160 1030 4197 esse
1050 4144 1178 4198 disertim
1197 4145 1325 4201 tradidit.

205 4219 233 4282 2)
252 4214 293 4269 De
317 4230 408 4284 comp.
431 4214 507 4269 verb.
528 4232 550 4271 c.
565 4234 622 4269 xxm
640 4234 668 4285 p.
683 4220 734 4268 ala
750 4213 826 4269 doh:
855 4219 929 4268 saia
953 4213 986 4268 δέ
1003 4234 1037 4285 με
1057 4213 1136 4280 δέξαι
1155 4217 1219 4270 νυνὶ
1237 4214 1327 4287 λέγειν
1347 4219 1396 4289 οὐχ

116 4281 159 4348 οἷς
174 4283 371 4367 Ἀριστοφάνης
390 4283 407 4354 ἦ
425 4295 481 4341 τῶν
501 4285 591 4341 ἄλλων
610 4307 651 4350 τις
669 4285 832 4355 διεκόσμησε
851 4285 902 4347 τὰς
919 4283 1002 4357 ᾠδάς.
1040 4287 1112 4341 conf.
1132 4304 1234 4341 o.xxv1
1253 4307 1279 4358 p.
1295 4294 1355 4345 429.

205 4361 234 4425 3)
251 4357 309 4411 V1t.
320 4356 415 4413 P1ud.:
429 4356 616 4426 aposicrarus
630 4356 679 4413 ὑπ’
689 4356 902 4426 Ἀριστοφάνους
916 4366 965 4411 τοῦ
981 4359 1170 4423 συντάξαντος
1181 4358 1216 4411 τὰ
1226 4360 1395 4429 Πινδαριιιά.

206 4433 234 4497 4)
252 4427 343 4483 Schol.
360 4428 397 4483 ad
412 4429 443 4484 Ο.
458 4437 539 4485 1148:
559 4430 591 4484 τὸ
610 4434 699 4484 κῶλον
718 4431 819 4483 ἀθετεῖ
832 4426 1041 4498 Ἀριστοφάνης,
1062 4429 1235 4498 περιττεύειν
1254 4431 1307 4501 γάρ
1327 4430 1396 4485 αὐτό

116 4518 187 4569 φησι
204 4499 275 4567 πρὸς
293 4501 504 4569 ἀντιστρόφους.

206 4575 234 4639 5)
253 4570 310 4625 vit.
325 4571 419 4627 Pind.:
435 4570 567 4626 ἐπινίκιον
582 4572 654 4626 κατὰ
668 4572 720 4642 τὴν
734 4575 926 4642 στιχομετρίαν
941 4573 1006 4626 ὡσεὶ
1019 4569 1240 4642 τετρακισχίλιοι.
1267 4573 1396 4627 Colorum

118 4645 211 4695 autem
230 4642 260 4695 in
280 4641 424 4697 codicibus
443 4642 524 4696 nobis
543 4643 711 4698 traditorum
730 4648 796 4697 sunt
814 4643 877 4714 plus
892 4660 977 4711 quam
991 4642 1115 4711 quinque
1130 4643 1210 4697 milia
1225 4644 1394 4715 octingenta.

118 4711 220 4767 Verum
246 4716 340 4767 utrum
367 4717 465 4768 auctor
488 4713 631 4768 Eustathii
652 4715 768 4769 Pindari
796 4716 921 4768 carmina
948 4714 978 4766 in
1001 4714 1064 4769 cola
1088 4715 1180 4769 divisa
1204 4732 1240 4768 an
1263 4716 1396 4769 continua

120 4785 256 4866 scriptura
280 4788 396 4839 exarata
422 4789 488 4840 ante
507 4784 603 4839 oculos
621 4786 765 4856 habuerit,
790 4803 823 4841 eo
841 4786 933 4856 magis
954 4786 1071 4840 dubium
1090 4790 1145 4854 est,
1167 4788 1243 4855 quod
1262 4786 1348 4840 etiam
1366 4786 1397 4840 in

121 4856 211 4912 codice
230 4864 252 4912 A
271 4855 335 4912 cola
352 4873 409 4911 non
427 4856 553 4929 singulos
572 4874 667 4912 versus
686 4859 812 4930 explent,
832 4859 881 4913 sed
900 4857 1013 4913 lineolis
1032 4857 1227 4914 discriminata
1246 4860 1319 4912 eunt.
