3442 5550
743 1255 897 1308 ΠΤΘΙΟΝ.
917 1253 963 1306 Η’.

416 1418 895 1503 ΑΡΙΣΤΟΜΕΝΕΙ
935 1416 1293 1502 ΑΙΓΙΝΗΤΗι

747 1614 956 1665 ΠΑΛΑΙΣΊἫι.

305 3584 508 3644 Aristomenes
537 3583 680 3643 Xenarcis
708 3582 789 3641 fflius
812 3582 960 3661 Aegineta
991 3602 1005 3641 e
1036 3581 1129 3641 nobili
1159 3585 1248 3659 gente
1277 3579 1493 3656 Midylidarum

218 3665 259 3752 (v.
279 3666 328 3753 38)
352 3673 498 3748 Pythiade
523 3677 563 3732 35
585 3698 626 3719 =
647 3675 712 3732 450
731 3664 827 3753 (446)
854 3692 880 3731 a.
901 3672 967 3730 Chr.
987 3672 1069 3731 lucta
1091 3670 1217 3747 Delphis
1239 3670 1344 3729 vicisse
1368 3688 1387 3727 a
1411 3670 1493 3731 seho-

217 3762 314 3820 liastis
342 3762 479 3821 traditur.
527 3762 638 3821 Verum
669 3761 704 3820 de
728 3766 860 3838 tempore
883 3761 1014 3837 primum
1038 3759 1075 3818 ab
1099 3757 1153 3819 Od.
1172 3760 1330 3837 Muellera,
1354 3759 1493 3837 Aeginet

217 3871 245 3926 p.
268 3862 331 3927 177,
359 3855 425 3909 tum
448 3871 466 3909 a
489 3850 639 3911 Boeakhio
668 3851 796 3929 Bergkio
825 3849 993 3909 Luebberto
1022 3849 1210 3909 vehementer
1237 3847 1411 3907 dubitatum
1438 3851 1492 3924 eat,

218 3941 270 4016 qui
294 3961 362 4000 aum
385 3960 411 3999 a.
431 3942 494 4000 456
520 3941 682 4019 Aeginetae
706 3939 744 3997 ab
767 3939 999 3999 Atheniensibus
1022 3938 1094 3998 viati
1118 3957 1208 3997 naves
1231 3938 1362 4014 tradere,
1390 3954 1491 3997 muros

217 4030 343 4105 diruere,
366 4030 515 4088 tributum
537 4029 664 4106 pendere
683 4028 779 4088 eoacti
797 4032 903 4106 essent,
922 4049 956 4088 eo
976 4032 1078 4087 autem
1102 4031 1243 4104 tempore,
1267 4046 1327 4103 quo
1350 4027 1407 4086 hoe
1429 4045 1492 4086 ear·

218 4140 285 4178 men
314 4120 505 4195 cantabatur,
529 4119 645 4196 Aegina
672 4118 811 4177 libertate
835 4117 894 4176 frui
918 4118 1066 4177 diaeretur
1089 4109 1130 4197 (v.
1151 4110 1208 4199 98),
1232 4135 1391 4175 numerum
1413 4115 1492 4176 eodi-

218 4228 286 4268 eum
309 4203 352 4267 λε’
371 4208 400 4266 in
420 4210 464 4287 ty‘
486 4200 634 4288 (Boeckh)
654 4208 701 4266 vel
720 4201 770 4285 λβ’
789 4200 966 4289 (Luebbert)
986 4206 1204 4266 emendandum
1223 4225 1285 4265 esse
1304 4208 1492 4282 censuerunt,

218 4302 254 4356 ut
284 4298 338 4356 hoc
368 4317 485 4356 carmen
516 4301 585 4356 ante
615 4297 761 4375 Aeginam
789 4296 957 4373 subactam,
985 4296 1035 4355 sed
1066 4315 1134 4354 aum
1164 4295 1224 4354 iam
1255 4294 1346 4353 saluti
1376 4295 1492 4355 insulae

218 4406 308 4465 grave
332 4386 497 4462 perieulum
523 4386 715 4463 impenderet,
739 4405 816 4444 anno
841 4388 904 4445 458
929 4377 1078 4465 (Boeakh)
1102 4385 1149 4443 vel
1173 4387 1237 4443 462
1261 4384 1407 4460 seriptum
1430 4401 1492 4442 esse

218 4476 415 4552 perhiberent.
461 4477 561 4551 Atque
590 4475 615 4533 si
643 4475 779 4533 codicum
810 4473 882 4533 fides
910 4474 1076 4533 vellicanda
1108 4476 1165 4550 est,
1197 4473 1358 4532 Luebherti
1391 4472 1492 4550 patius

219 4586 311 4642 quam
341 4565 483 4624 Boeckhii
513 4563 678 4623 sententiae
707 4584 807 4623 meum
839 4563 988 4623 calculum
1023 4563 1151 4621 adiciam
1212 4562 1376 4621 Hermanni
1414 4561 1492 4621 enim

219 4655 396 4714 sententiam
421 4673 538 4713 carmen
562 4654 617 4712 hoa
640 4652 786 4729 Pythiede
810 4647 861 4730 κη’
879 4653 926 4712 vel
946 4672 1023 4712 anno
1042 4655 1106 4710 476
1128 4672 1153 4710 a.
1175 4652 1241 4710 Chr.
1260 4651 1406 4727 seriptum
1429 4669 1492 4710 esse

218 4745 368 4819 opinantis
399 4749 429 4802 et
451 4742 655 4819 Porphyrione
686 4746 777 4819 atque
801 4742 943 4818 Typhone
967 4734 1008 4821 (v.
1030 4754 1070 4799 12.
1093 4735 1139 4823 16)
1164 4742 1302 4818 Xerxem,
1333 4741 1491 4801 Persarum

219 4852 327 4912 regem,
346 4832 507 4910 significari
526 4832 682 4891 sentientis
695 4824 818 4913 (Opusc.
834 4850 877 4889 vn
897 4842 947 4889 165
962 4824 1014 4912 ss.)
1030 4830 1104 4888 nihil
1124 4850 1231 4907 maror,
1251 4830 1492 4906 quandoquidem
