3442 5550
513 1363 988 1449 PROLEGOMENA.

738 1666 763 1731 I.

354 1817 408 1875 DE
434 1814 645 1876 CODIOIBUS
669 1815 946 1887 SUBSIDHSQUE
971 1814 1148 1876 CRITICIS.

199 1953 281 2021 Cum
297 1955 360 2019 duo
374 1954 436 2018 riri
450 1955 488 2017 de
504 1952 634 2018 Pindari
648 1953 846 2018 carminibus
862 1954 1068 2019 emendandis
1083 1959 1159 2039 post
1171 1953 1392 2019 immortalem

47 2097 48 2100 ¹
107 2064 193 2150 Aug.
212 2061 370 2128 Boeckhii
399 2060 588 2126 memoriam
616 2060 817 2125 meritissimi
843 2061 893 2126 ita
919 2060 953 2124 in
977 2064 1148 2144 utramque
1171 2065 1297 2146 parbem
1321 2084 1392 2146 pec·

108 2174 252 2253 cessent,
283 2174 320 2233 ut
347 2169 505 2234 librorum
533 2191 631 2232 manu
660 2167 854 2252 scriptorum
882 2168 957 2232 fidei
987 2167 1069 2232 alter
1095 2168 1246 2252 nimium,
1276 2192 1390 2253 parum

110 2278 193 2343 alter
220 2277 391 2360 tribueret,
423 2275 503 2340 mihi
532 2275 672 2339 mediam
698 2274 781 2340 inire
810 2276 894 2340 viam
923 2276 1028 2340 visum
1057 2281 1114 2341 est.
1161 2276 1272 2361 Tycho
1304 2276 1389 2341 enim

108 2382 357 2466 Mommsenius,
380 2405 420 2448 ue
444 2404 596 2469 magnam
621 2405 751 2468 operam
776 2383 941 2448 codicibus
965 2383 1117 2469 religiose
1138 2382 1338 2448 excutiendis
1358 2388 1391 2448 et

109 2491 190 2556 scite
224 2490 407 2576 digerendis
439 2495 590 2554 navatam
622 2490 726 2555 iacere
759 2490 962 2555 contemnive
992 2490 1125 2575 sineret,
1156 2490 1282 2574 reliqua
1309 2491 1390 2556 artis

109 2598 240 2663 criticae
273 2596 431 2683 subsidia,
464 2619 545 2681 quae
577 2597 611 2661 in
645 2596 842 2662 carminibus
875 2598 1143 2683 recognoscendis
1172 2603 1205 2663 et
1232 2599 1327 2683 plura
1357 2604 1390 2664 et

107 2705 238 2791 potiora
269 2727 340 2769 esse
373 2705 493 2787 solent,
525 2704 573 2769 ita
605 2705 813 2791 posthabuit,
849 2710 886 2769 nt
918 2706 1005 2769 haud
1037 2726 1111 2770 raro
1143 2711 1259 2790 poetae
1292 2704 1391 2771 verba

108 2833 312 2877 summorum
334 2811 477 2876 virorum
501 2833 561 2896 ope
585 2811 651 2876 fere
670 2811 832 2896 perpolite
850 2813 1009 2877 librorum
1027 2811 1138 2877 naevis
1158 2817 1256 2898 atque
1276 2813 1389 2878 errori-

107 2919 169 2984 bus
187 2919 307 2983 iterum
326 2919 584 2984 commacularet.
621 2918 811 2983 Theodorus
830 2924 938 2984 autem
957 2919 1118 3005 Berglrius
1139 2920 1264 2986 codices
1283 2943 1388 3005 neque

108 3026 250 3111 optimos
269 3048 373 3110 neque
393 3024 557 3089 subtiliter
575 3026 771 3108 ponderatos
790 3025 940 3090 adhibuit
955 3031 988 3090 et
1004 3049 1143 3109 summa,
1163 3049 1227 3111 qua
1241 3027 1389 3113 florebat,

107 3133 230 3219 ingenii
258 3132 414 3199 felicitate
441 3133 545 3197 fretus
571 3132 614 3197 iis
641 3155 769 3218 quoque
797 3132 891 3215 locis,
920 3133 1037 3218 quibus
1066 3156 1085 3198 a
1112 3133 1277 3198 codicibus
1301 3139 1387 3199 recte

108 3240 289 3305 aestimatis
313 3241 364 3305 lex
384 3262 421 3305 ac
439 3262 553 3304 norma
572 3245 642 3306 erat
660 3241 813 3326 petenda,
837 3261 896 3305 suo
916 3240 1052 3305 arbitrio
1070 3241 1239 3327 indulgere
1258 3242 1389 3329 maluit3

108 3347 142 3411 in
165 3347 343 3413 novissima
366 3369 441 3411 vero
466 3345 534 3411 sive
557 3352 674 3430 quarta
696 3347 838 3412 editione
863 3346 1035 3412 Poetarum
1058 3347 1235 3432 lyricorum
1260 3370 1388 3435 graeco

108 3477 181 3518 rum
203 3453 308 3518 virum
331 3454 498 3539 egregium
517 3453 622 3538 magis
642 3454 750 3518 studio
770 3453 909 3519 aliorum
928 3454 1096 3539 opiniones
1115 3455 1270 3520 reiciendi
1289 3478 1387 3540 quam

108 3583 185 3626 suos
205 3582 330 3626 errores
350 3559 531 3645 corrigendi
555 3561 689 3625 ductum
708 3584 777 3626 esse
795 3561 984 3626 incensura
1002 3561 1071 3626 eius
1090 3562 1166 3626 libri
1186 3559 1273 3649 (ann.
1294 3564 1387 3629 class.

107 3668 184 3752 phil.
211 3668 295 3733 1889
324 3689 354 3750 p.
380 3665 498 3754 lsqq.)
527 3667 681 3753 exemplis
710 3668 928 3753 comprobavi.
974 3668 1047 3752 lpse
1080 3673 1114 3733 et
1143 3669 1177 3733 in
1205 3692 1257 3755 ea,
1290 3692 1387 3755 quam

107 3773 225 3859 viginti
263 3773 404 3858 quinque
436 3775 529 3839 annis
563 3775 682 3840 abhinc
713 3776 748 3839 in
780 3774 986 3840 Bibliotheca
1018 3775 1244 3840 Teubneriana
1275 3779 1387 3864 paravi

106 3880 248 3946 editione
276 3885 309 3944 et
332 3880 366 3944 in
389 3880 462 3966 hac,
491 3903 588 3966 quam
611 3905 697 3947 nunc
720 3882 755 3946 in
777 3882 883 3948 lucem
906 3883 1035 3968 emitto,
1063 3882 1175 3947 sedulo
1199 3884 1322 3970 curavi,
1350 3890 1387 3950 ut

106 3995 139 4055 et
172 3988 319 4055 codicum
352 3988 505 4053 subsidiis
536 4012 555 4054 a
582 3989 796 4054 Mommsenio
825 3989 1033 4074 potissimum
1059 3990 1183 4075 paratis
1211 3993 1386 4075 prudenter

105 4102 214 4162 uterer
247 4101 280 4160 ct
307 4095 439 4161 Pindari
466 4096 609 4162 rationes
639 4097 789 4163 metricas
819 4097 1112 4182 grammaticusque
1138 4098 1385 4183 diligentissime

105 4208 275 4270 scrutarer.

194 4311 248 4376 De
275 4310 487 4376 codicibus.
533 4310 573 4376 ln
600 4317 757 4397 apparatu
786 4311 900 4376 critico
928 4312 1123 4376 adstruendo
1152 4312 1386 4378 Mommsenius

104 4417 285 4485 rectissime
304 4417 447 4503 monuit,
464 4418 605 4504 primurn
624 4419 769 4484 omnium
787 4420 888 4484 libros
908 4441 927 4483 a
943 4417 1134 4504 Byzantinis
1155 4419 1386 4506 grammaticis,
1432 4440 1437 4513 p

103 4526 232 4591 Thoma
253 4524 413 4613 Magistro
437 4526 650 4610 Moschopulo
674 4526 843 4613 Triclinio,
867 4526 1082 4611 interpolatos
1107 4550 1126 4590 a
1149 4526 1311 4591 veteribus
1334 4527 1385 4592 in-

103 4632 271 4720 tegrisque
290 4633 528 4718 exemplaribus
546 4634 648 4718 probe
667 4656 737 4699 esse
757 4634 1011 4720 distinguendos.
1041 4633 1102 4698 Isti
1120 4633 1295 4720 magistelli
1311 4657 1384 4699 cum

104 4764 164 4805 suo
187 4740 294 4805 Marte
322 4740 452 4805 scabros
480 4763 631 4806 numeros
660 4741 809 4825 expedire
837 4746 870 4806 et
898 4741 1055 4806 orationis
1084 4740 1200 4806 menda
1224 4740 1383 4826 expellere

103 4849 272 4913 studerent
295 4869 367 4932 nec,
394 4847 422 4912 si
445 4870 566 4931 paucos
590 4848 747 4932 quosdam
770 4847 860 4913 locos
883 4852 920 4913 ut
943 4845 1082 4914 O.X18.
1107 4846 1147 4912 Ν.
1166 4864 1178 4910 1
1198 4850 1251 4914 52.
1274 4849 1383 4913 11135.
