3442 5550
221 387 286 452 316
693 393 841 444 PJNDARI
858 393 1026 445 aaaron.

1296 554 1382 621 ’Λντ.
1403 556 1449 622 δ’.

274 660 338 725 άπὸ
368 659 534 742 Ταϋγέτου
557 660 770 743 πεδαυγάζων
794 662 865 726 ίδεν
889 664 1040 743 Λυγκεὺς
1063 663 1165 747 δρυὸς
1189 661 1224 727 ἐν
1247 662 1391 746 στελέχει
1451 682 1503 729 115

275 769 409 853 ἥμενον·
432 771 544 832 κείνου
568 769 630 853 γὰρ
654 768 858 852 ἐπιχθονίων
880 769 1015 833 πάντων
1037 768 1139 852 γένετ’
1162 768 1321 848 ὀξύτατον

274 877 375 959 όμμα·
400 879 573 960 λαιψηροῖς
596 872 632 939 δὲ
655 877 814 941 πόδεσσιν
837 878 927 961 ἄφαρ

276 981 462 1066 ἐξικέσθαν,
485 980 540 1046 καί
563 981 645 1067 μέγα
667 982 789 1069 ίέργον
812 980 965 1069 ἐμήσαντ’
992 981 1109 1062 ὠκέως.
1448 1003 1500 1071 rao

223 1106 256 1154 σε
275 1088 329 1154 καλ
352 1090 465 1154 πάθον
488 1090 601 1154 δεινὸν
623 1090 787 1174 παλάμαις
804 1088 1022 1176 Ἀφαρητίδαι
1046 1093 1141 1168 Διός·
1165 1090 1282 1156 αὐτίκα
1305 1092 1368 1177 γάρ

274 1191 356 1280 ήλθε
381 1197 494 1280 Λήδας
516 1209 592 1272 παῖς
615 1198 759 1261 διώκων·
782 1195 833 1262 τοί
857 1194 886 1260 δ’
914 1200 1006 1262 έναν-

317 1329 357 1369 τα
379 1304 504 1370 στάθεν
526 1304 640 1392 τύμβῳ
663 1305 781 1387 σχεδὸν
804 1308 972 1392 πατρωίῳ·

274 1503 374 1565 ἐνθεν
397 1500 598 1586 ἁρπάξαντες
621 1499 739 1586 ἄγαλμ’
763 1498 868 1585 Ἀίδα,
892 1500 1005 1579 ξεστὸν
1026 1498 1161 1585 πέτρον,
1292 1500 1360 1567 Ἐπ.
1379 1501 1423 1567 δ’.
1445 1521 1495 1568 ιεσ

293 1719 334 1768 61.
354 1710 418 1767 πεδ’
440 1708 476 1766 αὖ
495 1734 518 1782 γ.
539 1713 576 1780 D,
595 1710 662 1766 πόδ’
684 1715 745 1782 airy.
766 1715 800 1780 Β,
819 1732 935 1782 ποταυγ.
955 1712 1113 1781 Stephanus
1135 1745 1165 1752 -
1186 1718 1227 1766 62.
1251 1711 1355 1782 ἡμενον
1372 1713 1493 1768 Aristar-

222 1785 300 1852 chus,
319 1801 405 1853 quam
419 1784 536 1838 eandem
555 1783 704 1839 lectionem
724 1787 880 1854 agnoscunt
898 1782 983 1839 schol.
998 1782 1141 1853 Aristoph.
1156 1782 1229 1837 Plut.
1246 1801 1286 1839 sio
1305 1787 1333 1838 et
1353 1784 1454 1839 Suidas
1473 1804 1494 1841 s.

221 1853 350 1926 Λυγκέως
370 1854 499 1925 Apollod.
513 1854 583 1909 bibl.
598 1875 628 1908 ιιι
648 1873 696 1911 iao:
718 1854 819 1925 ἡμενος
838 1855 911 1924 BD,
929 1854 1030 1924 ἡμένας
1048 1854 1093 1908 vel
1111 1853 1219 1924 ἡμένας
1237 1855 1415 1910 scribendum
1434 1873 1494 1911 esse

221 1926 342 1982 coniecit
360 1926 505 1995 Didymus,
520 1925 612 1996 ἡμένα
626 1927 696 1981 coni.
712 1926 861 1994 thiersch,
881 1926 1026 1981 conferunt
1045 1926 1076 1980 Ο.
1091 1945 1112 1978 11
1131 1942 1164 1994 rs,
1184 1926 1232 1981 sed
1251 1945 1276 1980 v.
1292 1929 1440 1984 comment.
1460 1960 1492 1968 -

221 2004 262 2053 63.
287 1997 403 2053 πόδεοιν
424 1998 491 2053 BD
510 2029 541 2039 -
562 2004 603 2052 64.
630 1997 762 2068 ἐμήσαντ’
784 1997 854 2052 coni.
874 1996 999 2052 Schmin:
1024 1995 1155 2067 ἐμνήσατ’
1177 1999 1216 2066 Β,
1240 1997 1390 2067 έμνήσαντ’
1413 2001 1442 2054 1)
1460 2032 1493 2040 -

221 2075 263 2124 65.
283 2073 378 2124 πόθον
392 2072 422 2124 D
437 2102 471 2109 -
488 2067 672 2138 ’Λφαρηῖάδαι
690 2068 761 2124 coni.
776 2070 914 2124 Boehmer
927 2102 960 2109 —
976 2074 1017 2123 66.
1037 2068 1224 2136 Aristogitonis:
1244 2069 1307 2124 fort.
1323 2078 1389 2134 παῖς
1405 2069 1494 2142 Ζηνός

222 2175 254 2182 -
274 2142 403 2215 πατρωΐῳ
422 2139 547 2196 Schmid:
566 2143 684 2215 πατράφ
703 2142 770 2212 (atro
790 2143 829 2210 D)
848 2142 909 2195 BD
929 2172 962 2180 -

292 2290 324 2339 61
337 2303 372 2337 ss.
392 2301 448 2336 non
462 2283 554 2353 pergit
572 2286 656 2352 pocta
674 2284 703 2337 in
723 2301 751 2338 re
770 2301 854 2353 quam
869 2284 1014 2353 inceperat
1027 2283 1175 2351 narranda,
1191 2284 1240 2337 sed
1254 2287 1406 2353 postquam
1420 2304 1493 2340 sum-

221 2372 295 2409 mam
322 2354 361 2409 rei
387 2354 544 2425 proposuit,
572 2355 726 2409 orationem
745 2360 819 2408 rotro
838 2355 923 2409 vertit
941 2355 978 2408 ad
997 2354 1109 2408 initium
1128 2354 1168 2408 rei
1187 2355 1389 2424 exponendum.
1428 2357 1492 2410 Ilio·

220 2443 362 2480 scurorum
395 2429 424 2479 et
451 2425 685 2495 Apharetidarum
715 2445 839 2496 pugnam
867 2427 1053 2496 Apollodorus
1079 2445 1109 2478 111
1137 2442 1174 2479 rsa
1203 2426 1323 2481 Pindaro
1357 2427 1433 2498 ipso,
1465 2427 1493 2481 ni

221 2497 316 2564 fallor,
341 2500 453 2550 auctore
477 2514 544 2550 usus
566 2497 665 2552 refert:
692 2498 908 2563 στρατεύσαντες
927 2497 957 2551 δὲ
978 2497 1023 2552 ἐπί
1041 2498 1193 2588 Μεσσήνην
1212 2497 1238 2551 ολ
1258 2496 1425 2567 Διόσκουροι
1444 2499 1494 2567 τήν

219 2588 249 2623 τε
269 2570 346 2622 λειάν
366 2568 476 2637 ἐκείνην
494 2569 543 2621 καί
560 2569 665 2637 πολλὴν
684 2569 769 2639 ἄλλην
787 2568 995 2623 συνελαύνουσι.
1029 2568 1144 2623 καὶτὸν
1169 2571 1237 2622 [δαν
1257 2567 1359 2639 ἐλόχων
1378 2572 1427 2625 καί
1444 2571 1494 2625 τδν

220 2639 339 2710 Λυγκέα.
368 2640 493 2708 Λυγκεύς
510 2637 542 2693 δὲ
562 2638 630 2693 ίδὼν
646 2639 776 2706 Κάστορα
795 2640 932 2709 ἐμήνυσεν
946 2639 1006 2713 Ἴδᾳ
1021 2641 1150 2703 κάκεῖνος
1164 2640 1251 2694 αύτδν
1264 2638 1375 2696 κτείνει.
1405 2646 1493 2697 Πολυ-

220 2712 321 2780 δεύκης
340 2708 371 2764 δὲ
392 2708 505 2777 ἐδίωξεν
523 2711 625 2773 αύτούς
643 2711 691 2764 καί
709 2712 758 2765 τὸν
777 2710 828 2781 μὲν
844 2710 956 2782 Λυγκέα
970 2711 1072 2766 κτείνει
1085 2711 1117 2765 τδ
1132 2709 1200 2778 δόρυ
1215 2711 1376 2782 προέμενος,
1395 2714 1445 2769 τδν
1463 2713 1493 2768 δὲ

216 2781 294 2837 Ἴδαν
320 2783 442 2850 διώκων,
468 2782 584 2854 βληθείς
608 2780 657 2836 ὑπ’
679 2780 787 2837 ἐκείνου
807 2781 895 2858 πέτρᾳ
914 2783 986 2837 κατὰ
1003 2790 1052 2852 τῆς
1070 2787 1201 2852 κεφαλῆς,
1219 2781 1315 2837 πίπτει
1334 2783 1494 2851 σκοτωθείς,

219 2856 268 2908 καλ
288 2855 357 2916 Ζεὺς
375 2851 454 2907 Ἴδαν
473 2862 619 2920 κεραυνοῖ,
638 2855 819 2922 Πολυδεύκην
839 2853 869 2908 δὲ
889 2854 928 2917 εἰς
947 2855 1069 2921 οὐρανὸν
1088 2852 1196 2923 ἀνάγει.
1234 2854 1270 2924 μὴ
1289 2854 1444 2924 δεχομένου
1462 2855 1493 2910 δέ

221 2925 418 2988 Πολυδεύκους
436 2925 487 2993 τὴν
507 2922 671 2979 ἀθανασίαν
690 2924 770 2989 ὄντος
788 2934 889 2994 νεκροῦ
905 2926 1054 2994 Κάστορος,
1074 2927 1142 2988 Ζεὺς
1156 2924 1325 2995 ἀμφοτέροις
1342 2926 1412 2997 παρ’
1430 2926 1492 2997 ἡμέ-

220 3018 273 3064 ραν
296 2998 343 3050 καλ
367 2996 398 3050 έν
421 3001 499 3058 θεοῖς
522 2992 597 3050 εἶναι
621 2997 666 3050 καί
688 2996 718 3051 ἐν
736 3001 853 3065 θνητοῖς
873 2997 957 3052 ἔδωκε
977 3030 1009 3037 -
1030 3003 1071 3052 62.
1098 2995 1210 3067 ἡμένας·
1238 2997 1374 3066 Didymus
1398 3016 1489 3068 gram·

219 3068 352 3136 mationa,
375 3072 407 3121 nt
430 3067 543 3121 lectioni
567 3067 668 3135 ἡμένας
689 3066 735 3122 vel
758 3066 865 3158 ἡμένας
887 3068 1123 3140 patrocinaretur,
1146 3068 1311 3139 provocarit
1333 3069 1369 3123 ad
1395 3087 1491 3124 versus

220 3139 395 3210 Cypriorum:
420 3135 493 3203 αἶψα
513 3137 543 3192 δὲ
563 3139 686 3208 Λυγκεύς
703 3140 706 3209 l
725 3143 867 3208 Ταυγετον
885 3140 1051 3212 προσέβαινε
1071 3140 1154 3194 ποσίν
1171 3138 1297 3209 ταχέεσσι
1316 3143 1491 3206 ueneritne!

219 3209 375 3279 ἀκρότατον
399 3209 427 3262 δ’
448 3209 557 3282 ἀναβὰς
580 3208 739 3278 διεδέρκετο
758 3219 845 3279 νῆσον
863 3209 977 3266 ἄπασαν
994 3212 997 3282 l
1016 3209 1190 3265 Τανταλίδου
1209 3208 1348 3279 Πέλοπος,
1372 3211 1445 3282 τάχα
1463 3212 1491 3267 δ’

220 3282 305 3337 εἴσιδε
325 3283 440 3350 κύδιμος
459 3279 530 3350 ἤρας
546 3287 550 3348 Ι
566 3284 669 3344 δεινοῖς
692 3281 882 3352 ὀφθαλμοῖσιν
901 3282 953 3337 έσα
972 3283 1056 3349 δρυὸς
1075 3282 1159 3350 ἄμφω
1178 3280 1271 3351 κοίλης
1287 3285 1290 3349 Ι
1308 3281 1440 3352 Κάστορά
1459 3283 1492 3339 θ’

219 3353 381 3423 ἱπποδάμου
399 3354 447 3406 καλ
465 3351 645 3421 ἀεθλοφόρου
664 3353 856 3419 Πολυδεύκεα,
873 3359 877 3420 Ι
893 3354 958 3419 νύξε
982 3352 1010 3408 δ’
1032 3352 1078 3421 ἄρ’
1101 3353 1166 3424 ἄγχι
1188 3351 1254 3416 στὰς
1272 3354 1396 3423 μεγάλην
1414 3358 1492 3424 δρῦν.

219 3424 287 3478 Cum
308 3427 401 3478 vel-cre
420 3423 543 3477 carmine
561 3423 724 3493 Cypriorum
743 3424 830 3495 igitur
848 3425 932 3479 lectio
956 3424 1057 3495 ἡμένας
1076 3425 1092 3478 i.
1111 3441 1133 3478 e.
1153 3421 1272 3494 ἡμένους
1291 3424 1422 3493 Κάστορα
1446 3428 1494 3481 καί

220 3496 410 3564 Πολυδεύκην,
429 3494 511 3547 unice
530 3495 679 3564 conspirat.
709 3496 763 3549 Sed
782 3496 934 3564 quaeritur,
952 3515 1019 3550 num
1037 3495 1174 3550 Pindarus
1190 3495 1352 3565 Cypriorum
1372 3497 1494 3569 vestigia

220 3566 322 3638 legerit
339 3582 429 3635 neque
444 3568 565 3619 veterem
584 3566 690 3620 famam
703 3567 756 3620 hoo
770 3584 880 3636 quoque
900 3567 961 3621 loco
980 3567 1179 3635 immutaverit,
1195 3573 1226 3621 ut
1240 3566 1383 3622 Castorem
1402 3568 1492 3624 solnm

220 3655 238 3691 a
256 3638 365 3692 duobus
390 3636 571 3707 Apharetidis
595 3654 756 3707 oppressum
781 3655 841 3692 esse
864 3640 988 3708 fingeret.
1027 3638 1106 3692 Certe
1128 3638 1227 3693 melius
1247 3638 1337 3693 oratio
1355 3640 1493 3709 procedit,
1550 3676 1568 3700 .

220 3709 243 3762 si
263 3708 370 3776 omnia,
389 3725 462 3777 quae
481 3726 524 3762 vv.
540 3724 618 3763 err—es
638 3712 794 3777 narrantur,
814 3710 850 3763 ad
869 3728 953 3763 unum
973 3709 1116 3764 Castorem
1135 3709 1288 3779 pertinent,
1308 3713 1337 3764 et
1355 3729 1400 3765 vv.
1416 3727 1443 3767 so
1457 3729 1492 3766 ss.

219 3780 329 3834 demum
353 3780 390 3834 ad
414 3796 472 3833 rem
494 3798 519 3834 v.
539 3796 565 3833 σο
588 3780 749 3834 inchoatam
772 3785 856 3851 poeta
878 3780 959 3835 redit.
997 3781 1043 3836 Sic
1066 3781 1152 3835 etiam
1175 3779 1286 3834 facilius
1305 3781 1371 3836 ferri
1390 3786 1492 3853 potest,

220 3852 294 3920 quod
310 3870 334 3905 v.
351 3869 376 3905 oo
391 3850 490 3905 Pollux
504 3850 597 3904 verbis
611 3851 708 3918 Λήδας
721 3861 795 3920 παῖς,
810 3869 865 3906 non
879 3853 975 3921 Λήδας
989 3850 1081 3920 ἐτερος
1095 3861 1161 3914 παῖς
1175 3851 1346 3922 declaratum
1361 3853 1493 3908 nimirum

219 3926 303 4004 poeta
322 3924 358 3977 ad
378 3939 487 3976 versum
506 3939 544 3988 συ,
564 3939 618 3991 quo
638 3940 739 3977 nomen
758 3925 939 3991 Πολυδεύκην
958 3923 1076 3989 dixerat,
1096 3924 1136 3977 ita
1155 3923 1237 3991 redit,
1256 3926 1379 3992 atquae
1399 3925 1493 3980 medis

220 3995 368 4049 interiecta
382 3997 455 4056 sunt,
476 3993 608 4065 neglegat
622 3996 767 4063 tamquam
782 3995 810 4048 in
823 3995 986 4077 parenthesi
1000 3995 1084 4050 dieta.
1113 3994 1272 4048 Iieotionem
1287 3994 1375 4065 igitur
1390 3995 1493 4066 ἥμενον

220 4065 382 4119 Aristarcho
405 4066 553 4134 probat-am
577 4068 606 4120 et
630 4064 689 4134 ipse
711 4066 843 4134 probavi,
870 4066 1039 4137 optimorum
1063 4066 1191 4120 codicum
1217 4065 1366 4120 lectionem
1393 4068 1494 4138 ἡμευος

219 4155 274 4191 non
300 4155 333 4191 ex
360 4141 452 4191 vetere
478 4136 616 4206 scriptura
641 4136 808 4191 remansisse
832 4142 861 4191 et
884 4138 920 4192 ab
940 4137 1101 4192 Aristarcho
1121 4140 1273 4192 correctam
1293 4155 1366 4198 esse,
1391 4139 1493 4194 seder

220 4208 331 4277 Didymi
352 4206 568 4276 interpolatione
588 4208 700 4262 fluxisse
719 4211 796 4262 ratus
815 4241 849 4248 -
873 4216 915 4264 64.
942 4207 1103 4275 ἐξικέσθαν·
1128 4210 1253 4277 Lynceus
1273 4211 1302 4262 et
1320 4209 1398 4277 ldas;
1423 4211 1493 4280 Lyn·

220 4298 283 4334 ceus
303 4279 393 4347 solus,
412 4295 469 4347 qna
487 4282 548 4332 erat
566 4279 625 4333 acie
645 4279 799 4348 oculorum,
827 4279 969 4335 Castorem
989 4281 1018 4334 in
1036 4284 1134 4334 trunco
1154 4280 1261 4333 arboris
1280 4279 1493 4336 delitescentem

218 4354 413 4421 conspexerat,
440 4350 489 4403 sed
513 4351 595 4404 amlro
614 4350 714 4405 fratres
733 4350 763 4404 in
783 4350 926 4406 Castorem
944 4351 1079 4423 impetum
1099 4351 1225 4405 fecerunt
1243 4368 1362 4419 eumque
1381 4369 1493 4423 oppres-

219 4426 321 4477 serunt.
359 4420 473 4476 Pindari
497 4421 570 4475 huno
593 4421 685 4476 locum
708 4423 824 4493 respicit
846 4424 928 4477 Paus.
947 4442 974 4476 rr
995 4442 1019 4490 ε,
1039 4440 1063 4479 r:
1090 4424 1224 4490 νεώτερος
1246 4422 1277 4475 δὲ·
1301 4418 1336 4492 ἡν
1359 4425 1493 4494 Λυγκεύς,

219 4491 251 4548 ὃν
271 4493 323 4563 ἔφη
344 4492 498 4558 Πίνδαρος,
523 4491 575 4563 ὅτῳ
599 4494 695 4560 πιστοί,
720 4494 806 4557 οὕτως
829 4495 878 4560 ὀξὺ
902 4494 983 4562 ὁρᾶν,
1010 4496 1046 4557 ὡς
1069 4495 1116 4547 καί
1136 4493 1184 4547 διὰ
1204 4493 1346 4562 στελέχους
1364 4499 1493 4549 θεᾶσθαι

218 4563 309 4632 δρυός.
347 4564 473 4618 Eandem
496 4563 621 4618 fabulam
646 4569 755 4634 spectat
773 4566 868 4620 Horat.
889 4584 955 4636 ep.1
976 4584 995 4633 1,
1015 4582 1052 4620 ss:
1079 4584 1132 4618 rum
1152 4568 1241 4634 possis
1263 4567 1341 4619 ιιυαλο
1360 4575 1493 4636 rimarum

217 4639 374 4691 ιοιιῖειιτίιιε
389 4638 517 4706 Lynceus
531 4668 564 4674 -
580 4641 621 4688 66.
641 4637 737 4702 Λήδας
750 4646 830 4700 παῖς·
852 4637 1039 4704 Πολυδεύκης,
1058 4637 1136 4689 cuius
1156 4653 1256 4690 nomen
1276 4641 1304 4690 et
1324 4640 1409 4691 antea
1429 4657 1454 4692 v.
1469 4654 1493 4691 so

218 4709 247 4761 et
264 4711 363 4777 postea
382 4726 406 4760 τ.
423 4723 448 4759 aa
467 4705 573 4760 dictum
593 4709 649 4774 est;
672 4711 760 4776 Ζηνὸς
778 4717 852 4774 παῖς,
872 4709 946 4777 quod
966 4707 1085 4774 conieci,
1105 4709 1272 4775 aeonratius,
1292 4711 1354 4761 uter
1373 4726 1407 4762 ex
1427 4709 1492 4763 duo·

218 4777 270 4830 bus
293 4779 385 4832 Ledae
409 4776 474 4831 filiis
499 4776 704 4848 intellegendus
728 4782 813 4846 esset,
838 4780 1001 4834 declararet.
1039 4778 1168 4832 Ceterum
1187 4779 1316 4833 similiter
1335 4779 1409 4834 infra
1428 4799 1453 4835 v.
1468 4794 1492 4834 rs

221 4853 246 4902 T
244 4848 398 4917 υνδαρίδας
417 4852 460 4903 est
478 4866 549 4902 unus
564 4865 598 4902 ex
612 4849 781 4918 Tyndaridis
800 4850 898 4905 Pollux
915 4883 947 4891 -
965 4856 1007 4906 67.
1028 4848 1129 4920 ἄγαλμ’
1147 4848 1234 4906 Ἀίδα·
1254 4850 1376 4920 cippum,
1396 4850 1492 4920 quales
