3442 5550
776 377 925 427 PINDARI
943 377 1110 429 EPINICIA.

518 547 576 624 τεᾷ
598 546 697 602 τοῦτο
721 540 924 623 μιγνύμενον
948 542 1060 624 φρενί·

468 662 502 708 ac
521 645 628 730 μάκαρ
653 641 689 709 δὲ
712 643 768 709 καὶ
790 654 868 727 νῦν,
884 651 1024 723 ’κλεενᾶς
1047 647 1098 711 ότι
1167 628 1171 633 ’
1391 663 1424 709 aa

520 747 617 836 εὖχος
641 753 703 834 ἥδη
725 753 814 837 παρά
839 752 1016 828 Πυθιάδος
1038 753 1151 829 ἵπποις
1174 751 1259 817 ἑλὼν

522 858 649 937 δέδεξαι
672 860 770 924 τόνδε
792 869 905 944 κῶμον
928 857 1071 945 ἀνέρων,

1236 982 1305 1049 Ἐκ.
1329 983 1372 1049 α’.

518 1089 741 1157 Ἀπολλώνιον
764 1095 910 1179 ἄθυρμα
955 1103 1001 1181 τῷ
1026 1111 1062 1158 σε
1085 1094 1128 1177 μὴ
1152 1091 1298 1174 λαθέτω,
1393 1110 1427 1156 30

522 1200 664 1287 Κυράνᾳ
685 1202 814 1282 γλυκὺν
836 1198 921 1284 ἀμφὶ
944 1209 1050 1265 κᾶπον

564 1305 761 1392 Ἀφροδίτας
784 1307 993 1392 ἀειδόμενον,

467 1432 501 1478 aa
520 1412 620 1479 παντὶ
643 1411 704 1498 μὲν
726 1416 810 1480 θεὸν
832 1421 956 1479 αῖ-τιον
977 1413 1213 1500 ὑπερτιθέμεν,

521 1525 634 1605 φιλεῖν
657 1517 694 1585 δέ
717 1522 902 1607 Κάρρωτον
925 1520 1010 1606 ἔξοχ’
1037 1521 1191 1607 ἑταίρων,

518 1628 554 1705 ὃς
577 1629 617 1693 οὐ
640 1629 701 1693 τάν
722 1626 919 1714 Ἐπιμαθέος
941 1631 1033 1712 ἀγων
1388 1648 1422 1694 35

519 1735 659 1812 ὀψινόου
678 1777 691 1785 -
710 1736 881 1822 θυγατέρα
904 1740 1075 1821 πρόφασιν
1093 1778 1107 1786 -
1127 1738 1294 1801 Βαττιδᾶν

519 1842 654 1927 ἀφίκετο
678 1845 803 1928 δόμους
824 1847 1104 1928 θεμισκρεόντων·

466 1967 500 2013 30
518 1948 587 2015 ἀλλ’
612 1950 864 2036 ἀρισθάρματον

519 2058 615 2122 ὕδατι
640 2061 827 2135 Κασταλίας
850 2057 947 2136 ξενω-
1387 2077 1422 2122 40

561 2163 636 2241 θεὶς
658 2164 757 2250 γέρας
779 2164 947 2250 ἀμφέβαλε
969 2177 1111 2230 τεαῖ-σιν
1133 2169 1264 2250 κόμαις,

376 2349 419 2397 22.
438 2341 535 2407 δέδεξο
550 2342 580 2396 D
595 2341 625 2393 in
643 2340 686 2396 lit.
702 2374 736 2380 -
751 2347 793 2394 23.
813 2360 843 2396 σε
862 2342 898 2412 μὴ
919 2342 990 2396 coni.
1005 2342 1131 2397 Schmid:
1150 2342 1188 2412 μή
1208 2360 1237 2396 σε
1257 2344 1337 2397 codd.
1355 2375 1385 2382 —
1401 2349 1446 2398 al.
1465 2342 1582 2417 Κυράνᾳ

306 2413 432 2469 Schmin:
456 2412 566 2480 κυράνα
589 2413 669 2468 codd.
689 2416 719 2467 et
741 2413 837 2481 schol,
862 2414 997 2480 Κυράναν
1019 2413 1091 2468 coni.
1110 2414 1252 2485 Hartung‚
1278 2413 1410 2481 Κυράνας
1429 2414 1583 2469 Schroeder

304 2486 401 2541 Jahrb.
422 2485 440 2540 f.
460 2484 531 2538 Phil.
553 2489 621 2538 1877
647 2503 674 2554 p.
693 2501 719 2538 ss
748 2516 780 2523 -
809 2483 976 2554 ἀειδόμενον
1004 2487 1031 2539 Β
1052 2485 1132 2540 OD:
1160 2485 1313 2555 ἀειδομένα
1340 2484 1443 2555 legisse
1471 2485 1583 2540 videtur

306 2556 468 2624 scholiasta,
484 2553 634 2626 άειδομένη
656 2557 693 2610 (³⁸
708 2588 740 2596 —
756 2561 798 2610 26.
813 2560 906 2624 φιλεῖν
921 2557 1000 2610 codd.
1015 2573 1079 2609 cum
1094 2556 1269 2612 Aristarcho:
1288 2555 1364 2626 φίλει
1378 2560 1444 2611 ante
1459 2557 1581 2611 Aristar·

305 2630 388 2682 chum
411 2627 558 2698 vulgatum
582 2627 668 2681 fuisse
691 2631 832 2681 testantur
855 2627 964 2682 scholia
983 2661 1016 2667 —
1035 2633 1078 2680 27.
1102 2627 1217 2697 ἐπιμηθ.
1237 2628 1317 2685 codd.
1339 2663 1370 2669 -
1396 2634 1438 2685 ⁸28.
1462 2627 1582 2694 ὀψινόου

306 2701 365 2767 (ἀφ.
387 2699 431 2769 0¹)
455 2699 482 2752 B
494 2699 577 2765 0³1),
596 2696 715 2763 όφινόον
733 2700 767 2765 Ρ,
791 2702 938 2767 utramque
961 2698 1111 2753 lectionem
1132 2703 1289 2769 agnoscunt
1312 2701 1398 2756 schol.
1418 2733 1452 2740 -
1472 2703 1581 2754 Βαττιδ.

308 2771 436 2908 idop3c*lh.:g
446 2773 573 2896 pega}
587 2771 614 2825 B
621 2770 675 2825 GD
689 2803 722 2810 —
742 2776 785 2824 29.
804 2772 921 2839 ἀφῖκται
941 2770 1012 2827 coni.
1027 2771 1168 2824 Hermann
1188 2804 1220 2811 —
1240 2775 1351 2842 θεμικρ.
1367 2771 1437 2827 coni.
1453 2771 1583 2841 Hartnng

307 2874 339 2882 -
395 2887 402 2898 ,
438 2863 473 2896 υ,
520 2886 526 2897 ,
592 2874 625 2881 -

303 2988 469 3056 perdentium
491 2987 639 3052 σορκοεσὶῖτ
664 3018 695 3024 -
720 2991 762 3038 22.
791 2993 883 3055 κῶμον
908 2981 1030 3052 ἀνέρων·
1058 3002 1121 3038 cum
1147 2985 1220 3039 infra
1243 3004 1268 3039 v.
1291 3003 1328 3039 ros
1353 2988 1438 3055 poeta
1463 2987 1581 3041 eandem

206 3063 212 3073 ‘
306 3073 364 3112 rem
392 3057 486 3111 verbis
514 3058 598 3110 ἀοιδᾶ
622 3055 694 3111 νέων
717 3056 870 3127 significet,
894 3057 947 3110 viri
971 3073 1028 3110 non
1050 3056 1198 3111 iuvenibus
1218 3057 1371 3126 etpumia,
1396 3057 1445 3111 sed
1464 3058 1581 3130 virgini-

307 3129 360 3183 bus
378 3132 408 3183 et
426 3128 538 3182 feminis
557 3113 609 3181 hoc
628 3127 689 3181 loco
708 3145 724 3182 ο
745 3131 934 3198 ponuntur-
950 3135 992 3183 23.
1009 3127 1189 3182 austrasios
1208 3129 1335 3196 ἄθυρμα·
1356 3129 1583 3183 comissationem

307 3201 378 3255 bene
401 3199 580 3270 Apollineum
604 3198 697 3252 lusum
725 3147 807 3267 dicit,
836 3199 912 3268 quod
939 3202 968 3253 et
995 3200 1082 3253 sacris
1111 3200 1249 3270 Apollinis
1277 3199 1391 3254 Carncis
1419 3202 1470 3254 liat
1497 3203 1525 3254 et
1552 3201 1580 3254 in

307 3272 439 3326 honorem
463 3271 598 3340 Pythicae
622 3270 768 3337 victoriae3
793 3270 923 3324 similiter
946 3275 1044 3324 auctor
1066 3271 1252 3325 Anacreontei
1276 3289 1301 3327 οε
1321 3271 1393 3325 dixit
1408 3269 1583 3341 Ἀφροδίσιον

368 3364 463 3469 ίἀμάειν.
483 3413 586 3466 transit
605 3414 643 3467 ad
661 3430 774 3467 causam
794 3413 1009 3480 comissationis,
1029 3413 1175 3467 victoriam
1195 3413 1360 3484 Delphicam
1379 3419 1440 3468 arte
1454 3414 1581 3469 Garrhoti

307 3486 423 3557 aurigae
433 3488 545 3555 partam
554 3517 588 3524 —
599 3491 640 3538 24.
651 3485 769 3558 Κυράνᾳ
778 3529 784 3539 .
794 3531 799 3539 .
810 3530 815 3539 .
825 3487 896 3554 ἀμφὶ
913 3494 1005 3538 κᾶπον
1018 3483 1186 3554 Ἀφροδίτας,
1195 3485 1309 3554 Cyrenis
1319 3485 1347 3538 in
1363 3486 1443 3539 horto
1452 3486 1581 3554 Veneris;

307 3557 425 3611 Veneris
444 3561 539 3611 autem
556 3556 668 3609 hortum
687 3573 786 3626 agrum
801 3557 984 3625 Cyrenaicum
1003 3555 1074 3610 dicit
1087 3557 1123 3610 ob
1138 3557 1337 3611 amoenitatem
1358 3561 1387 3610 et·
1404 3557 1582 3612 fertilitatem

307 3628 380 3695 eius;
400 3628 434 3682 cf.
450 3627 479 3682 P.
496 3648 522 3681 vr
538 3646 556 3684 ι.
572 3647 599 3680 rx
614 3645 640 3682 ss
655 3631 683 3681 et
697 3627 780 3697 Soph.
797 3628 827 3682 0.
844 3628 872 3682 O.
887 3645 926 3682 sss
941 3660 974 3667 -
990 3633 1031 3680 26.
1052 3627 1209 3696 Κάρρωτος,
1226 3629 1270 3681 cui
1285 3631 1350 3699 post
1363 3629 1447 3682 deum
1461 3629 1581 3684 maxime

328 3699 429 3753 loriam
447 3699 582 3753 victorias
601 3699 697 3753 deberi
717 3699 799 3767 dicit,
818 3699 968 3768 ambigunt
985 3702 1094 3754 veteres
1112 3699 1291 3769 grammatici
1309 3700 1464 3770 simplexne
1482 3701 1583 3771 auriga

306 3720 400 3838 lirant,
420 3787 456 3824 an
475 3772 562 3825 frater
580 3771 674 3824 uxoris
689 3771 833 3838 Arcesilai,
853 3771 897 3823 cui
916 3773 1063 3840 praeterea
1080 3789 1181 3824 munus
1200 3771 1357 3825 iniunctum
1370 3772 1456 3826 suerit
1468 3773 1583 3826 colonos

306 3859 356 3912 per
374 3842 521 3897 Graeciam
540 3842 691 3913 colligendi
710 3842 739 3895 in
758 3842 898 3896 coloniam
916 3841 1101 3912 Hesperidum
1119 3843 1311 3906 deducendos;
1335 3860 1452 3911 quarum
1472 3848 1581 3898 senten·

306 3913 411 3967 tiaram
434 3914 516 3968 alteri
540 3913 619 3968 favet
636 3918 666 3967 et
684 3914 787 3968 eximia
806 3914 881 3982 lans,
906 3930 963 3982 qua
980 3917 1065 3994 poeta
1084 3914 1174 3967 virum
1193 3914 1308 3968 minime
1327 3915 1470 3968 sordidum
1492 3920 1584 3983 ornat,

307 3989 336 4039 et
362 3986 390 4038 id
417 3987 491 4054 quod
517 3985 600 4057 louge
626 3989 690 4055 post
715 3985 862 4040 victoriam
887 3984 1005 4055 Delphis
1029 3989 1140 4055 partam
1167 3986 1237 4040 haec
1255 3986 1416 4040 comissatio
1435 3986 1512 4040 facta
1530 3992 1581 4041 est.

307 4056 458 4111 Carrhotus
487 4058 560 4112 euim
585 4058 697 4111 domum
721 4075 777 4111 non
800 4057 916 4111 rediisse
940 4057 1062 4126 ridetur,
1091 4061 1243 4125 antequam
1267 4058 1425 4111 colonorum
1450 4058 1581 4112 idoneum

307 4146 452 4182 numerum
471 4128 641 4198 collegisset.
674 4128 764 4193 Quid?
783 4129 858 4198 quod
877 4133 962 4199 poeta
980 4128 1040 4197 ipse
1059 4147 1116 4181 una
1134 4146 1196 4181 cum
1215 4129 1265 4182 illo
1285 4130 1406 4198 Qrenas
1425 4130 1536 4183 venisse
1554 4135 1583 4183 ot

307 4200 337 4253 in
355 4201 455 4254 itinere
475 4200 512 4253 ab
531 4218 564 4254 eo
583 4200 758 4254 accuratiora
777 4201 810 4253 de
831 4199 1039 4253 discriminibus
1059 4200 1194 4253 victoriae
1214 4200 1354 4270 accepisse
1373 4201 1493 4256 videtur.
1530 4202 1581 4255 nfi-

307 4289 368 4324 rum
387 4275 482 4325 autem
502 4272 572 4325 illud
592 4275 648 4339 est,
667 4272 741 4340 quod
762 4272 869 4325 scholia
888 4289 921 4325 ex
941 4271 1081 4326 Theotimi
1100 4271 1173 4325 libro
1192 4272 1226 4324 de
1246 4273 1328 4325 rebus
1348 4271 1507 4340 Cyrenaicis
1527 4291 1581 4327 non

308 4342 487 4406 tlarrhotum
513 4344 561 4398 sed
590 4342 764 4412 Euphemum
789 4343 928 4412 quendam
955 4360 1041 4411 equos
1065 4343 1168 4396 rexisse
1192 4348 1221 4396 et·
1239 4342 1391 4397 Pindarum
1411 4344 1509 4399 laudes
1530 4345 1581 4398 Eu-

306 4415 399 4484 phemi
419 4415 448 4468 in
467 4415 632 4469 Carrhotum
646 4415 823 4468 transtulisse
838 4416 1001 4468 tradunt-
1018 4419 1059 4467 27.
1078 4413 1270 4483 Ἐπιμαθέος.
1288 4459 1292 4468 .
1310 4459 1315 4468 .
1331 4413 1487 4483 πρόφασιν·
1508 4417 1580 4470 eonl'.

307 4485 477 4557 Προμαθέος
502 4486 588 4548 αἰδώς
614 4486 644 4539 Ο.
665 4505 702 4537 sm
723 4504 755 4540 ιι,
793 4486 936 4556 Originem
963 4485 1083 4539 nominis
1109 4486 1267 4540 Promethei
1292 4504 1309 4539 a
1333 4487 1528 4556 prospiciendo
1553 4491 1584 4541 et

306 4557 464 4628 Epimethei
488 4574 506 4609 a
525 4557 695 4626 poenitendo
720 4557 875 4612 derivatam
900 4558 980 4611 novit
1002 4557 1059 4610 iam
1082 4557 1221 4611 Hesiodus
1245 4576 1308 4628 opp.
1328 4576 1353 4612 ru
1377 4562 1406 4612 et
1429 4559 1522 4629 theog.
1542 4575 1583 4614 σιο

306 4662 340 4668 -
359 4635 401 4683 29.
421 4626 656 4698 θεμισκρεόντων·
684 4630 820 4698 respicere
843 4631 955 4684 videtur
977 4629 1007 4683 P.
1027 4647 1053 4680 rr
1072 4645 1097 4682 nr
1118 4631 1218 4701 Φοῖβος
1241 4629 1358 4699 ἀμνάσει
1379 4628 1522 4699 θέμισσιν,
1550 4635 1583 4684 ut

307 4701 457 4755 Battiadae
481 4719 537 4754 non
560 4704 619 4753 tam
638 4700 744 4754 iudicia
762 4718 888 4756 exercere
907 4718 992 4770 quam
1011 4699 1135 4753 consiliis
1155 4701 1294 4771 Apollinis
1313 4718 1430 4772 regnare
1449 4703 1581 4756 dicantur

305 4778 397 4898 -ωῖξῗ,
416 4770 631 4843 ἀρισθάρματον
646 4818 651 4827 .
668 4816 673 4826 .
690 4817 695 4826 .
711 4772 800 4842 γέρας,
819 4774 932 4827 laudem
951 4771 1050 4843 optimi
1069 4789 1164 4825 currus
1184 4775 1337 4827 ceterorum
1358 4774 1485 4828 curribus
1499 4791 1581 4844 prae·

307 4863 320 4898 s
385 4862 409 4898 rs
429 4876 462 4885 -
