3442 5550
689 375 836 425 PINDARI
855 375 1021 427 arrarum.

430 545 488 622 τεᾷ
510 545 608 600 τοῦτο
633 537 836 621 μιγνύμενον
859 539 971 622 φρενί·

379 659 414 707 ‘ru
433 643 540 728 μάκαρ
564 640 600 707 δέ
623 642 679 708 καὶ
701 641 779 725 νῦν,
795 649 935 720 ’κλεενᾶς
959 645 1009 709 ὅτι
1302 660 1336 707 25

432 745 528 833 εὖχος
550 751 614 833 ἤδη
637 751 725 836 παρὰ
750 751 928 826 Πυθιάδος
950 751 1063 827 ἵπποις
1086 749 1170 815 ἑλὼν

434 856 561 935 δέδεξαι
585 859 681 923 τόνδε
704 868 816 942 κῶμον
839 855 982 943 ἀνέρων,

1147 980 1216 1047 Ἐκ.
1240 981 1284 1047 α’.

430 1087 652 1156 Ἀπολλώνιον
675 1093 821 1175 ἄθυρμα.
867 1100 912 1180 τῷ
937 1108 973 1155 σε
996 1092 1040 1175 μὴ
1064 1088 1209 1173 λαθέτω,
1304 1108 1338 1153 3ο

433 1198 575 1286 Κυράνα
597 1201 724 1280 γλυκὺν
748 1196 833 1283 άμφλ
855 1207 961 1263 κᾶπον

476 1303 672 1391 Ἀφροδίτας
695 1305 904 1390 ἀειδόμενον,

379 1429 412 1476 ao
432 1410 531 1477 παντὶ
555 1408 615 1496 μέν
637 1414 721 1477 θεὸν
744 1419 867 1477 αί-τιον
889 1411 1124 1497 ὑπερτιθέμεν,

433 1523 545 1603 φιλεῖν
569 1516 606 1583 δέ
628 1519 813 1607 Κάρρωτον
837 1517 922 1603 ἔξοχ’
948 1518 1103 1605 ἑταίρων,

429 1625 466 1703 ὃς
488 1627 529 1691 οὐ
552 1626 613 1690 τάν
634 1625 830 1712 Ἐπιμαθέος
853 1629 944 1710 άγων
1300 1646 1334 1692 35

430 1733 571 1810 ὀψινόου
590 1776 603 1782 -
621 1733 793 1820 θυγατέρα
815 1738 986 1819 πρόφασιν
1004 1776 1018 1783 -
1040 1736 1206 1799 Βαττιδᾶν

430 1840 566 1925 άφίκετο
590 1843 714 1925 δόμους
736 1845 1016 1926 θεμισκρεόντων·

377 1966 412 2011 30
430 1947 498 2012 ἀλλ’
524 1947 776 2034 ἀρισθάρματον

429 2055 527 2119 ὕδατι
552 2059 739 2132 Κασταλίας
761 2055 858 2134 ξενω-
1299 2075 1334 2120 ιο

474 2160 547 2238 θεὶς
570 2162 668 2248 γέρας
691 2162 858 2248 άμφέβαλε
881 2174 1022 2228 τεαῑ-σιν
1044 2166 1176 2248 κόμαις,

288 2348 331 2394 22.
350 2338 447 2404 δέδεξο
461 2340 491 2394 D
507 2338 536 2392 in
555 2338 597 2394 lit.
614 2372 619 2378 ·
635 2372 648 2378 -·
663 2345 704 2392 ⁸23.
725 2358 755 2392 σε
774 2339 810 2409 μὴ
831 2339 901 2393 coni.
917 2340 1043 2395 Schmid:
1062 2339 1100 2409 μή
1119 2358 1149 2394 σε
1169 2340 1249 2395 οοάά.
1266 2373 1297 2380 -
1313 2346 1358 2395 24.
1378 2340 1494 2416 Κυράνᾳ

218 2411 343 2467 Schmid:
368 2409 478 2478 κυράνα
501 2411 581 2465 codd.
601 2412 630 2465 et
653 2410 748 2477 schol,
773 2412 908 2478 Κυράναν
931 2411 1002 2466 coni.
1023 2411 1164 2482 Hartung‚
1190 2411 1322 2478 Κυράνας
1341 2411 1495 2467 Schroedsr

216 2483 313 2538 Jahrb.
333 2482 352 2537 f.
372 2481 443 2535 Phil.
464 2486 532 2535 1877
559 2501 585 2551 p.
605 2500 631 2536 ει
659 2514 692 2521 -
720 2480 887 2552 ἀειδόμενον
915 2485 943 2537 Β
964 2483 1043 2537 OD:
1072 2483 1225 2554 άειδομένα
1252 2481 1356 2551 legisse
1383 2484 1494 2538 ridetur

218 2554 380 2619 scholiasta,
396 2550 545 2623 διειδομένη
567 2556 604 2605 (5¹¹
620 2584 652 2593 —-
668 2559 710 2608 26.
726 2558 818 2622 φιλεῖν
832 2554 912 2608 codd.
927 2571 990 2607 cunr
1005 2554 1181 2609 Aristarcho:
1200 2552 1276 2624 φίλει
1291 2559 1357 2609 ante
1372 2555 1493 2609 Aristar-

217 2627 300 2679 chum
323 2624 470 2695 rulgatum
493 2624 580 2677 fuisse
603 2627 744 2678 testantur
767 2624 876 2679 scholia
894 2658 927 2664 -
947 2630 989 2677 27.
1014 2624 1129 2695 έπιμηθ.
1149 2626 1229 2682 codd.
1250 2660 1283 2666 —
1308 2630 1350 2682 28.
1374 2625 1493 2692 ὀψινόου

217 2699 276 2763 (ὑφ.
299 2696 343 2766 Ol)
368 2698 394 2749 R
406 2696 488 2763 0³1),
508 2693 626 2761 όφινόον
645 2697 679 2763 Ρ,
703 2699 850 2764 utramque
874 2696 1021 2749 lectionem
1044 2700 1201 2766 agnoscunt
1224 2698 1310 2753 schol.
1330 2730 1365 2737 —-
1385 2700 1493 2752 Βαττιδ.

220 2768 338 2823 Mosch.:
358 2769 484 2841 βαττιαδ.
499 2767 587 2821 ΒΟΙ)
601 2799 634 2807 -
653 2774 696 2821 29.
716 2769 834 2836 ἀφῖκται
852 2767 923 2824 coni.
938 2768 1080 2821 Hermann
1099 2801 1133 2807 —-
1152 2773 1263 2839 θεμικρ.
1279 2769 1350 2825 coni.
1365 2769 1494 2837 Hartuug

219 2872 251 2879 -
271 2846 313 2895 31.
333 2841 437 2905 ξυνωθ.
457 2840 485 2894 Β
504 2870 536 2877 -

215 2985 380 3053 praeentiam
403 2985 551 3050 τομκοεοθι
576 3015 606 3021 -
632 2988 673 3035 22.
703 2991 796 3052 κῶμον
820 2979 941 3049 ἀνέρων·
970 3000 1033 3035 cum
1059 2981 1132 3035 infra
1155 3001 1180 3037 v.
1203 2999 1239 3037 ror
1266 2986 1351 3053 proctu
1376 2984 1492 3039 eandem

118 3060 123 3067 '
217 3072 276 3109 rem
304 3054 398 3108 verbis
426 3056 510 3108 άοιδά
535 3053 606 3107 νέων
629 3053 782 3123 significet,
806 3053 859 3107 viri
883 3070 939 3107 non
962 3053 1110 3108 iuvenibus
1130 3054 1283 3124 etpumia,
1309 3055 1359 3108 sed
1378 3055 1493 3127 virgini·

219 3127 271 3180 bus
291 3129 320 3179 et
338 3125 450 3180 feminis
469 3109 521 3179 hoc
540 3125 601 3179 loco
620 3143 636 3179 ο
657 3128 846 3195 ponuntur-
862 3132 904 3179 23.
922 3123 1101 3179 Ἀπολλώνιον
1121 3126 1248 3193 ἄθυρμα·
1268 3125 1493 3181 comissationem

219 3199 289 3253 bene
314 3198 493 3268 Apollineum
516 3197 609 3249 lusum
637 3145 719 3264 iaie,
748 3196 824 3265 quod
851 3199 880 3249 et
907 3196 994 3249 sacris
1023 3196 1161 3266 Apollinis
1189 3197 1303 3251 Carneis
1331 3198 1383 3251 liat
1410 3202 1440 3252 et
1465 3198 1493 3251 iu

219 3270 351 3323 honorem
376 3269 509 3336 Pythicae
533 3268 680 3335 victoriue3
705 3268 835 3321 similiter
858 3272 956 3321 auctor
978 3268 1164 3321 Anacreontei
1188 3286 1214 3323 aa
1233 3268 1305 3322 dixit
1320 3265 1494 3337 Ἀφροδίσιον

218 3341 278 3394 άθυ
317 3360 342 3392 α.
1499 3386 1504 3395 .

280 3360 324 3463 ρθμθ
340 3430 374 3465 ss.
395 3410 498 3463 transit
517 3411 554 3463 ad
573 3427 687 3463 causam
706 3410 921 3478 comissationis,
941 3410 1086 3464 victoriam
1107 3411 1272 3481 Delphicam
1292 3416 1352 3464 arte
1367 3411 1494 3467 (larrhoti

219 3482 335 3552 aurigae
345 3485 456 3551 partam
466 3514 500 3521 —
511 3488 553 3535 24.
564 3482 681 3555 Κυράνᾳ
691 3526 696 3535 .
706 3527 711 3536 .
723 3527 727 3536 .
737 3484 808 3550 ἀμφὶ
825 3491 917 3535 κᾶπον
930 3480 1098 3551 Ἀφροδίτας,
1107 3483 1221 3552 Cyrenis
1231 3483 1260 3537 in
1275 3483 1356 3537 horto
1365 3483 1494 3549 Veneria

219 3552 336 3608 Veneris
356 3558 451 3607 autem
469 3552 580 3605 hortum
599 3569 697 3623 agrum
713 3553 896 3621 Cyrenaicum
916 3554 985 3607 dicit
999 3555 1035 3608 ob
1050 3554 1250 3609 amoenitatem
1270 3559 1300 3608 ct
1317 3554 1494 3610 fertilitatem

219 3625 291 3690 οἱον,
312 3624 346 3679 cf.
362 3624 391 3679 l'.
408 3645 434 3679 vr
451 3642 468 3680 r.
484 3645 511 3677 rx
526 3644 552 3678 eo
567 3628 596 3677 ct
610 3625 692 3693 Soph.
709 3630 740 3679 (l.
756 3624 784 3679 C..
799 3643 838 3679 om
853 3657 886 3664 -
902 3631 943 3677 ⁴26.
964 3625 1120 3693 Κάρρωτος,
1138 3626 1182 3677 cui
1198 3629 1262 3695 post
1276 3627 1358 3679 deum
1373 3626 1494 3681 maxime

241 3696 340 3749 lorium
359 3696 494 3750 victoriae
513 3695 609 3750 deberi
629 3696 711 3763 dicit,
731 3696 880 3765 ambigunt
899 3699 1005 3749 veteres
1024 3697 1202 3765 grammatici
1221 3696 1376 3766 simplexne
1395 3698 1495 3769 auriga

218 3716 312 3833 inerit,
332 3784 367 3820 an
387 3768 474 3821 frater
492 3767 586 3821 uxoris
601 3767 745 3835 Arcesilai,
765 3768 810 3819 cui
829 3769 974 3835 praeterea
992 3784 1092 3820 munus
1112 3768 1269 3822 iniunctum
1283 3768 1369 3822 luerit
1382 3769 1495 3823 colonos

219 3856 268 3908 per
287 3839 433 3893 Graeciam
452 3837 604 3908 colligendi
623 3838 651 3891 in
671 3838 809 3892 coloniam
829 3837 1014 3907 llespcridmn
1032 3840 1223 3903 deducendum
1247 3857 1365 3908 quarum
1385 3845 1494 3895 seuten-

218 3910 321 3963 tiarum
347 3910 428 3963 alteri
453 3911 531 3964 lavet
549 3914 578 3963 et
596 3909 700 3963 eximia
720 3910 794 3977 laus,
818 3927 874 3978 qua
892 3913 977 3990 poeta
996 3910 1086 3963 virum
1106 3911 1220 3964 minime
1239 3911 1383 3965 sordidum
1405 3917 1496 3975 emat,

219 3984 248 4035 ot
274 3982 302 4033 id
330 3982 403 4049 qnod
430 3981 512 4052 longe
538 3985 602 4051 post
628 3981 775 4035 victoriam
800 3980 917 4050 Delphis
942 3984 1053 4051 partam
1079 3982 1149 4035 lracc
1168 3982 1329 4037 comissatio
1348 3983 1425 4037 fucta
1444 3988 1494 4037 est.

219 4052 370 4107 (hrrrlrotrrs
400 4054 472 4106 enim
498 4053 610 4106 domum
633 4070 688 4106 non
712 4052 828 4107 rediisse
851 4053 975 4122 videtur,
1004 4057 1154 4122 antequam
1179 4054 1338 4107 colonorum
1362 4055 1493 4110 idoneum

220 4141 364 4177 numerum
384 4124 553 4191 collegisset.
587 4123 677 4188 Quid?
696 4124 770 4193 quod
789 4128 874 4194 poeta
892 4124 952 4194 ipse
972 4142 1028 4177 una
1047 4142 1109 4177 cum
1128 4124 1177 4178 illo
1197 4126 1319 4193 Cyrenas
1338 4126 1449 4181 venisse
1467 4129 1495 4180 et

219 4195 248 4247 in
268 4196 368 4249 itinere
387 4195 424 4249 ab
443 4212 475 4248 eo
495 4195 670 4249 accuratiora
689 4196 723 4248 dc
743 4195 952 4249 discriminibus
971 4196 1106 4249 victoriae
1126 4196 1267 4268 accepisse
1286 4197 1406 4253 videtur.
1443 4198 1494 4252 Mi-

220 4285 280 4319 rum
300 4270 394 4320 autern
414 4267 485 4319 illud
504 4271 560 4335 cst,
579 4266 653 4335 quod
674 4266 781 4321 scholia
801 4285 834 4321 ex
853 4267 994 4321 Theotimi
1013 4267 1085 4322 libro
1104 4268 1139 4320 de
1157 4268 1241 4321 rebus
1260 4267 1421 4337 Cyrenaicis
1440 4287 1494 4324 non

220 4337 399 4401 Carrhotum,
425 4338 473 4391 sed
502 4338 676 4407 Euphemum
702 4339 840 4407 quendam
868 4356 953 4407 equos
977 4338 1080 4392 rexisse
1105 4344 1134 4392 et
1151 4339 1304 4393 Pindarum
1324 4340 1422 4395 laudes
1443 4340 1495 4395 Eu·

219 4409 312 4479 phemi
331 4409 359 4462 in
379 4409 544 4463 Carrhotum
558 4410 736 4464 transtulisse
751 4411 867 4465 tradunt
881 4443 914 4450 —
930 4416 971 4463 27.
990 4408 1182 4479 Ἐπιμαθέος.
1200 4455 1205 4464 .
1222 4455 1227 4464 .
1244 4409 1400 4480 πρόφασιν·
1421 4412 1493 4467 conl.

220 4478 389 4551 Προμαθέος
415 4481 500 4542 αἰδώς
526 4482 556 4535 (l.
578 4500 615 4534 vn
638 4499 667 4536 ιι.
705 4482 848 4551 originem
875 4481 995 4535 nominis
1021 4481 1179 4536 Promethei
1204 4499 1221 4535 a
1244 4483 1442 4552 prospiciendo
1467 4488 1497 4538 et

219 4552 377 4622 Epirnethei
401 4570 418 4605 a
438 4551 608 4621 poenitendo
632 4552 788 4607 derivatam
813 4554 892 4607 novit
914 4553 971 4605 iam
995 4552 1133 4606 Hesiodus
1157 4571 1220 4623 opp.
1240 4572 1264 4607 ar
1290 4556 1319 4607 et
1341 4554 1436 4626 theog.
1455 4572 1496 4611 σιο

219 4657 252 4663 --
272 4630 313 4678 ⁶29.
334 4621 568 4693 θεμισκρεόντων
597 4625 733 4692 respicere
756 4625 867 4679 videtur
890 4625 919 4678 Ρ.
939 4643 966 4675 rv
985 4640 1008 4677 ss
1030 4626 1131 4696 Φοῖβος
1153 4623 1273 4694 ἀμνάσει
1291 4623 1436 4697 θέμισσιν,
1464 4630 1496 4681 ut

218 4696 370 4750 Battiadae
395 4714 449 4749 non
473 4697 532 4748 tam
551 4695 656 4749 iudicia
674 4713 801 4751 exercere
820 4713 904 4765 quarn
923 4694 1048 4747 consiliis
1068 4696 1206 4765 Apollinis
1225 4714 1344 4767 regnare
1362 4698 1494 4753 dicantur

217 4773 309 4893 -ι-αθμ,
329 4765 544 4838 ἀρισθάρματον
559 4813 564 4822 .
581 4811 586 4820 .
603 4812 607 4821 .
623 4767 713 4837 γέρας,
732 4769 844 4822 laudem
863 4766 962 4837 optimi
982 4784 1077 4820 currus
1097 4770 1250 4822 ceterorum
1270 4770 1398 4825 curribus
1413 4786 1494 4841 pree-

220 4858 233 4892 s
265 4858 284 4891 n
298 4857 322 4893 rs
342 4871 374 4880 -
