3442 5550
582 1167 944 1251 PRAEFATIO.

212 1472 344 1537 Habent
376 1491 435 1534 sua
465 1468 534 1533 fata
562 1469 664 1534 libelli
691 1492 759 1536 non
787 1470 892 1535 solum
920 1473 1093 1554 postquam
1120 1468 1199 1533 editi
1227 1473 1317 1554 sunt,
1350 1469 1406 1533 sed

123 1563 227 1627 etiam
255 1561 443 1646 priusquam
470 1557 505 1622 in
532 1558 638 1623 lucem
666 1560 868 1624 emittantur.
918 1558 1044 1623 Futura
1070 1559 1106 1622 in
1132 1557 1219 1623 votis
1248 1563 1338 1644 sunt,
1369 1563 1407 1622 ut

123 1652 205 1716 viris
225 1650 329 1716 doctis
348 1648 497 1733 placeant
510 1652 543 1712 et
558 1669 678 1733 aequos
692 1649 814 1714 iudices
828 1647 1064 1712 nanciscantur.
1079 1663 1081 1667 ’
1096 1647 1277 1712 Praeterita
1292 1669 1408 1732 oppor-

125 1741 270 1805 tunitate
303 1739 400 1802 huius
432 1737 645 1821 praefationis
678 1760 756 1803 usus
789 1739 930 1802 breviter
956 1737 1023 1800 iam
1051 1736 1217 1802 enarrabo.
1262 1737 1314 1801 Ex
1343 1759 1407 1822 quo

124 1830 246 1894 abhinc
265 1827 382 1914 viginti
402 1826 545 1911 quinque
564 1849 666 1891 annos
685 1831 827 1911 primum
840 1825 972 1890 Pindari
992 1827 1137 1891 carmina
1153 1826 1189 1890 in
1203 1825 1408 1892 Bibliotheca

124 1917 353 1983 Teubneriana
384 1916 544 2001 recensui,
576 1921 644 1980 tam
676 1917 780 1981 multa
808 1939 827 1980 a
854 1915 932 1980 viris
961 1915 1065 1981 doctis
1094 1920 1127 1980 et
1155 1914 1347 1980 Germaniae
1374 1920 1408 1980 et

126 2008 265 2072 aliarum
287 2006 458 2071 nationum
482 2005 522 2069 ad
546 2006 778 2070 emendandam
801 2010 916 2090 poetae
940 2005 1121 2069 orationem
1142 2004 1262 2069 collata
1280 2009 1356 2068 sunt
1374 2009 1424 2069 et·

126 2098 199 2181 ipse
222 2096 349 2161 iteratis
373 2094 457 2159 curis
481 2094 616 2159 meliora
639 2095 773 2159 edoctus
797 2117 882 2178 sum,
906 2098 941 2157 ut
961 2094 1041 2157 vitia
1060 2097 1093 2158 et
1112 2114 1237 2158 errores
1256 2093 1408 2158 editionis

125 2186 246 2271 prioris
267 2188 454 2268 stereotypa
471 2188 541 2247 arte
560 2183 594 2247 in
612 2188 805 2268 perpetuum
823 2183 997 2267 propagari
1011 2183 1140 2247 nollem.
1173 2181 1245 2257 Qua
1259 2183 1297 2247 de
1312 2204 1410 2246 causa

127 2275 254 2359 priores
273 2296 362 2339 meas
381 2294 474 2338 curas
494 2293 723 2357 recognoscere
743 2277 776 2337 et
794 2272 943 2356 supplere
963 2271 1133 2356 constitui,
1155 2275 1245 2336 utet
1264 2271 1410 2335 emenda-

126 2365 194 2428 tior
217 2369 250 2429 et
273 2362 398 2447 plenior
422 2382 514 2425 meus
534 2361 616 2426 liber
634 2362 793 2426 evaderet
830 2360 945 2445 Neque
964 2360 1070 2425 solum
1089 2383 1145 2425 eos
1164 2361 1268 2443 locos,
1291 2359 1408 2444 quibus

125 2453 236 2518 labem
260 2453 359 2517 verba
380 2455 495 2534 poetae
519 2451 656 2516 traxisse
680 2451 887 2535 videbantur,
910 2450 1048 2515 aliorum
1072 2473 1132 2535 ope
1153 2451 1284 2515 adiutus
1305 2450 1409 2514 denuo

125 2542 312 2607 examinare
332 2545 365 2605 et
384 2539 545 2625 perpolire
565 2540 696 2604 adnisus
716 2562 803 2623 sum,
821 2540 877 2604 sed
895 2540 994 2604 etiam
1013 2544 1116 2604 totam
1135 2539 1274 2603 formam
1291 2538 1409 2622 prioris

126 2630 282 2696 editionis
307 2631 380 2714 plus
404 2651 469 2693 una
491 2651 530 2693 ex
553 2633 645 2713 parte
669 2634 794 2693 mutare
818 2629 952 2694 decrevi.
989 2629 1133 2693 Primum
1157 2628 1410 2694 commodiorem

125 2725 162 2785 et
180 2719 347 2785 utiliorem
365 2722 558 2802 apparatum
577 2718 726 2783 criticum
744 2718 813 2783 fore
833 2718 1030 2803 existimavi,
1048 2718 1077 2782 si
1094 2740 1160 2782 non
1179 2717 1285 2782 solum
1304 2718 1409 2782 varias

126 2810 287 2874 lectiones
309 2807 522 2890 rettulissem,
551 2807 729 2871 sedetiam
753 2808 871 2892 quibus
895 2829 1039 2892 quaeque
1063 2806 1229 2872 codicibus
1251 2807 1411 2871 niteretur

127 2899 348 2963 adnotassem.
386 2897 480 2972 Quod
502 2904 538 2959 ut
556 2896 710 2982 facerem,
733 2897 865 2980 quinam
885 2897 1010 2962 codices
1029 2897 1070 2961 ad
1089 2895 1278 2962 memoriam
1296 2895 1410 2960 traditi

125 2991 239 3051 textus
263 2985 514 3069 recuperandam
538 2985 633 3069 plane
656 2985 830 3050 necessarii
854 2990 962 3050 essent
985 2986 1158 3071 diligenter
1181 2986 1318 3051 rimatus
1337 3007 1409 3049 sum

127 3081 162 3140 et
195 3075 224 3139 si
258 3096 321 3159 quo
355 3074 427 3138 loco
460 3073 557 3138 lectio
591 3075 790 3159 optimorum
822 3075 969 3139 codicum
1001 3074 1099 3139 dubia
1132 3098 1202 3139 esse
1230 3074 1410 3158 videbatur,

127 3165 235 3228 denuo
259 3186 314 3228 eos
337 3162 555 3246 inspiciendos
580 3163 699 3228 curavi.
737 3162 861 3228 Deinde
884 3163 1052 3228 metricam
1070 3163 1210 3227 formam
1229 3164 1408 3228 carminum

127 3252 234 3338 magis
257 3252 462 3336 perspicuam
484 3252 553 3316 sore
576 3253 703 3338 putavi,
727 3253 754 3316 si
775 3252 846 3318 cola
864 3253 1057 3336 carminum,
1080 3252 1233 3317 siminus
1254 3253 1408 3336 omnium,

127 3348 273 3405 attamen
295 3340 557 3426 logaoedicorum
581 3341 756 3407 dividerem
785 3348 818 3406 et
846 3342 936 3407 varia
963 3363 1082 3428 genera
1107 3363 1315 3406 numerorum
1337 3341 1410 3425 ipsa

129 3436 263 3495 externa
290 3429 396 3514 specie
425 3429 667 3515 distinguerem.
715 3430 896 3496 Schematis
920 3436 1029 3494 autem
1053 3431 1196 3496 metricis
1221 3429 1409 3495 subtiliores

128 3519 270 3585 rationes
299 3518 499 3603 rhythmicas
528 3520 727 3604 exprimendi
756 3525 788 3584 et
816 3519 920 3583 varias
945 3541 1052 3583 moras
1076 3520 1275 3604 syllabarum
1298 3519 1409 3585 discri-

128 3609 272 3674 minandi
292 3607 440 3692 audacia,
464 3630 528 3692 qno
548 3609 652 3695 magis
671 3609 706 3674 in
724 3613 828 3674 artem
846 3607 978 3673 Pindari
996 3609 1214 3693 inquirebam,
1233 3631 1271 3673 eo
1289 3608 1409 3673 iustior

126 3706 161 3762 et
191 3696 394 3783 probabilior
426 3696 506 3761 mihi
539 3719 609 3762 esse
640 3698 818 3763 videbatur.
864 3698 932 3762 Has
963 3703 1071 3762 autem
1099 3698 1242 3763 rationes
1270 3702 1307 3762 ut
1335 3697 1407 3762 aliis

127 3808 258 3872 quoque
280 3788 467 3872 probarem,
489 3808 623 3870 prorsus
645 3788 864 3853 necessarium
888 3809 957 3852 esse
982 3788 1135 3873 cognovi,
1157 3793 1194 3851 nt
1212 3787 1410 3852 lineamenta

128 3877 211 3940 artis
237 3876 424 3940 Pindaricae
447 3875 482 3938 in
504 3874 748 3962 Prolegomenis
776 3877 1001 3941 adumbrarem
1029 3882 1062 3941 et
1090 3877 1219 3963 singula
1242 3877 1409 3941 schemata

127 3965 273 4030 metricis
293 3965 535 4030 commentariis
554 3965 759 4031 illustrarem.
793 3965 894 4029 Porro
914 3966 1173 4051 fragmentorum
1193 3965 1320 4031 delectu
1334 3965 1408 4029 usui

127 4054 289 4119 lectorum
317 4054 426 4117 minus
455 4053 580 4118 consuli
609 4075 706 4138 qnam
736 4055 832 4140 plena
864 4056 1053 4120 collectione
1077 4056 1198 4121 dudum
1227 4055 1268 4118 ab
1297 4054 1410 4119 amicis

129 4141 349 4208 commonitus
373 4164 476 4227 eram3
499 4142 610 4227 itaque
633 4144 716 4210 hanc
738 4165 865 4229 quoque
885 4145 1084 4228 provinciam
1103 4144 1309 4230 diligentiore
1333 4166 1411 4209 cura

127 4237 328 4316 pertractare
352 4231 457 4315 coepi,
485 4237 518 4296 et
541 4255 615 4298 cum
638 4234 778 4298 multum
800 4235 959 4299 lectorum
982 4234 1101 4298 referre
1123 4234 1349 4319 cognovissem
1373 4236 1410 4295 ut

128 4320 187 4385 ubi
206 4321 356 4406 quodque
374 4322 594 4407 fragmentum
612 4327 754 4389 exstaret
773 4322 927 4387 certiores
946 4323 1074 4407 fierent,
1097 4323 1196 4387 etiam
1215 4322 1304 4386 locos
1324 4321 1408 4385 unde

125 4410 280 4495 qnodque
310 4414 476 4494 sumptum
503 4415 589 4475 esset
617 4412 771 4477 adnotare
799 4411 937 4475 institui.
983 4409 1130 4497 Denique
1159 4411 1255 4476 fastis
1282 4433 1410 4496 quoque

125 4498 309 4564 Pindaricis
333 4498 484 4563 similiter
507 4504 603 4584 atque
627 4501 668 4564 ab
687 4500 832 4565 Luciano
851 4499 1007 4565 Muellero
1031 4501 1065 4565 in
1089 4507 1177 4566 tersa
1196 4501 1325 4566 Horatii
1347 4501 1410 4565 edi-

125 4588 219 4653 tione
252 4587 373 4652 factum
406 4592 469 4670 est,
501 4587 676 4653 editionem
707 4589 791 4654 hanc
821 4589 1017 4673 locupletare
1047 4597 1080 4655 et
1107 4591 1213 4655 indice
1240 4590 1410 4654 nominum

127 4677 336 4762 propriorum
358 4682 391 4740 et
409 4698 516 4740 rerum
534 4678 729 4743 notabilium
748 4679 908 4743 instruere
927 4701 966 4742 ex
984 4702 1019 4744 re
1039 4702 1108 4744 esse
1128 4680 1208 4744 mihi
1226 4679 1332 4743 visum
1352 4684 1410 4744 est.

218 4764 342 4830 Verum
360 4765 446 4830 enim
464 4787 541 4830 vero
558 4766 621 4832 hoc
640 4768 737 4832 modo
751 4767 834 4833 liber
849 4768 997 4832 modulos
1013 4768 1235 4834 Bibliothecae
1250 4767 1410 4854 paulatim

130 4854 180 4918 ita
206 4855 358 4941 excessit,
384 4860 422 4919 ut
448 4855 545 4921 amici
574 4879 626 4921 me
649 4862 831 4943 monerent,
858 4881 899 4922 ne
928 4859 1034 4924 media
1055 4858 1091 4922 in
1113 4858 1166 4921 via
1189 4857 1413 4947 subsisterem,

1162 4962 1199 5016 a*
