3442 5550
606 414 656 471 111.
683 415 733 468 DE
751 415 861 469 Lunra
880 416 926 469 ΕΤ
944 415 1122 472 armona.
1416 413 1504 472 LXIII

215 575 373 665 praemiis
406 579 618 666 ornabantur3
651 583 766 645 contra
792 578 904 647 Iliadis
937 578 1005 646 ludi
1039 579 1292 664 splendidissimi
1324 586 1431 667 erant,
1462 582 1503 647 ab

216 688 350 753 Achille
368 687 402 751 in
420 688 577 752 honorem
597 688 717 752 mortui
732 689 828 753 amici
842 688 1002 754 Patroclis
1018 691 1057 754 ad
1073 689 1170 754 funus
1186 690 1254 754 eius
1274 690 1504 756 illustrandum

217 794 374 859 instituti.
408 793 454 860 Ut
468 795 555 860 enim
568 800 681 860 nostra
695 797 853 861 memoria
872 797 993 862 milites
1008 820 1027 861 a
1041 797 1209 882 sepultura
1223 797 1314 863 ducis
1332 798 1504 863 redeuntes

218 901 342 967 hilares
374 902 488 966 modos
519 902 665 967 buccinis
697 903 880 988 fistulisque
913 910 1046 983 canunt,
1079 904 1126 969 sic
1154 904 1254 970 etiam
1286 904 1415 989 Graeci,
1446 905 1503 970 ubi

218 1008 333 1073 tristes
356 1013 391 1074 et
414 1009 530 1074 maesti
554 1031 670 1094 corpus
695 1011 785 1076 ducis
808 1012 858 1076 vel
883 1011 979 1076 amici
1002 1010 1147 1076 defuncti
1167 1011 1202 1076 in
1221 1034 1303 1099 rogo
1322 1035 1505 1078 concrema·

218 1121 344 1202 verant,
366 1116 461 1181 ludos
483 1116 701 1182 instituebant
724 1119 764 1182 ad
788 1119 914 1183 animos
937 1119 1129 1184 recreandos
1154 1123 1251 1205 atque
1274 1125 1351 1205 post
1378 1120 1503 1185 luctum

220 1223 457 1289 exhilarandos.
508 1224 616 1309 Atque
653 1225 737 1290 hanc
773 1226 977 1310 potissimam
1015 1249 1144 1291 cansam
1181 1227 1275 1292 ludos
1311 1228 1503 1293 instituendi

220 1330 363 1397 heroicis
394 1332 596 1416 temporibus
629 1331 743 1417 fuisse,
775 1334 922 1417 exempla
954 1334 1034 1397 satis
1065 1335 1169 1397 multa
1196 1334 1390 1399 documento
1417 1340 1504 1400 sunt.

221 1437 277 1504 Sic
299 1437 423 1504 Nestor
444 1438 481 1503 Il.
501 1456 588 1502 xxm
608 1440 673 1505 630
681 1462 722 1504 ss.
752 1440 787 1503 in
811 1440 922 1505 funere
945 1440 1142 1525 Amaryncei
1165 1440 1284 1505 sfiliis
1312 1441 1382 1507 cius
1410 1442 1504 1506 ludos

219 1545 327 1611 factos
351 1569 422 1612 esse
443 1550 565 1629 narrat,
586 1545 749 1611 Hesiodus
773 1568 846 1632 opp.
867 1548 982 1613 oseas.
1005 1548 1040 1611 in
1063 1547 1149 1611 ludis
1172 1547 1363 1612 funebribus
1387 1571 1404 1613 a
1426 1549 1503 1613 filiis

219 1652 506 1738 Amphidamantis
525 1653 646 1718 mortui
661 1651 812 1718 Chalcide
830 1654 992 1719 institutis
1011 1653 1173 1738 tripodem
1191 1655 1372 1738 praemium
1387 1654 1501 1741 hymni

220 1784 256 1825 se
280 1766 491 1828 consecutum
514 1760 626 1845 refert,
649 1761 828 1826 certamina
850 1762 885 1826 in
907 1762 1019 1826 funere
1042 1760 1151 1827 Peliae
1176 1756 1280 1847 (ἆθλα
1303 1761 1356 1827 ἐπὶ
1380 1761 1501 1850 Πελίᾳ)

218 1872 254 1933 et
271 1867 478 1934 Stesichorus
502 1867 619 1934 cecinit
643 1873 676 1933 et
693 1868 728 1931 in
747 1868 829 1933 cista
844 1868 975 1954 Cypseli
994 1870 1164 1954 exsculpta
1181 1868 1358 1935 Pausanias
1375 1889 1399 1934 v
1417 1872 1500 1955 17,9

218 1975 310 2060 vidit,
329 1976 481 2041 funebres
499 1976 594 2040 ludos
612 1975 648 2040 in
664 1976 820 2041 honorem
839 1975 998 2041 Thoantis
1017 1976 1104 2062 regis
1124 1977 1245 2041 mortui
1264 1976 1379 2041 Lemni
1398 1977 1503 2041 factos

221 2088 336 2148 auctor
356 2084 478 2149 veteris
501 2083 653 2149 carminis
677 2082 936 2171 Argonautioi¹)‚
958 2083 993 2147 in
1016 2083 1173 2148 honorem
1196 2084 1388 2149 Archemori
1410 2085 1502 2169 pueri

220 2211 241 2253 a
266 2195 417 2274 serpente
445 2190 599 2256 exstincti
631 2213 731 2275 prope
762 2190 919 2256 Nemeam
950 2190 1121 2256 institutos
1154 2195 1269 2257 auctor
1296 2190 1502 2274 Thebaidis²l

220 2304 443 2362 narraverunt.
483 2298 561 2363 Alia
583 2298 622 2363 de
645 2298 718 2362 aliis
741 2298 826 2363 ludis
849 2297 1040 2362 funebribus
1064 2303 1097 2362 et
1119 2298 1259 2364 heroicis
1283 2303 1317 2363 et
1337 2297 1502 2363 historicis

220 2405 424 2489 temporibus
442 2405 605 2471 institutis
624 2405 768 2470 referunt
782 2405 945 2469 Homerus
959 2403 996 2467 Il.
1007 2421 1082 2467 xxss
1094 2407 1166 2471 164.
1190 2404 1367 2469 Pausanias
1378 2422 1401 2467 v
1413 2408 1464 2489 17,
1473 2408 1503 2469 9.

221 2510 407 2577 Herodotus
422 2531 459 2576 vl
472 2514 524 2578 38.
554 2512 757 2596 Thucydides
772 2530 795 2575 v
813 2514 861 2577 11.
887 2511 984 2577 Isocr.
999 2513 1030 2596 9,
1046 2515 1071 2578 1.
1096 2511 1261 2598 Vergilius
1276 2510 1356 2576 Aen.
1370 2531 1394 2576 v
1408 2513 1451 2578 64
1461 2534 1502 2576 ss.

220 2617 373 2705 Hyginus
397 2619 462 2685 fab.
481 2620 555 2684 273.
598 2620 684 2696 Quin
712 2620 811 2685 etiam
839 2620 879 2684 ad
909 2619 1066 2685 barbaros
1093 2619 1147 2685 hic
1174 2640 1245 2683 mos
1272 2618 1418 2703 perlatus
1444 2624 1503 2685 est.

221 2725 364 2811 Odrysas
384 2727 514 2812 quidem
533 2727 574 2792 ad
592 2728 736 2793 tumulos
754 2733 957 2792 mortuorum
976 2727 1068 2814 equis
1087 2726 1308 2792 decucurrisse
1322 2726 1504 2812 Xenophon

221 2832 306 2899 Hell.
320 2852 360 2899 111
375 2835 445 2919 aa
467 2834 581 2918 tradit,
605 2840 638 2900 et
658 2858 678 2900 a
696 2835 853 2900 Romanis
871 2857 939 2899 non
957 2835 1062 2899 solum
1081 2856 1215 2899 munera
1233 2834 1452 2919 gladiatorum
1471 2839 1503 2899 et

220 2943 371 3030 pugilum
392 2943 428 3007 in
449 2941 607 3008 honorem
630 2948 834 3008 mortuorum
858 2965 953 3028 saepe
976 2943 1065 3007 facta
1087 2946 1171 3026 sunt,
1195 2941 1252 3006 sed
1273 2941 1373 3006 etiam
1392 2941 1504 3005 fabula

220 3049 375 3136 Terentii,
397 3050 450 3115 cui
471 3072 591 3116 nomen
614 3050 782 3133 Adelphos
806 3053 865 3135 est,
888 3049 923 3113 in
943 3048 1029 3113 ludis
1046 3049 1238 3114 funebribus
1257 3046 1390 3112 Aemilii
1409 3047 1502 3112 Pauli

220 3157 362 3241 primurn
385 3161 460 3222 acta
482 3162 541 3223 est.

309 3264 419 3329 Aliam
442 3264 720 3350 opportunitatem
743 3263 837 3329 ludos
860 3263 998 3328 faciendi
1023 3263 1151 3327 faustus
1179 3267 1312 3328 eventus
1340 3262 1418 3327 belli
1448 3263 1502 3327 ob·

222 3370 307 3436 tulit.
350 3371 500 3456 Namque
523 3378 556 3437 et
578 3372 748 3437 hominum
772 3371 872 3437 animi
895 3371 1034 3435 libenter
1055 3375 1132 3455 post
1155 3375 1281 3434 atroces
1304 3370 1382 3435 belli
1407 3372 1526 3447 casusl

222 3477 413 3563 laboresque
436 3479 673 3564 reficiebantur,
696 3485 728 3544 et
751 3479 857 3562 spolia
874 3479 912 3542 dc
931 3477 1080 3542 hostibus
1101 3483 1196 3562 capta
1212 3478 1339 3562 copiam
1358 3477 1503 3562 praemia

221 3585 401 3651 victoribus
424 3585 587 3651 tribuendi
610 3586 782 3651 faciebant.
824 3585 947 3650 Verum
970 3585 1130 3650 recentius
1150 3587 1212 3650 hoc
1231 3607 1334 3670 genus
1353 3584 1502 3648 ludorum

222 3692 322 3758 fnisse
346 3692 550 3778 crediderim3
572 3693 608 3758 in
630 3693 765 3758 Homeri
789 3693 919 3778 quidem
939 3692 1138 3776 Hesiodique
1162 3692 1358 3756 carminibus
1377 3690 1503 3755 nullum

222 3801 405 3885 exemplum
423 3799 539 3865 talium
557 3799 707 3865 ludorum
726 3806 842 3866 exstat.
880 3800 944 3866 Sed
962 3800 1098 3885 Pythios
1119 3799 1214 3863 ludos
1233 3799 1273 3862 ab
1292 3797 1504 3882 Amphictyo-

221 3907 318 3973 nibus
335 3908 478 3994 primum
498 3907 590 3974 Crisa
607 3908 687 3972 urbe
707 3912 804 3993 capta
821 3931 861 3972 ex
880 3907 1041 3973 manubiis
1060 3907 1210 3971 hostibus
1230 3905 1384 3970 detractis
1398 3905 1503 3969 factos

223 4037 291 4081 esse
315 4015 417 4080 schol
435 4013 525 4079 Pind.
545 4038 576 4100 p.
594 4016 670 4100 297,
693 4014 813 4080 Strabo
833 4016 964 4098 1x421,
987 4014 1165 4079 Pausanias
1183 4031 1246 4076 V111
1268 4015 1308 4078 18
1327 4011 1503 4077 memoriae

222 4122 442 4206 prodiderunt.
482 4122 535 4187 Ad
557 4144 670 4189 eorum
693 4144 769 4188 vero
798 4122 980 4207 exemplum
1003 4121 1162 4186 Pindarus
1186 4120 1222 4185 Ο.
1241 4137 1265 4183 x
1284 4122 1327 4185 55
1338 4142 1379 4184 ss.
1403 4120 1503 4184 etiarn

223 4227 410 4315 Olympicos
427 4230 522 4295 ludos
540 4231 682 4316 primurn
696 4231 737 4295 ab
752 4229 892 4296 Hercule
905 4234 982 4314 post
996 4229 1158 4294 devictum
1172 4226 1320 4313 Augeam
1336 4248 1375 4291 ex
1389 4227 1503 4311 spoliis

224 4335 300 4402 belli
327 4337 434 4404 factos
461 4360 533 4404 esse
559 4338 661 4403 finxit.
708 4336 957 4404 Recentioribus
990 4358 1117 4420 quoque
1148 4335 1349 4418 temporibus
1379 4332 1504 4418 Graeci,

225 4444 279 4527 qni
301 4467 367 4509 una
384 4467 460 4510 curn
479 4445 564 4530 Cyro
584 4444 821 4530 expeditionem
840 4449 954 4509 contra
972 4441 1143 4508 Persarum
1162 4464 1271 4527 regem
1290 4442 1503 4506 Artaxerxem

227 4558 448 4638 susceperant,
484 4553 541 4618 ubi
572 4552 761 4638 ingentibus
796 4551 949 4636 periculis
980 4551 1119 4617 feliciter
1150 4549 1310 4635 superatis
1343 4549 1384 4614 ad
1416 4571 1503 4613 marc

312 4825 339 4890 1)
356 4838 383 4876 r.
403 4817 483 4876 Pind.
504 4819 535 4874 Ο.
549 4838 578 4873 rv
592 4824 635 4873 21.

312 4897 339 4964 2)
357 4911 383 4948 r.
403 4891 486 4947 Pind.
504 4891 539 4946 N.
553 4910 571 4945 x
585 4895 619 4945 28
638 4894 668 4945 et
686 4888 773 4946 schol.
792 4889 873 4946 Pind.
892 4889 971 4946 Nem.
991 4909 1017 4961 p.
1033 4893 1125 4959 4‘24s.‚
1144 4888 1226 4944 Paua.
1245 4905 1266 4940 11
1282 4892 1325 4959 15,
1340 4894 1365 4945 2.
