3442 5550
762 407 911 457 PINDARI
929 406 1096 458 mntem.

442 675 515 763 Ἴλᾳ
537 675 664 760 φερέτω
688 675 785 759 χάριν

447 782 681 866 Ἁγησίδαμος,
704 783 750 857 ὡς

394 930 398 935 -
446 888 570 974 Ἀχιλεῖ
590 889 795 973 Πάτροκλος·

373 1016 407 1061 20
452 996 572 1078 θήξαις
594 994 636 1060 δέ
655 1019 690 1059 κε
713 993 811 1078 φύντ’
839 994 939 1080 ἀρετᾷ
961 993 1035 1059 ποτλ

394 1082 408 1113 ⁰
451 1105 616 1188 πελώριον
639 1102 781 1186 ὁρμάσαι

504 1209 598 1286 κλέος
620 1209 705 1292 άνήρ
729 1215 812 1273 θεοῦ
836 1211 900 1273 σὺν
922 1210 1065 1295 παλάμᾳ.

450 1425 578 1488 ἄπονον
601 1421 631 1486 ‹l’
659 1425 779 1505 ἔλαβον
802 1422 910 1506 χάρμα
932 1425 1059 1505 παῦροί
1078 1444 1180 1503 τινες,
1273 1425 1344 1505 Στρ
1367 1420 1411 1504 β’.

449 1534 556 1615 ε’ργων
578 1530 643 1611 πρὸ
665 1529 801 1593 πάντων
823 1530 924 1616 βιότῳ
948 1529 1042 1612 φάος.

449 1636 563 1718 άμῶνα
586 1635 616 1699 ‹l'
644 1635 810 1717 ἐξαίρετον
832 1635 939 1699 ἀεῖσαι

501 1740 635 1826 θέμιτες
658 1739 772 1826 ὦρσαν
795 1744 894 1823 Διός,
918 1741 958 1805 ὃν
981 1741 1038 1826 άρ-

503 1854 586 1935 χαίῳ
610 1849 729 1932 σάματι
754 1871 821 1933 παρ
846 1847 999 1925 Πέλοπος

370 1975 405 2022 25
450 1961 572 2042 βωμῶν
596 1953 777 2039 ἑξάριθμον
800 1953 987 2035 ἐκτίσσατο,

451 2061 520 2128 ἐπεὶ
543 2062 769 2127 Ποσειδάνιον

449 2169 555 2255 πέφνε
579 2167 729 2255 Κτέατον
750 2168 905 2253 ἀμύμονα

290 2383 391 2421 mann:
414 2360 540 2418 Κνκνελα
563 2364 646 2434 Byr,
672 2360 778 2417 κνκνέα
806 2362 866 2418 AB
873 2361 928 2417 01>
955 2395 989 2403 -
1018 2368 1060 2417 16.
1089 2362 1240 2434 ὀλυμπιάδι
1267 2372 1354 2418 νικῶν
1381 2361 1423 2416 D:
1451 2357 1573 2430 ὀλσμπλα

291 2447 377 2493 νικῶν
397 2436 477 2502 3¹0,
500 2435 707 2506 ὀλομπιονικῶκ
725 2436 752 2488 A
772 2465 805 2473 -
825 2439 867 2488 1⁷.
891 2434 937 2507 λ’λᾳ
955 2435 1031 2489 BD:
1058 2432 1121 2488 λόλα
1140 2437 1201 2490 AG
1216 2466 1250 2475 -
1270 2440 1312 2490 19.
1333 2433 1447 2504 Ἀχιλλεῖ
1463 2433 1520 2488 ΟΒ
1539 2464 1572 2472 -

291 2515 334 2563 20.
358 2508 425 2575 θήξ.
445 2507 578 2561 ABCD:
604 2506 670 2573 θάξ.
690 2506 799 2559 Ahrens
817 2504 891 2560 Dial.
910 2524 951 2574 gr.
970 2525 991 2557 11
1011 2523 1050 2560 ιιο
1073 2538 1106 2546 -
1130 2525 1161 2561 κε
1186 2507 1261 2562 BDz
1286 2507 1334 2559 καλ
1353 2504 1411 2559 AO
1432 2536 1465 2544 -
1484 2502 1571 2573 φύντ’

291 2580 399 2635 ABD:
427 2576 498 2646 φῶτ’
525 2578 549 2633 (l
570 2609 603 2617 -
626 2576 693 2631 ποτὲ
718 2579 746 2631 A
769 2609 802 2618 —
827 2583 868 2630 21.
892 2575 1037 2646 παλάμαις
1059 2578 1118 2633 Ac
1138 2610 1171 2618 -
1195 2583 1238 2633 22.
1262 2576 1336 2640 τινὲς
1359 2584 1463 2645 παῦροι
1486 2576 1517 2630 D
1539 2605 1575 2614 —

291 2657 333 2706 23.
354 2650 442 2720 ἔργον
460 2648 516 2716 πρὸ
539 2648 654 2703 πάντων
679 2647 775 2704 codd.:
801 2647 885 2701 ἐτέων
903 2648 1073 2714 προστάντων
1091 2649 1197 2704 schol?
1216 2681 1249 2690 —
1269 2647 1352 2722 βιότω
1371 2652 1416 2716 (ου
1436 2649 1532 2717 supra)
1553 2646 1577 2701 C'

290 2753 326 2763 —
345 2729 387 2776 24.
408 2720 535 2788 ἐξήριτοκ
553 2737 586 2775 ex
606 2719 692 2774 schol.
707 2722 741 2790 (t)
754 2718 853 2774 elicuit
871 2718 1014 2773 Hermann
1032 2752 1067 2760 —
1086 2726 1129 2775 25.
1149 2723 1249 2794 βωμῶν
1268 2722 1296 2774 A
1315 2722 1344 2773 et
1362 2719 1461 2773 schol:
1480 2717 1575 2791 βωμὸν

292 2795 326 2863 0,
349 2795 431 2866 βωμῶ
450 2793 525 2858 BD;
549 2792 584 2845 τὰ
606 2789 701 2858 πρῶθ’
723 2790 794 2845 coni.
814 2790 1035 2859 Rauchenstein,
1059 2791 1120 2860 ipse
1144 2790 1241 2846 πόνων
1265 2790 1375 2845 tentari
1394 2821 1428 2829 —
1447 2787 1575 2843 ἐντέτατο

291 2871 318 2920 Λ
337 2868 367 2919 at
386 2848 485 2919 sclicl:
505 2861 642 2932 ἐκτήσαθ’
659 2860 813 2931 Ἡρακλέης
832 2863 861 2930 G,
880 2861 1016 2930 ἡρακλέής
1035 2861 1133 2917 issico.
1152 2863 1223 2930 BD,
1243 2860 1290 2935 βίη
1305 2858 1457 2932 Ἡρακλέος
1475 2857 1575 2914 turico.

289 2938 401 3010 (βωμῶν
420 2934 576 3005 ἑξάριθμον
594 2934 718 3004 omissis)
737 2935 807 3006 Byr.
826 2963 862 2973 -—
880 2938 922 2987 26.
941 2933 1141 2989 ποσειδάνειον
1158 2936 1186 2988 Β
1206 2965 1239 2974 -

290 3083 321 3135 et
338 3079 446 3133 musica
465 3079 525 3131 arte
544 3076 687 3131 excellunt
707 3079 736 3131 et
757 3092 845 3130 aeneo
864 3075 964 3144 Marte,
978 3077 1054 3144 quod
1068 3094 1156 3147 nuper
1170 3077 1388 3146 comprobarunt
1403 3073 1574 3129 Anaxilaurn

290 3155 442 3221 tyrannum
456 3148 693 3220 potentissimum,
712 3151 745 3202 ut
757 3147 866 3217 Cycnus
886 3147 953 3201 olim
971 3147 1116 3218 ingentem
1130 3147 1287 3217 Herculem,
1306 3148 1392 3201 armis
1411 3146 1574 3215 reicientes;

291 3223 329 3277 ad
348 3221 544 3276 tortitudinem
562 3223 646 3273 natus
665 3236 739 3273 nunc
757 3218 845 3272 etiam
859 3219 1046 3288 Agesidamna
1061 3230 1097 3288 (v.
1113 3225 1150 3285 ao)
1164 3220 1278 3290 insuper
1295 3219 1365 3272 disci
1386 3218 1447 3273 lina
1465 3218 1574 3288 aliptae

290 3294 397 3365 optime
415 3292 563 3346 institutus
583 3295 640 3357 est;
666 3290 767 3344 merito
790 3289 878 3360 igitur
897 3289 1004 3359 etipse
1022 3290 1179 3360 praemium
1197 3290 1300 3345 meruit
1318 3294 1348 3345 et
1365 3238 1492 3345 lebitam
1510 3306 1575 3361 gra-

290 3367 361 3419 tiam
381 3365 488 3432 aliptae
508 3379 558 3415 suo
577 3362 635 3416 Iloe
654 3362 713 3416 sive
732 3360 810 3414 Iolao
829 3361 932 3414 reseret
952 3392 987 3401 -
1012 3367 1053 3415 16.
1079 3372 1166 3417 νικῶν
1184 3362 1296 3433 proprie
1315 3378 1391 3431 eum,
1415 3360 1465 3430 qui
1483 3360 1575 3415 victor

291 3439 348 3503 est,
372 3434 527 3504 significat,
550 3433 624 3486 unde
643 3433 687 3486 vis
704 3432 848 3503 participii
866 3432 1023 3501 praesentis
1047 3443 1181 3496 νικῶντος
1203 3451 1260 3488 non
1282 3433 1366 3504 longe
1391 3432 1482 3487 distat
1504 3449 1522 3486 a
1545 3432 1576 3485 vi

290 3506 390 3561 aoristi
404 3504 579 3572 stuprumve,
594 3505 628 3558 cs.
644 3504 675 3559 Ο,
691 3521 779 3558 11112.
794 3522 844 3555 xm
857 3520 891 3558 ao.
911 3504 946 3558 N.
961 3523 1000 3556 vn
1015 3520 1048 3560 ro.
1067 3506 1087 3558 I.
1104 3524 1143 3557 vn
1157 3522 1168 3559 τ
1184 3537 1217 3545 -
1234 3509 1275 3559 19.
1286 3502 1386 3575 'Agim
1398 3503 1574 3572 Πάτροκλος·

291 3579 371 3633 Hom.
390 3577 421 3630 Il
437 3593 483 3629 m
498 3592 523 3630 no
538 3593 573 3628 ss.
593 3578 679 3644 poeta
701 3574 829 3645 respicit,
852 3592 908 3643 quo
931 3575 993 3629 loco
1016 3575 1155 3643 Achilles,
1179 3593 1242 3630 cum
1265 3574 1428 3629 Patroclum
1451 3574 1574 3629 Achaeis

290 3649 397 3704 auxilio
422 3647 560 3714 mitteret,
585 3647 673 3701 aciem
697 3646 812 3700 instruit
837 3650 867 3700 et
891 3646 928 3699 ad
951 3663 1009 3700 rem
1036 3647 1147 3701 fort-iter
1171 3647 1325 3717 gerendam
1351 3646 1519 3700 adhortatur
1535 3676 1573 3686 —

291 3728 334 3777 22.
354 3719 565 3791 Agesidamum
584 3718 633 3787 qui
648 3735 731 3800 aegre
745 3735 836 3786 neque
850 3717 910 3771 sine
925 3717 1089 3772 vulneribus
1102 3718 1203 3773 vicisse
1218 3718 1339 3783 videtur,
1353 3734 1386 3772 eo
1400 3716 1571 3787 consolatur,

291 3794 367 3863 quod
382 3792 442 3845 sine
456 3789 553 3844 labore
566 3790 649 3860 pauci
667 3789 802 3843 victoriae
857 3788 955 3843 udium
972 3789 1174 3859 adipiscantur,
1191 3807 1246 3859 quo
1260 3806 1356 3843 omnes
1373 3792 1459 3842 antea
1472 3791 1571 3843 exant-

290 3865 365 3919 latos
383 3863 495 3917 labores
513 3865 742 3930 recompensante
760 3805 979 3929 pulclierrimum
997 3862 1074 3916 vitae
1093 3862 1177 3916 decus
1206 3866 1323 3926 raretum
1344 3860 1378 3915 cf.
1398 3860 1429 3915 0.
1448 3878 1459 3912 r
1478 3877 1517 3915 roo
1536 3891 1570 3900 —

290 3943 345 4076 Q
357 3934 473 4001 θήξαις·
502 3949 617 4000 acuens,
641 3932 715 3986 unde
739 3932 758 3986 I.
778 3950 806 3984 τι
824 3948 850 3986 'tt
869 3932 989 4002 aliptam
1012 3931 1126 3999 Ναξίαν
1149 3881 1259 3988 ἀκάναν
1282 3932 1366 3999 dixit;
1389 3931 1425 3987 cl.
1444 3931 1570 4003 Xenoph.

347 4023 403 4060 ,ιτ
428 4021 460 4060 ιο.
475 4021 496 4072 c,
510 4022 545 4058 ιι.

363 4049 448 4131 24’στ,
468 4076 606 4146 originem
624 4074 754 4129 ludorum
773 4073 982 4144 Olympicorum
1000 4075 1087 4129 refert
1100 4108 1133 4116 —
1149 4081 1192 4129 24.
1211 4073 1325 4145 θέμιτες
1342 4072 1419 4143 Διός,
1436 4073 1572 4128 instituta

293 4152 323 4204 et
341 4148 419 4230 leges
437 4148 525 4215 loris,
544 4147 646 4216 quibua
666 4146 821 4200 certamina
839 4146 968 4199 ludorum
988 4146 1198 4217 Olympicorum
1217 4150 1247 4201 et
1263 4145 1415 4216 praeconia
1432 4145 1573 4200 victorum

290 4222 447 4274 constituta
465 4223 547 4273 eraut
566 4249 599 4258 —-
618 4216 720 4286 σάματι
740 4237 798 4284 παρ
817 4215 955 4280 Πέλοπος·
976 4218 1011 4273 cs.
1027 4218 1058 4273 0.
1073 4238 1083 4271 r
1097 4236 1131 4273 oa.
1164 4218 1343 4272 Recentiores
1362 4217 1520 4287 scriptores,
1539 4220 1573 4271 ut

290 4290 372 4346 Paos.
387 4308 404 4344 τ
420 4307 453 4359 ra,
468 4307 488 4352 a,
507 4290 654 4344 Herculem
669 4305 687 4341 a
700 4289 803 4358 Pelope
818 4293 919 4357 quarto
933 4290 1146 4361 propagationis
1165 4289 1256 4361 gradu
1273 4289 1442 4343 descendero
1457 4287 1571 4343 fabula·

289 4363 394 4416 bantur
414 4393 447 4401 -
466 4367 509 4416 25.
533 4363 632 4433 βωμῶν
656 4358 822 4430 ἑξάριθμον·
848 4360 882 4413 de
901 4377 949 4414 sex
968 4361 1025 4414 aris
1045 4361 1192 4430 Olympiae
1211 4361 1276 4414 ride
1296 4360 1333 4414 ad
1352 4359 1383 4413 Ο.
1398 4378 1430 4412 m
1445 4377 1477 4415 ιο.
1515 4361 1570 4414 Sed

290 4449 354 4488 cum
373 4435 473 4506 βωμῶν
491 4433 608 4486 metrico
625 4431 696 4484 vitio
715 4431 826 4485 laboret
844 4435 873 4484 et
892 4447 956 4485 arae
975 4432 1048 4485 nihil
1067 4432 1103 4486 ad
1123 4436 1264 4486 certamen
1282 4432 1400 4500 (ἀγῶνα)
1419 4431 1570 4500 attineant,

289 4502 1358 4646 tattttttffirttt‘tttttstttttsfftttttttttttitt
1366 4507 1569 4645 ἑξᾙῗλῗῖἐῖ

289 4648 411 4703 Duritiei
425 4651 520 4702 autem
533 4645 604 4700 sitio
619 4645 709 4698 oratio
718 4592 849 4711 laborat,
864 4644 939 4712 quod
953 4645 1111 4700 subiectum
1125 4645 1203 4700 rerbi
1219 4643 1361 4699 ἐκτίσσατο
1376 4645 1489 4699 demum
1502 4663 1527 4700 v.
1543 4662 1570 4701 ao

288 4720 413 4791 positum
433 4722 488 4785 est;
508 4717 543 4773 cf.
555 4718 585 4773 0.
596 4733 660 4771 1110
675 4748 708 4756 —
724 4721 757 4769 26
768 4735 804 4772 ss.
818 4715 952 4770 Hercules
967 4733 1031 4770 cum
1043 4720 1085 4770 Au
1124 4733 1166 4784 ae,
1178 4717 1238 4787 regi
1253 4716 1351 4785 Elidis,
1367 4721 1483 4786 propter
1496 4733 1569 4771 mer·

290 4792 387 4847 cedem
405 4808 456 4862 pro
476 4788 589 4844 stabulo
607 4791 728 4860 purgato
749 4792 883 4860 negatam
907 4786 1011 4842 bellum
1030 4734 1186 4856 intulisset,
1210 4787 1331 4858 primum
1349 4789 1387 4842 ab
1406 4788 1570 4843 Molionidis

290 4861 390 4917 Oteato
404 4866 433 4917 et
447 4862 562 4933 Euryto,
576 4861 626 4931 qui
642 4860 777 4914 exercitui
794 4859 855 4914 eius
873 4858 993 4913 insidias
1012 4862 1180 4929 struxerant,
1199 4859 1310 4914 cladem
1328 4860 1446 4930 accepit,
1466 4859 1569 4916 deinde
