3442 5550
745 423 876 473 rmum
896 424 944 475 ιιι.
1426 419 1486 483 137

218 593 368 651 laborasse
397 612 431 650 ox
459 591 589 651 carmine
618 592 650 649 P.
675 610 683 647 1
713 590 923 667 comperimus,
952 591 1114 649 Pindarum
1142 591 1199 649 hoc
1226 609 1342 649 carmen
1376 589 1491 649 misisse

216 685 350 758 apparet.
396 681 593 740 Accuratiora
618 680 786 739 Boeclrhius
810 678 931 739 definire
955 684 1080 739 conatus
1104 683 1157 756 ast,
1181 680 1234 755 qui
1257 699 1325 738 cum
1348 680 1490 738 redeunte

216 771 364 846 Pythiade
388 771 544 829 sollemnia
567 770 762 830 victoriarum
785 769 894 828 iterata
917 786 980 828 esse
1004 769 1061 828 sibi
1087 769 1291 846 persuasisset,
1311 788 1409 828 mense
1428 768 1490 828 An-

215 863 304 936 gusto
329 860 400 917 anni
424 863 487 918 474
512 879 630 918 carmen
652 858 796 934 scriptum
815 877 877 917 esse
897 858 1037 935 opinatus
1056 861 1110 918 est.
1148 859 1246 916 Minus
1265 858 1338 917 mihi
1358 858 1490 917 eiusdem

214 950 272 1007 viri
303 949 448 1026 ingeniosi
479 968 604 1008 acumen
635 947 792 1025 probatur,
823 947 957 1008 versibus
983 959 1016 1007 56
1036 967 1072 1008 ss.
1099 950 1225 1007 mortem
1254 947 1309 1005 filii
1336 948 1383 1007 vel
1412 947 1490 1006 filiae

214 1039 354 1098 Hieronis
378 1042 408 1097 et
431 1038 509 1116 regis
529 1038 623 1114 ipsius
642 1037 799 1097 consilium
818 1038 917 1097 sedem
936 1037 1053 1113 imperii
1072 1036 1228 1113 Syracusis
1248 1037 1375 1095 Aetnam
1394 1039 1489 1095 trans-

215 1128 329 1187 ferendi
362 1126 523 1205 significari
554 1127 698 1204 putantis.
748 1127 842 1186 Immo
870 1130 990 1204 poetam
1017 1127 1048 1186 in
1077 1126 1156 1186 dulci
1184 1127 1239 1186 hoc
1267 1126 1396 1185 carmine
1425 1127 1490 1203 ipso

215 1218 315 1276 studio
344 1217 498 1276 fabulandi
527 1217 564 1276 ad
594 1237 641 1276 res
670 1216 763 1275 latins
793 1217 966 1276 tractandas
996 1221 1026 1276 et
1054 1216 1238 1275 exornandas
1267 1218 1398 1274 tractum
1428 1235 1490 1275 esse

215 1308 420 1384 lectorumque
445 1308 559 1366 animos
582 1307 690 1366 leniter
713 1325 813 1366 secum
837 1308 954 1365 trahere
979 1299 1194 1386 (ψυχαγωγεῖν)
1219 1305 1328 1382 sentio,
1356 1305 1393 1364 cf.
1416 1304 1490 1364 Her-

215 1416 358 1456 mannum
383 1395 490 1472 Opusc.
511 1415 553 1455 vu
579 1408 629 1456 129
648 1415 685 1457 ss.
709 1400 740 1455 et
766 1396 1005 1455 Heimsoethium
1027 1396 1082 1456 Rh.
1102 1396 1140 1455 M.
1160 1415 1179 1453 v
1200 1406 1233 1454 16
1253 1413 1294 1472 sa,
1321 1394 1491 1454 accuratius

214 1485 359 1545 Boeckhii
382 1486 518 1563 argutias
541 1486 715 1545 refutantes.

308 1574 434 1634 Carmen
452 1577 512 1634 fere
532 1578 631 1634 totum
649 1575 679 1632 in
698 1573 838 1634 Hieronis
857 1574 956 1633 animo
981 1574 1018 1634 ob
1037 1575 1147 1633 malam
1166 1573 1371 1633 valetudinem
1389 1593 1491 1634 conso·

218 1665 308 1724 lando
332 1665 531 1741 consumitur,
564 1665 668 1723 statim
691 1664 721 1722 in
746 1664 864 1723 exordio
888 1666 978 1740 poeta
1006 1665 1042 1722 ut
1069 1663 1179 1722 Chiron
1207 1663 1377 1722 etiamnunc
1401 1664 1492 1740 vivat,

220 1757 315 1831 optat,
333 1758 369 1812 ut
388 1774 448 1829 qna
462 1755 677 1829 Aesculapium
699 1753 835 1812 instituit
857 1756 921 1811 arte
945 1753 1115 1831 aegrotanti
1134 1753 1198 1830 regi
1216 1753 1370 1812 medeatur
1384 1745 1492 1833 (1—7).

217 1844 290 1902 Inde
319 1843 454 1902 fabulam
478 1844 513 1902 de
536 1842 721 1920 Aesculapii,
750 1841 805 1900 filii
827 1841 977 1920 Apollinis
1005 1847 1035 1901 et
1059 1842 1226 1918 Coronidis,
1254 1842 1407 1903 natalibus
1430 1842 1494 1901 vita

218 1938 313 1992 morte
338 1932 435 2008 lepide
460 1933 630 2009 etcopiose
654 1935 757 1990 narrat
783 1924 909 2013 (it—62).
948 1931 1012 2002 Quo
1039 1933 1118 1991 iacto
1143 1932 1181 1990 ad
1204 1931 1391 2008 sententiam,
1415 1932 1492 1990 undo

218 2041 340 2082 exorsus
368 2026 445 2098 erat,
475 2022 518 2080 ita
546 2022 635 2097 redit,
663 2024 699 2077 ut
726 2040 794 2079 cum
818 2021 875 2080 sibi
897 2040 956 2081 non
980 2021 1071 2080 liceat
1093 2021 1156 2098 regi
1181 2021 1294 2097 optimo
1318 2021 1493 2097 coronisque

217 2111 413 2171 victoriarum
432 2111 594 2187 splendidis
613 2113 718 2169 omato
734 2110 947 2186 Aesculapium
967 2110 1115 2169 medicum
1134 2109 1288 2187 adducere,
1308 2110 1345 2168 ad
1368 2114 1493 2169 matrem

218 2200 341 2260 deornm
369 2220 470 2277 preces
500 2220 554 2277 pro
585 2201 682 2258 salute
714 2199 778 2257 eius
808 2199 917 2257 fundat
940 2191 1085 2279 (ss—79).
1130 2199 1254 2258 Interim
1283 2200 1309 2257 ei
1338 2219 1373 2258 ex
1400 2199 1494 2259 consi·

219 2290 323 2348 derata
346 2291 496 2349 communi
527 2290 681 2350 hominum
705 2291 792 2366 sorte,
816 2289 846 2346 in
870 2307 931 2364 qua
954 2289 1034 2347 mala
1056 2289 1142 2348 bonis
1165 2288 1325 2348 commixta
1349 2307 1411 2348 esse
1435 2289 1494 2347 iam

219 2379 367 2438 Homerus
391 2379 500 2438 dixerit
522 2384 553 2438 et
575 2378 808 2438 clarissimorum
826 2378 973 2455 viromm,
996 2383 1032 2436 ut
1053 2377 1158 2436 Cadmi
1181 2381 1212 2436 et
1234 2378 1329 2455 Pelei,
1357 2379 1422 2436 fata
1445 2378 1494 2436 do·

219 2472 314 2545 ceant,
334 2469 435 2528 solatii
454 2472 632 2547 argumenta
651 2469 778 2544 pretends
797 2487 860 2527 esse
879 2460 1036 2549 (so-104).
1074 2467 1121 2526 Ad
1143 2470 1307 2526 extremum
1327 2486 1357 2526 se
1377 2487 1495 2544 quoque

220 2577 308 2616 suum
332 2559 464 2617 animum
496 2560 633 2617 fortimae
657 2558 879 2617 aeoniumodare
907 2557 980 2617 dicit
1003 2561 1046 2634 et,
1074 2557 1100 2614 si
1123 2576 1247 2634 magnas
1271 2575 1342 2633 opes
1365 2556 1495 2632 haberet,

221 2667 363 2725 magnam
386 2647 443 2706 sibi
467 2648 577 2706 famam
602 2651 779 2723 paraturum
804 2666 866 2706 esse
890 2648 991 2706 favore
1016 2651 1181 2722 postauam.

310 2737 457 2795 Fabulam
473 2736 628 2795 Coronidis
647 2739 677 2794 et
691 2736 865 2813 Aesculapii
881 2737 1030 2795 Pindarus
1053 2756 1087 2795 ex
1111 2736 1233 2795 Hesiodi
1252 2736 1349 2813 EoeiS,
1368 2755 1496 2811 quorum

221 2844 325 2884 versus
353 2826 466 2885 scholia
495 2826 532 2883 ad
560 2826 592 2884 P.
618 2845 651 2883 111
677 2838 708 2884 14
734 2829 764 2884 et
786 2837 820 2884 411
845 2826 986 2902 afferunt,
1014 2826 1167 2903 repetivit,
1196 2845 1255 2902 quo
1284 2825 1385 2885 eodem
1414 2826 1496 2884 fonte

222 2914 422 2991 Pherecydem
444 2915 621 2974 historicum
651 2934 739 2974 nsum
767 2934 830 2973 esse
859 2935 893 2973 ex
917 2914 1038 2974 scholiis
1061 2915 1099 2973 ad
1122 2915 1154 2973 P.
1174 2933 1208 2972 ιιι
1233 2926 1266 2971 50
1290 2915 1495 2990 comperimus.

222 3004 323 3063 Tertio
347 3023 373 3063 a.
398 3003 464 3064 Chr.
489 3005 608 3063 saeculo
632 3004 754 3062 eandem
778 3005 914 3063 fabulam
936 3005 1055 3081 lsyllus,
1079 3007 1169 3079 poeta
1192 3004 1386 3062 tenuissimus
1410 3004 1496 3082 Argi-

220 3113 284 3170 vus,
309 3094 339 3151 in
363 3113 476 3169 paeane
501 3093 664 3168 enarravit,
688 3093 774 3152 cuius
797 3112 901 3152 versus
924 3113 959 3151 ex
983 3093 1078 3151 ruinis
1101 3093 1205 3168 templi
1230 3092 1403 3168 Aesculapii
1426 3093 1496 3169 Epi-

221 3182 325 3241 daurei
348 3186 516 3259 protractos
539 3182 789 3241 Wilamowitzius
811 3182 888 3240 Phil.
909 3183 977 3240 Unt.
999 3201 1029 3239 ιιι
1056 3193 1087 3239 13
1112 3200 1149 3239 ss.
1168 3181 1327 3240 uberrimis
1350 3201 1496 3241 commen-

221 3272 306 3330 tariis
331 3272 481 3332 instruxit.

766 3352 810 3419 De
833 3354 954 3419 notris.

313 3450 460 3509 Carminis
487 3451 578 3509 huius
605 3450 713 3527 indoli,
743 3450 840 3527 magis
863 3450 894 3508 in
916 3450 1055 3509 Hieronis
1080 3449 1179 3508 animo
1202 3450 1382 3509 consolando
1407 3469 1497 3526 quam

221 3541 252 3598 in
276 3540 402 3599 victoria
425 3540 602 3599 celebranda
626 3540 781 3617 versantis,
805 3540 923 3598 numeri
946 3539 1223 3616 dactylo-epitritici
1248 3538 1395 3616 aptissimi
1419 3544 1497 3598 sunt

222 3630 257 3687 ln
287 3629 455 3707 digerendis
480 3629 613 3688 versibus
637 3649 655 3687 a
678 3634 777 3689 vetere
807 3650 864 3689 usu
893 3629 936 3688 ita
965 3633 1054 3705 poeta
1085 3629 1232 3706 discessit,
1262 3634 1298 3687 ut
1328 3628 1358 3687 in
1389 3632 1496 3706 quarto

223 3737 309 3778 versu
334 3718 473 3794 strophae
497 3719 709 3794 pentapodiam
733 3719 912 3794 dactylicam
936 3718 1109 3777 admitteret
1130 3722 1160 3777 et
1179 3719 1266 3795 epodi
1285 3738 1403 3778 versum
1427 3719 1498 3776 ulti-

223 3827 307 3865 mum
331 3807 429 3883 capite
454 3827 506 3866 suo
530 3809 671 3884 privaret.
704 3808 877 3867 Versiculus
901 3807 1009 3866 tertius
1033 3810 1203 3868 monocolos
1222 3809 1371 3884 strophae,
1391 3808 1415 3865 si
1435 3826 1498 3867 sen-

223 3897 347 3955 tentiam
373 3901 498 3972 spectas
523 3898 609 3956 modo
629 3898 693 3956 vice
713 3898 800 3973 epodi
819 3889 880 3975 (vv.
900 3908 925 3956 3.
945 3908 987 3955 26.
1007 3909 1049 3955 49.
1071 3889 1127 3977 79),
1152 3899 1239 3956 modo
1264 3897 1368 3973 proodi
1388 3891 1429 3977 (v.
1451 3888 1499 3963 sal

223 3986 370 4064 fungitur,
393 3986 481 4045 modo
505 3987 657 4061 utrimque
683 3987 791 4062 pendet
815 3978 875 4066 (rr.
899 3998 938 4044 10.
959 3998 1001 4045 33.
1022 3998 1064 4045 at.
1085 3998 1126 4046 95.
1148 3979 1222 4067 102),
1246 3989 1281 4043 ut
1306 3985 1416 4045 similes
1435 4006 1499 4045 ver·

222 4075 308 4134 siculi
333 4072 366 4135 Ο.
386 4094 439 4132 νιιι
464 4096 508 4150 ep.
529 4088 553 4136 5.
577 4076 756 4151 I.14.vl;
780 4075 911 4134 numeris
936 4075 1012 4134 idem
1036 4096 1104 4135 cum
1128 4075 1314 4134 antecedenti
1338 4094 1425 4134 versu
1449 4095 1498 4134 co-

222 4164 333 4223 haeret.
379 4165 452 4223 Mor.
477 4165 624 4241 Schmidt,
647 4165 793 4223 blinntiac
818 4165 1011 4241 Sophocleae,
1038 4168 1118 4225 1881
1147 4186 1174 4241 p.
1193 4177 1219 4242 4,
1243 4184 1312 4224 cuni
1336 4164 1496 4223 Pindarum

223 4273 326 4314 versus
345 4254 533 4328 symmetriae
558 4254 738 4330 disposuisse
762 4254 818 4312 sibi
842 4254 1046 4331 persuasisset,
1070 4254 1193 4313 tertium
1217 4273 1336 4314 versum
1359 4255 1498 4329 strophae

222 4363 290 4402 cum
314 4343 412 4419 priore
436 4346 520 4418 parte
548 4344 649 4418 quarti
675 4362 778 4402 versus
803 4343 966 4419 coniunxit,
992 4345 1070 4402 unde
1093 4344 1208 4419 primns
1233 4363 1336 4402 versus
1362 4343 1499 4419 septimo,

223 4433 369 4492 secundus
394 4435 490 4508 sexte,
519 4432 625 4491 tertius
652 4433 757 4509 quinto
785 4433 1004 4508 responderent
1051 4432 1177 4491 Prorsus
1205 4432 1281 4491 alias
1309 4432 1499 4508 symmetriae

223 4522 353 4580 rationes
381 4521 594 4598 RossbachiuS,
618 4522 733 4581 Griech.
754 4516 853 4580 lletrf'
871 4533 932 4598 458,
956 4540 1024 4580 cum
1052 4521 1263 4599 excogitasset,
1286 4521 1498 4597 pentapodiam

223 4610 325 4687 quarti
353 4629 457 4669 versus
481 4631 499 4668 a
521 4611 639 4687 reliqua
668 4615 754 4687 parto
778 4629 880 4669 versus
909 4610 1067 4686 separarit.
1113 4612 1179 4689 Ego
1203 4630 1257 4670 cur
1287 4610 1323 4668 ob
1353 4610 1407 4667 has
1430 4609 1498 4668 suh-

223 4700 351 4757 tilitates
381 4700 587 4775 symmetricac
612 4699 835 4776 compositionis
864 4699 1101 4758 aBoeckhianis
1124 4700 1291 4759 rationibus
1319 4719 1377 4756 non
1406 4699 1498 4757 disce-

223 4788 353 4848 dendum
373 4789 513 4866 putarim,
533 4790 563 4847 in
582 4789 661 4847 l'rol.
682 4808 756 4847 nvru
776 4788 906 4865 exposui,
931 4788 1028 4847 nescio
1048 4793 1148 4847 tamen
1168 4809 1206 4847 an
1225 4788 1335 4847 rectius
1359 4789 1497 4865 strophae

222 4898 343 4938 versum
374 4882 517 4954 quartiun
547 4878 577 4935 in
608 4878 682 4936 duos
713 4898 815 4938 versus
846 4898 937 4954 quam
967 4878 996 4936 in
1028 4878 1087 4937 duo
1117 4879 1184 4939 cola
1207 4878 1322 4938 dividas
1346 4881 1377 4938 et
1399 4882 1497 4939 totum
