3442 5550
694 403 818 452 Nullus
837 403 868 452 V.

197 566 258 633 τάν
280 564 353 633 ποτ’
380 566 544 651 εὔανδρόν
568 588 601 628 τε
624 561 679 628 καί
703 564 926 630 ναυσικλυτὰν

147 691 179 738 1⁰
197 672 361 739 θέσσαντο
384 673 449 757 πάρ
473 673 587 758 βωμὸν
609 670 749 756 πατέρος
766 669 940 736 Ἑλλανίου

198 781 346 863 στάντες,
369 783 490 845 πίτναν
512 777 542 843 τ’
568 781 615 856 εἰς
638 777 758 864 αἰθέρα
781 790 893 863 χεῖρας
916 777 982 861 ἁμᾶ

194 886 365 963 Ἐνδαΐδος
387 885 567 971 άρίγνωτες
589 883 658 951 υίοί
681 883 737 950 καὶ
759 889 816 970 βιά
842 886 962 951 Φώκου
985 882 1153 969 κρέοντος,

198 1101 215 1166 ὁ
239 1110 297 1178 τᾶς
319 1108 417 1183 θεοῦ,
440 1099 480 1164 ὃν
509 1099 687 1184 Ψαμάθεια
709 1098 793 1165 τίκτ’
819 1098 871 1165 έπλ
894 1099 1028 1185 ῥηγμῖνι
1051 1101 1185 1164 πόντου.
1235 1095 1301 1163 ’Era
1320 1095 1363 1162 α’.

197 1207 346 1293 αἰδέομαι
369 1206 452 1292 μέγα
474 1213 600 1272 ίειπεῖν
624 1206 660 1272 έν
683 1208 759 1295 δίκα
782 1231 816 1272 τε
839 1209 883 1292 μη
905 1205 1210 1291 κεκινδυνευμένον,
1383 1222 1417 1270 ‘25

146 1332 179 1380 15
197 1325 267 1393 πῶς
290 1317 331 1400 δη
354 1319 452 1381 λίπον
475 1313 591 1379 εὐκλέα
614 1324 729 1399 νᾶσον,
751 1313 806 1380 καλ
828 1318 879 1391 τίς
901 1315 1026 1399 ἄνδρας
1048 1313 1206 1397 ἀλκίμους

199 1424 327 1508 δαίμων
351 1421 406 1487 ἀπ’
434 1422 586 1498 Οἰνώνας
608 1424 732 1489 ἔλασεν.

242 1530 411 1615 στάσομαι.
457 1530 498 1593 οὔ
522 1553 572 1593 τοι
596 1529 705 1594 άπασα
728 1530 869 1614 κερδίων

197 1643 354 1721 φαίνοισα
377 1637 556 1721 πρόσωπον
580 1632 711 1700 ἀλάθει’
736 1635 879 1720 ἀτρεκές·

196 1743 251 1810 καί
275 1745 311 1809 τὸ
335 1753 432 1827 σιγᾶν
454 1743 612 1819 πολλάκις
636 1741 703 1808 ἐστὶ
726 1743 921 1828 σοφώτατον
944 1742 1112 1831 ἀνθρώπῳ
1135 1752 1262 1827 νοῆσαι.

199 1962 230 2024 εἰ
251 1957 282 2023 δ’
309 1960 410 2041 ὄλβον
433 1956 453 2040 ἢ
476 1969 597 2042 χειρῶν
619 1961 697 2042 βιάν
1222 1962 1301 2042 Στρ.
1321 1956 1365 2040 β’.

241 2065 262 2149 ἢ
285 2065 460 2149 σιδαρίταν
484 2064 656 2149 ἐπαινῆσαι
679 2067 824 2150 πόλεμον
846 2066 1035 2150 δεδόκηται,
1058 2065 1166 2150 μακρά
1188 2088 1244 2150 μοι
1384 2082 1418 2130 35

215 2302 257 2349 12.
276 2295 421 2358 ἐνδαΐδεος
440 2295 469 2348 D
488 2326 521 2333 -
542 2299 584 2349 13.
605 2292 637 2349 δν
656 2294 781 2350 Schmid:
805 2295 855 2350 τδν
873 2296 941 2351 BD
965 2327 996 2334 -
1021 2291 1111 2348 τίκατ’
1136 2294 1166 2348 D
1187 2327 1223 2335 -
1246 2294 1292 2350 ezr
1314 2294 1417 2367 forlpp.

144 2368 310 2435 Mommsen;
337 2365 408 2421 conf.
429 2364 458 2419 P.
478 2384 488 2418 1
506 2382 532 2421 ιο
557 2397 588 2406 —-
614 2371 655 2420 15.
681 2365 716 2435 δὴ
736 2367 777 2422 B:
802 2365 833 2421 dl
852 2367 883 2422 D
904 2398 938 2408 ·-
964 2372 1006 2422 17.
1031 2364 1145 2434 ἀτρεκές
1170 2365 1274 2438 Bergk:
1300 2367 1419 2436 ἀτρεκής

143 2441 246 2510 (άτερκ.
266 2438 306 2507 D)
324 2438 387 2493 BD
405 2469 440 2476 -
460 2444 500 2492 19.
521 2439 610 2505 σιδαρ.
630 2437 740 2507 Heyne:
760 2441 848 2508 σιδηρ.
867 2439 931 2494 BD
950 2470 981 2478 -

144 2586 258 2651 Βακχᾶν
283 2578 454 2652 ματρόπολιν
481 2578 589 2653 Θήβαν)
615 2578 768 2651 significat,
795 2583 892 2634 contra
910 2580 1036 2651 vulgaris
1054 2580 1097 2635 vis
1116 2580 1207 2650 urbis,
1233 2597 1306 2650 quae
1328 2583 1418 2636 mater

143 2652 264 2707 aliarum
288 2651 400 2706 urbium
423 2650 519 2719 fuerit,
543 2651 635 2706 eidem
658 2651 765 2706 nomini
792 2654 836 2706 est
863 2651 893 2706 P.
912 2671 941 2705 ιν
959 2667 985 2707 ao
1005 2685 1036 2693 —
1058 2657 1125 2708 ess.
1148 2651 1247 2708 schol:
1271 2653 1341 2722 φασλ
1364 2653 1418 2722 γὰρ

141 2726 250 2795 αὐχμοῦ
273 2742 340 2778 ποτε
363 2721 505 2788 πιέζοντος
527 2722 578 2790 τὴν
598 2720 732 2791 Ἐλλάδα,
757 2722 827 2778 ἔνιοι
853 2724 884 2777 δὲ
909 2728 1117 2794 κατακλυσμοῦ,
1141 2721 1330 2786 συνελθόντας
1353 2725 1418 2787 τοὺς

135 2792 272 2866 Ἕλληνας
303 2797 502 2849 καθικετεῦσαι
532 2793 582 2849 τὸν
612 2794 716 2849 Αἰακὸν
745 2795 782 2858 ὡς
809 2794 877 2849 ὄντα
904 2797 994 2849 παῖδα
1023 2793 1103 2863 Διός,
1131 2793 1332 2862 ἐξαιτήσασθαι
1360 2804 1415 2850 τῶν
1454 2803 1458 2809 ’

140 2866 201 2922 τότε
229 2864 389 2949 συστάητοιν
416 2875 511 2920 κακῶν
538 2865 589 2934 τὴν
617 2864 707 2921 lucer·
740 2875 840 2921 τοῦτον
872 2864 904 2921 δέ
937 2865 1092 2936 εὐξάμενον
1119 2866 1354 2934 ἀποθεραπεῦσαι
1380 2866 1415 2921 τδι

141 2937 235 3006 δεινά,
261 2938 310 2992 καὶ
335 2934 406 2991 οὗτοι
431 2939 479 2991 διὰ
505 2937 557 3006 τὴν
584 2945 632 3005 τῆς
655 2935 789 3000 Ἑλλάδος
816 2935 955 3007 σωτηρίαν
979 2936 1126 3005 Ἑλλήνιον
1152 2937 1230 3006 παρὰ
1257 2947 1315 3000 τοῖς
1342 2938 1415 3008 Αἰμι-

141 3009 239 3078 νήταις
253 3012 419 3079 τετιμῆσθαι
438 3006 505 3062 Δία·
527 3025 582 3077 quo
602 3024 665 3062 cum
683 3006 789 3062 scholio
804 3009 967 3079 conspirant
981 3007 1067 3063 schol.
1083 3009 1116 3062 N.
1132 3026 1181 3062 rm
1197 3027 1229 3064 ie.
1248 3008 1415 3078 Isocr.e,1s.

140 3081 252 3137 Diodor.
271 3099 301 3135 rr
317 3096 351 3134 ει.
384 3079 465 3135 Paua.
485 3099 505 3132 11
524 3095 558 3147 ae,
578 3095 597 3133 τ.
617 3098 627 3132 1
644 3096 679 3147 ιι,
699 3096 719 3135 ο.
756 3080 795 3133 At
812 3079 882 3134 haec
899 3079 999 3135 fabula
1017 3097 1072 3134 non
1111 3096 1203 3133 rorsus
1230 3079 1260 3134 in
1283 3079 1357 3134 hunc
1375 3079 1416 3134 lo-

140 3170 204 3208 cum
236 3151 370 3221 quadrat,
403 3149 631 3220 quandoquidem
658 3149 704 3204 hic
731 3154 816 3221 poeta
843 3167 899 3205 non
926 3168 1054 3223 proceres
1107 3151 1229 3220 raeciae,
1264 3151 1312 3206 sed
1343 3150 1416 3206 filios

139 3223 225 3280 Aeaci
253 3222 383 3278 manibus
411 3221 532 3276 sublatis
560 3225 672 3276 orantes
699 3221 782 3289 facit,
806 3221 861 3276 nisi
884 3222 955 3277 forte
978 3222 1105 3278 homines
1149 3225 1290 3289 recantes,
1314 3221 1364 3291 qni
1386 3221 1416 3276 in

140 3295 280 3350 vestibulo
299 3292 402 3348 Aeacei
425 3291 561 3348 delineati
586 3296 668 3347 erant
692 3296 729 3361 (v.
748 3292 830 3348 Paua.
849 3313 869 3347 11
889 3311 922 3361 ro,
942 3300 964 3363 τ)
989 3298 1051 3349 tum
1075 3241 1189 3362 quiciem
1214 3292 1336 3348 Pindaro
1363 3292 1416 3348 tilii

140 3366 226 3422 Aeaci
252 3382 312 3421 esse
330 3364 512 3432 videbantur,
537 3367 637 3434 postea
660 3367 755 3419 autem
778 3383 828 3436 pro
847 3365 949 3490 legatis
969 3365 1139 3420 Graecarum
1158 3365 1316 3419 civitatium
1336 3365 1415 3419 auxi·

139 3437 209 3492 lium
232 3437 273 3508 pii
291 3436 377 3491 Aeaci
400 3436 617 3506 implorantibus
640 3435 684 3504 (N.
700 3454 750 3489 vm
765 3442 799 3505 ιο)
817 3453 871 3491 ven
891 3437 956 3491 iteti
975 3440 1054 3504 sunt,
1077 3454 1162 3506 quam
1180 3453 1239 3491 rem
1258 3436 1348 3491 fusius
1367 3453 1412 3491 ex·

139 3508 221 3578 posui
244 3510 273 3563 in
297 3508 371 3562 Stab.
392 3508 418 3562 d.
438 3508 464 3561 b.
484 3507 536 3561 Alr.
557 3512 625 3561 1895
648 3526 675 3589 p.
696 3525 721 3563 re
740 3525 774 3562 ss.
800 3540 832 3548 —
854 3513 894 3562 10.
914 3507 1067 3564 θέσσαντο·
1089 3508 1206 3578 ‘precati
1231 3509 1306 3562 sunt‘
1327 3507 1414 3579 vulgo

139 3584 265 3635 veterum
283 3579 528 3652 grammaticorum
549 3582 746 3633 auctoritatem
765 3579 853 3633 secuti
872 3578 1104 3649 interpretantur;
1124 3578 1255 3648 equidem
1273 3576 1415 3634 θέσσαντο

140 3668 228 3721 aeque
243 3654 329 3721 atque
342 3651 450 3705 θὲσσαν
465 3650 496 3705 0.
511 3669 521 3702 1
535 3666 561 3705 aa
575 3667 593 3704 a
606 3650 691 3704 verbo
705 3648 805 3718 τίθημι
820 3650 987 3705 descendere
1002 3651 1072 3705 duco
1087 3666 1177 3719 neque
1187 3651 1269 3705 video
1283 3668 1339 3719 quo
1353 3650 1413 3706 iure

139 3740 214 3778 nova
236 3726 266 3777 et
287 3723 417 3776 inaudita
440 3721 521 3775 radix
544 3726 598 3776 θεσ
621 3738 739 3792 graecae
763 3721 878 3790 linguae
904 3722 1078 3776 obtrudatur.
1116 3721 1190 3775 Nam
1214 3721 1262 3790 qui
1286 3722 1323 3775 ad
1342 3720 1416 3777 hanc

139 3794 317 3862 sententiam,
336 3811 421 3862 quam
440 3793 526 3848 etiam
541 3792 661 3863 Georgio
677 3791 772 3847 Curtio
787 3792 893 3861 Etym¹⁵
906 3810 946 3848 oso
959 3792 1099 3862 placuisse
1119 3793 1211 3860 miror,
1231 3793 1415 3864 comproban-

140 3866 206 3921 dam
224 3864 377 3921 afferuntur
395 3864 450 3919 loci
469 3863 561 3934 Apoll.
576 3867 641 3935 Arg.
656 3883 666 3917 1
680 3881 720 3919 aas
738 3867 768 3918 et
786 3863 951 3919 Callimachi
970 3865 1064 3933 hymn.
1079 3883 1107 3917 vr
1121 3881 1147 3918 ra
1161 3863 1416 3920 Alexandrinorum

138 3941 286 4008 poetarum
304 3941 382 4002 sunt,
405 3935 521 3990 Hesiodi
540 3938 636 3989 antem
654 3938 683 3990 et
702 3934 862 3990 Archilochi
881 3935 1002 3990 laciniae
1021 3935 1163 3990 breviores
1182 3938 1261 4002 sunt,
1280 3953 1364 4006 quam
1384 3940 1416 3990 ut

158 4009 293 4078 uidquam
312 4025 345 4062 ex
363 4007 398 4060 iis
418 4006 581 4074 concludas,
600 4010 690 4061 restat
707 4024 794 4061 unum
812 4006 990 4062 Homericum
1005 4006 1164 4070 ἀπόθεστος
1178 4006 1229 4061 Οδ.
1245 4029 1260 4076 ρ
1276 4024 1323 4076 aaa,
1338 4008 1414 4076 quod

138 4027 212 4134 δοῖεν
231 4079 364 4147 analogia
383 4077 513 4133 similiter
531 4082 617 4148 atque
635 4080 789 4141 deducturos
807 4094 940 4133 excusare
958 4078 1033 4133 malo
1052 4095 1137 4147 quam
1151 4079 1188 4132 ad
1203 4096 1306 4133 novam
1324 4096 1415 4149 neque

138 4152 168 4205 in
191 4151 291 4207 ceteris
315 4150 418 4219 linguis
438 4149 527 4204 Aricia
552 4152 716 4220 usurpatam
739 4149 863 4204 radicem
881 4155 933 4212 θες
951 4149 1130 4204 statuendam
1151 4150 1231 4204 abuti
1252 4181 1285 4192 -
1306 4157 1346 4204 12.
1367 4149 1415 4223 βία

140 4224 249 4277 bonoso
287 4221 469 4292 eriphrestice
487 4239 537 4292 pro
558 4225 665 4289 Φῶκος,
686 4221 759 4275 unde
778 4224 863 4292 poeta
881 4221 974 4292 pergit
992 4221 1006 4275 ό
1025 4229 1075 4284 τᾶς
1093 4226 1174 4287 θεοῦ,
1193 4221 1227 4276 cf.
1243 4221 1272 4276 P.
1288 4241 1317 4275 x1
1336 4239 1361 4277 or
1383 4254 1413 4262 -

140 4300 181 4350 13.
192 4241 319 4348 fabulam
333 4293 368 4346 de
383 4292 548 4347 Psamathia
562 4293 598 4347 ab
609 4294 701 4346 Aeaco
716 4296 812 4346 amata
826 4292 912 4348 latius
926 4294 1031 4346 tractat
1046 4291 1130 4347 schol.
1144 4292 1208 4346 Eur.
1220 4293 1352 4348 Androm.
1364 4309 1416 4347 aas:

139 4363 269 4436 μίγνυται
288 4365 390 4427 Αἰακὸς
410 4364 497 4434 Ψαμά
553 4372 587 4435 τη
602 4363 718 4432 Νηρέως
737 4364 776 4427 εἰς
795 4365 894 4433 φώκην
912 4363 1068 4436 ἠλλαγμένῃ
1087 4363 1186 4418 διὰτὸ
1205 4364 1241 4434 μὴ
1262 4364 1416 4436 βούλεσθαι

139 4441 301 4492 συνελθεῖν·
326 4437 374 4489 καλ
396 4444 493 4490 τεκνοῖ
529 4457 545 4490 κ
568 4437 671 4504 ταύτης
694 4437 783 4489 παῖδα
807 4437 856 4490 τὸν
876 4438 975 4489 Φῶκον
1012 4433 1044 4490 ὃν
1063 4434 1078 4489 ό
1098 4437 1208 4504 Πηλεὺς
1227 4437 1337 4489 ἀνεῖλεν
1357 4434 1414 4488 ἐπι-

140 4509 291 4576 βονλεόσας
310 4508 358 4561 διὰ
377 4508 409 4561 τὸ
428 4507 459 4561 ἐν
472 4516 530 4569 τοῖς
548 4509 635 4577 ἀγῶσι
654 4505 828 4576 διαφέροντα
851 4507 938 4561 αὐτόν
957 4479 1031 4561 είναι
1049 4506 1163 4576 Πηλέως
1182 4508 1230 4561 καί
1251 4510 1417 4575 Τελαμῶνος

139 4587 234 4635 -15.
258 4577 340 4633 λίπον
364 4576 463 4632 εόκλία
487 4587 585 4632 νᾶσον·
611 4581 807 4632 concesserunt
829 4576 964 4632 Telamon
983 4578 1139 4646 Salamina,
1163 4578 1263 4632 Peleus
1282 4576 1416 4631 Phthiam

139 4650 340 4719 Thessalicam,
354 4649 428 4719 pulsi
445 4667 462 4703 a
475 4649 567 4703 Furiis
581 4649 763 4720 parricidium
778 4649 992 4718 ulciscentibus3
1010 4668 1036 4705 v.
1052 4650 1137 4704 schol.
1153 4648 1231 4703 adh.
1246 4648 1264 4702 l.
1280 4652 1309 4703 et
1324 4649 1415 4719 Apoll.

139 4724 205 4793 Arg.
220 4740 268 4778 191
286 4755 318 4762 -
334 4727 375 4776 16,
391 4720 536 4791 στάσομαι·
552 4721 664 4792 egregie
680 4724 745 4774 ante
759 4720 813 4774 hoc
827 4720 943 4774 verbum
957 4724 1041 4791 poeta
1055 4738 1165 4775 cursum
1182 4737 1278 4774 versus
1293 4719 1415 4775 cateleri

139 4794 270 4848 inhibuit.
289 4792 331 4848 De
345 4810 374 4846 re
389 4792 452 4862 ipsa
466 4793 560 4847 confer
575 4791 606 4847 Ο.
622 4812 631 4844 ι
645 4809 671 4847 aa
686 4825 720 4832 -
736 4797 775 4845 19.
796 4791 827 4845 αἰ
843 4789 870 4845 δ’
889 4792 971 4917 ὄλβον
989 4796 1058 4847 κτλ.;
1080 4791 1271 4846 abominanda
1290 4792 1418 4847 facinora

142 4865 255 4920 silentio
274 4881 398 4935 premere
417 4863 504 4933 malo;
529 4868 559 4917 at
579 4864 602 4918 si
622 4864 656 4918 de
675 4863 872 4933 praedicandis
891 4881 920 4918 re
941 4881 974 4917 us
993 4864 1063 4919 bene
1081 4863 1169 4931 geslis
1189 4863 1294 4934 agitur,
1313 4881 1416 4935 magno
