3442 5550
217 411 281 475 ‘256
690 413 837 464 PlNDARl
856 414 1022 465 EPINIOIA.

271 573 307 651 ὃς
330 574 429 639 τάνδε
452 585 556 640 νᾶσον
579 572 689 639 εὐκλεί·
710 573 895 659 προσέθηκε
920 577 1006 661 λόγῳ

273 679 328 745 καὶ
352 683 473 765 σεμνὸν
498 680 651 763 ἀγλααῖσι
674 684 847 766 μερίμναις

218 804 251 851 70
270 792 408 853 Πυθίου
434 787 588 873 Θεάριον·
613 787 649 852 ἐν
672 785 708 852 δὲ
730 791 843 875 πεί-ρᾳ
866 787 958 864 τέλος

272 896 492 978 διαφαίνεται,
516 889 563 959 ὧν
587 918 637 970 τις
660 892 854 979 ἐξοχώτερος
878 894 1019 980 γένηται,

272 1126 308 1191 ἐν
330 1124 425 1191 παισὶ
448 1125 553 1191 νέοισι
576 1137 662 1207 ταῖς,
686 1125 722 1190 ἐν
746 1124 909 1211 ἀνδράσιν
933 1125 1043 1211 ά-νήρ,
1066 1129 1178 1211 τρίτον
1250 1126 1335 1193 Ἀντ.
1356 1126 1400 1192 δ’.
1450 1144 1503 1192 lac

277 1233 313 1298 ἐν
336 1232 572 1318 παλαιτέροισι,
595 1232 694 1317 μέρος
716 1231 853 1298 ἕκαστον
878 1225 966 1298 οἷ-ον
989 1236 1105 1317 ἔχομεν

272 1343 410 1426 βρότεον
433 1343 545 1416 ἔθνος·
570 1339 629 1426 ε’λᾷ
652 1337 689 1404 δὲ
712 1338 767 1404 καὶ
789 1339 949 1423 τέσσαρας
972 1339 1089 1425 άρετάς
1449 1360 1502 1405 rao

222 1465 253 1511 75
273 1447 290 1513 δ
313 1449 438 1532 μακρὸς
461 1449 569 1529 αί-ών,
594 1459 733 1531 φρονεῖν
757 1445 788 1511 δ’
814 1445 920 1511 ἐνέπει
943 1448 980 1512 τὸ
1003 1450 1251 1532 παρ-κείμενον·

274 1566 339 1619 τῶν
362 1554 423 1618 οὐκ
447 1555 573 1619 ἄπεσσι.
610 1565 717 1638 χαῖρε,
741 1558 846 1637 φίλος.
884 1553 947 1636 ἐγὼ
970 1556 1045 1619 τόδε
1068 1579 1119 1619 τοι

314 1788 356 1837 68.
377 1784 485 1837 stataet
501 1783 563 1836 BD
591 1814 625 1821 -
655 1787 695 1835 7⁶2.
721 1781 751 1835 ἐν
774 1779 802 1834 δ’
828 1782 909 1849 άνδρ.
933 1781 1006 1849 BD,
1039 1780 1066 1835 δ’
1087 1782 1154 1838 eiec.
1174 1782 1316 1837 Hermann
1344 1816 1377 1824 -
1406 1782 1504 1852 τρίτον

226 1855 307 1926 aya:
331 1851 457 1923 τρίτατος
475 1855 515 1922 Β,
540 1853 669 1920 τρίτατον
688 1854 730 1921 D,
758 1851 848 1921 τρίτος
867 1853 959 1924 Bergk
988 1885 1021 1893 -
1051 1860 1091 1909 74.
1111 1855 1163 1918 κάς
1181 1854 1316 1922 τέσσαρας
1334 1854 1437 1923 ἀρετάς
1456 1855 1503 1910 vel

223 1928 271 1979 καὶ
290 1924 401 1993 τετράδ’
424 1924 451 1988 ἐς
469 1926 570 1994 ἀρετᾶς
590 1942 664 1994 susp.
684 1924 776 1993 Bergk
795 1956 830 1963 —
851 1930 890 1980 75.
912 1924 926 1978 ὁ
945 1942 998 1979 om.
1019 1926 1092 1993 BD,
1104 1926 1177 1980 add.
1197 1944 1231 1981 ex
1249 1926 1335 1981 schol.
1355 1926 1441 1983 Trici.
1467 1959 1502 1968 -

223 1998 329 2067 μακρὸς
347 1997 391 2050 D:
417 1998 524 2059 θνατὸς
547 1999 574 2051 Β
598 2014 661 2050 cum
685 1995 846 2050 Aristarcho
876 2029 907 2036 -
936 1997 1019 2052 αίάνι
1049 1997 1101 2052 ἐών
1120 1998 1147 2051 Β
1176 2030 1207 2037 -
1238 2004 1279 2052 76.
1304 1998 1405 2053 ἄπεσσι
1428 1998 1502 2055 coni.

295 2164 337 2213 70.
356 2155 470 2212 Πυθίου
491 2156 624 2225 Θεάριον·
649 2156 748 2212 schol:
773 2155 846 2210 ἔστιν
870 2156 900 2209 ἐν
919 2155 1016 2228 Αἰγίνῃ
1036 2156 1150 2212 Πυθίου
1166 2156 1331 2221 ’Λπόλλωνος
1353 2156 1445 2227 ἱεράν,
1470 2159 1502 2214 ἐν

223 2224 244 2300 ᾧ
266 2229 292 2283 oi
310 2231 416 2297 θεωροὶ
435 2232 569 2300 διῃτῶντο
590 2228 616 2282 ολ
634 2227 669 2281 τά
688 2232 755 2283 θεῖα
775 2227 973 2297 φυλάσσοντες·
993 2230 1099 2297 θεωροὶ
1122 2228 1175 2300 γὰρ
1195 2230 1221 2284 ολ
1239 2230 1432 2300 θεοφάλαιιες·
1455 2230 1502 2283 cai

223 2299 384 2354 testimonio
414 2300 486 2354 adde
510 2300 679 2353 Pausaniam
699 2320 719 2352 11
738 2317 804 2365 aas
827 2299 948 2367 θεάριον
971 2299 1100 2354 Doricum
1124 2318 1220 2355 vocem
1247 2318 1309 2355 esse
1331 2301 1501 2355 tradentem.

224 2372 282 2424 lam
307 2372 382 2439 quod
406 2372 478 2425 alter
501 2372 654 2425 scholiasta
678 2372 798 2424 adnotat
820 2371 852 2424 τὸ
875 2369 906 2423 δὲ
928 2370 1050 2438 Θεάριον
1072 2370 1157 2435 τόπος
1185 2372 1215 2426 ἐν
1238 2373 1335 2445 Αἰγίνῃ
1359 2371 1500 2443 δημόσιος,

226 2442 299 2497 ἔνθα
317 2443 352 2496 τὰ
372 2442 520 2512 συμπόσια,
540 2460 573 2497 ex
590 2460 622 2498 eo
642 2443 791 2497 verisimile
810 2444 851 2510 fit,
870 2441 1068 2496 Aristoclidem
1085 2460 1141 2497 non
1160 2443 1250 2497 solum
1270 2443 1364 2499 sobria
1382 2443 1501 2499 consilia

226 2514 256 2567 in
275 2514 394 2584 collegio
414 2515 589 2568 sacerdotum
604 2514 723 2582 dedisse,
744 2514 791 2567 scd
807 2512 893 2567 etiarn
907 2513 1055 2568 victoriam
1070 2515 1130 2569 eius
1144 2514 1173 2568 in
1187 2514 1374 2569 conciliabulo
1389 2514 1501 2570 illerum

224 2586 402 2640 sacerdotum
421 2586 506 2639 lautis
526 2585 616 2655 epulis
636 2586 804 2639 celebratam
824 2600 936 2639 esse-
958 2590 999 2639 70.
1020 2586 1049 2639 ἐν
1069 2585 1099 2640 δὲ
1118 2585 1202 2661 πείρα
1220 2586 1307 2650 τέλος·
1332 2586 1367 2641 cf.
1387 2586 1419 2640 Ο.
1434 2606 1463 2640 ιτ
1476 2602 1502 2641 ιν

224 2660 253 2711 et
275 2657 376 2711 Herod.
396 2675 465 2711 vna
489 2656 546 2711 ἀπὸ
573 2655 670 2725 πείρης
697 2655 791 2709 πάντα
814 2657 991 2724 ἀνθρώποισι
1020 2656 1110 2725 φιλεέι
1136 2657 1274 2728 γίνεσθαι.
1319 2656 1501 2728 Experientia

224 2732 318 2782 autem
342 2728 476 2796 cernitur,
500 2728 601 2797 quibus
625 2727 742 2797 quisque
766 2727 796 2780 in
818 2727 902 2781 rebus
926 2728 1048 2782 excellat
1064 2728 1234 2799 virtutisque
1252 2730 1336 2783 finem
1355 2733 1500 2784 assecutus

224 2800 273 2869 sit,
293 2804 325 2853 ut
343 2817 412 2870 puer
430 2799 553 2854 emineat
576 2800 679 2853 virtute
698 2816 846 2869 puerorum
865 2800 978 2869 propria
997 2800 1042 2869 (cf.
1062 2800 1091 2854 P.
1111 2820 1138 2853 iv
1153 2806 1215 2869 aar),
1234 2801 1278 2854 vir
1296 2801 1428 2869 virorum,
1448 2805 1500 2855 ter·

223 2872 294 2925 tium
313 2870 424 2940 (τρίτον,
443 2889 498 2925 non
512 2869 613 2940 τρίτος)
628 2870 720 2925 senior
738 2869 877 2924 seniorum
892 2904 927 2910 -
943 2877 984 2926 73.
998 2870 1192 2941 παλαιτέροις,
1210 2872 1345 2943 intellego
1363 2871 1500 2937 homines,

224 2943 273 3012 qui
300 2943 508 3014 quinquaginta
536 2942 617 2996 annis
644 2942 763 2997 maiores
788 2941 844 2995 sint
866 2959 956 3010 neque
980 2946 1075 2996 tamen
1098 2960 1177 2997 senes
1201 2943 1258 2997 iam
1281 2943 1351 2998 t'aeti
1379 2942 1501 3014 publicis

223 3014 305 3068 rebus
333 3015 468 3070 interesse
496 3013 638 3068 desierint.
679 3014 711 3067 ln
738 3013 791 3067 hac
824 3018 918 3068 aetate
945 3019 1006 3067 tum
1038 3015 1172 3084 temporis
1199 3014 1384 3069 Aristoclides
1416 3013 1501 3069 luerit

223 3090 346 3156 oportet,
374 3104 504 3156 namque,
528 3085 656 3155 quamvis
681 3084 834 3138 eommunis
858 3085 904 3139 hic
934 3085 1011 3138 locus
1040 3085 1089 3152 sit,
1118 3090 1211 3140 tamen
1240 3084 1418 3140 Aristoclidis
1446 3086 1501 3141 vir·

223 3161 298 3213 tutes
317 3157 375 3211 iam
393 3159 527 3229 probatas
548 3157 660 3211 laudari
683 3157 713 3209 in
736 3160 832 3226 aperto
857 3158 907 3210 est.
945 3156 1003 3210 lam
1027 3174 1100 3225 quae
1124 3161 1278 3226 sequuntur
1296 3157 1384 3212 verba
1402 3157 1452 3232 ἐλᾷ
1471 3155 1501 3212 a

223 3230 271 3283 ael
295 3228 430 3298 τέσσαρας
452 3229 554 3297 ἀρετὰς
578 3233 633 3283 κτλ.
653 3232 746 3281 utrum
769 3228 902 3281 virtutem
926 3246 1035 3296 senum,
1059 3229 1108 3297 qui
1131 3229 1274 3283 hominurn
1298 3229 1501 3284 senescentium

222 3300 419 3369 (παλαιτέρων)
444 3304 566 3355 aetatem
590 3300 761 3369 superarint,
785 3298 939 3369 propriam,
963 3318 1000 3353 an
1024 3317 1198 3354 communem
1226 3300 1352 3370 aliquam
1378 3301 1501 3356 omnium

224 3375 359 3440 aetatum,
379 3390 451 3440 qnae
469 3372 559 3426 tribus
579 3371 731 3424 virtutibus
750 3387 898 3440 puerorum
915 3371 1136 3425 adulescentium
1150 3372 1273 3426 virorum
1291 3372 1413 3442 propriis
1431 3376 1502 3427 tam-

224 3460 310 3511 qnam
328 3448 429 3512 quarta¹
448 3444 573 3509 accedat,
593 3443 759 3512 significent,
779 3446 887 3496 veteres
906 3447 935 3495 et
952 3446 1077 3496 recentes
1096 3443 1262 3513 interpretes
1281 3444 1355 3498 inter
1373 3461 1404 3498 se
1420 3443 1502 3498 dissi·

224 3516 299 3568 dent.
327 3517 419 3583 Atque
435 3514 545 3568 facilior
559 3531 626 3567 sane
642 3516 670 3567 et
684 3513 775 3594 magis
790 3513 819 3566 in
834 3516 963 3583 promptu
978 3514 1071 3583 posita
1087 3515 1164 3583 prior
1182 3515 1323 3569 sententia
1341 3518 1394 3583 est,
1413 3531 1503 3585 neque

225 3603 286 3639 eam
306 3586 369 3640 ideo
388 3584 637 3654 derelinquendum
657 3602 717 3639 esse
736 3584 839 3652 indico,
858 3586 933 3654 quod
952 3585 1148 3654 Aristoclides,
1167 3586 1216 3655 qui
1236 3587 1272 3640 ab
1291 3586 1335 3640 his
1350 3585 1503 3641 virtutibus

224 3675 280 3711 non
303 3658 401 3711 abesse
425 3657 558 3710 landatur
581 3662 646 3726 (τῶν
670 3658 721 3711 οὐκ
746 3657 844 3710 ἄπεσσι
867 3675 893 3711 τ.
909 3660 957 3725 ss),
986 3674 1049 3709 cum
1074 3664 1204 3725 quartam
1232 3661 1355 3711 aetatem
1379 3659 1503 3713 nondum

224 3728 380 3797 attigisset,
410 3728 496 3782 etium
524 3728 636 3782 virtutis
665 3733 782 3796 quartae
811 3726 914 3781 aetatis
942 3728 1072 3797 propriae
1097 3746 1209 3799 compos
1238 3746 1298 3783 esse
1322 3747 1379 3783 non
1402 3728 1503 3800 potuit

223 3800 363 3853 Nimirum
390 3799 420 3853 in
447 3800 610 3853 laudatione
634 3799 771 3853 Pindarus
795 3817 812 3852 a
836 3798 924 3851 nimia
948 3799 1098 3869 diligentia
1122 3801 1292 3855 abhorrebat
1314 3804 1344 3854 et
1366 3801 1421 3856 hoc
1443 3801 1504 3856 loco

225 3871 312 3924 etiam
332 3871 423 3941 magis
442 3871 623 3943 neglegentia
641 3872 765 3940 quadam
784 3871 809 3924 ei
825 3871 866 3923 uti
885 3870 979 3939 licuit,
998 3873 1073 3938 qnod
1088 3871 1219 3926 extremis
1233 3872 1326 3926 verbis
1341 3881 1461 3941 φρονεῖν
1475 3869 1502 3926 δ’

223 3940 315 3996 ἐνέπει
334 3944 365 3996 τὸ
384 3948 573 4012 παρκείμενον
591 3946 627 4009 (v.
648 3947 683 4007 aa)
706 3960 761 3996 non
780 3942 871 3995 virtus
890 3943 984 4010 quarti
1003 3944 1107 4012 gradus
1127 3943 1244 4011 aetatis,
1268 3944 1286 3998 i.
1306 3961 1321 3998 e
1349 3943 1503 3999 senectutis

224 4014 339 4083 propria
358 4013 514 4084 exponitur,
534 4014 583 4067 sed
603 4015 687 4067 cardo
703 4018 731 4067 et
745 4013 870 4068 medulla
884 4014 1008 4068 omnium
1023 4018 1144 4083 quatuor
1159 4015 1302 4082 virtutum,
1322 4018 1354 4068 ut
1368 4015 1503 4081 homines,

224 4085 283 4139 sive
306 4086 385 4155 pueri
410 4086 469 4139 sive
489 4085 680 4140 adolescentes
700 4085 759 4138 sive
778 4085 832 4138 viri
851 4085 910 4138 sive
930 4103 1009 4139 senes
1029 4089 1106 4155 sunt,
1130 4086 1172 4155 id,
1199 4087 1274 4155 quod
1293 4087 1395 4156 cuique
1415 4085 1502 4153 acati

224 4158 399 4226 propositum
418 4160 468 4223 est,
487 4161 587 4226 petant
604 4160 688 4226 atque
708 4160 856 4212 sectentur.
890 4157 982 4227 Magis
1002 4160 1094 4211 autem
1114 4157 1187 4226 huie,
1207 4176 1292 4226 quam
1311 4175 1356 4212 me
1371 4156 1504 4229 amplecti

223 4230 322 4296 l'ateor,
343 4228 497 4283 sententiae
517 4228 648 4283 convenit
666 4229 836 4282 adiectivum
851 4229 956 4297 μακρὸς
970 4246 1054 4296 quam
1069 4230 1175 4291 θνατὸς
1193 4229 1265 4284 αἰών
1279 4233 1314 4297 (v.
1325 4232 1374 4299 rs);
1394 4247 1453 4299 qua
1471 4229 1504 4283 de

224 4317 323 4367 eausa,
346 4303 495 4369 postquam
519 4301 567 4354 diu
591 4317 694 4369 anceps
717 4300 810 4367 haesi,
835 4300 872 4352 ad
896 4304 1066 4369 postremum
1090 4300 1126 4353 ab
1150 4301 1321 4355 auctoritate
1340 4299 1503 4366 Aristarchi,

222 4376 345 4440 atquae
369 4372 399 4425 in
422 4371 543 4425 Pindaro
565 4371 651 4427 multo
679 4371 766 4425 levior
793 4371 830 4424 sit
852 4388 936 4440 quam
958 4372 987 4425 in
1008 4372 1140 4438 Homero,
1167 4373 1296 4425 recedere
1319 4389 1409 4427 ausus
1435 4390 1502 4427 snm.

223 4444 298 4497 Bene
322 4459 387 4497 xero
409 4442 632 4496 Hammeriehius
652 4461 744 4510 mens,
764 4442 916 4496 Comment.
941 4442 1009 4512 phil.
1029 4443 1102 4496 Mon.
1122 4462 1148 4512 p.
1170 4461 1221 4511 isa,
1240 4448 1331 4497 totam
1350 4445 1425 4498 hanc
1444 4462 1503 4499 sen·

222 4514 343 4569 tentiam
362 4513 476 4567 Pindari
496 4532 558 4568 cnm
577 4514 690 4583 placitis
705 4515 946 4583 Pythagoreorum
965 4514 999 4568 de
1019 4515 1194 4583 praestantia
1208 4515 1315 4568 numeri
1330 4513 1503 4583 quaternarii

224 4587 373 4640 cohaerere
387 4585 524 4655 exposuit.
550 4585 643 4639 Possis
658 4585 745 4639 etiam
759 4585 885 4639 Platonis
900 4588 1021 4653 quatuor
1035 4584 1153 4639 virtutes
1169 4585 1354 4655 σωφροσύνην
1369 4589 1504 4656 ἀνδρείαν

224 4657 329 4726 σοφίαι
358 4658 540 4726 δικαιοσύνην
563 4656 617 4710 huc
641 4658 765 4725 trahere,
794 4674 964 4726 quamquam
987 4674 1004 4710 a
1027 4662 1123 4711 nostro
1147 4662 1231 4727 poeta
1258 4656 1445 4730 philosophus
1473 4674 1503 4711 eo

224 4728 353 4797 discedit,
373 4729 448 4798 quod
466 4729 606 4783 iustitiam
625 4728 711 4781 trium
729 4729 852 4799 priorum
872 4728 1007 4782 virtutum
1026 4729 1240 4783 moderatricem
1259 4746 1320 4783 esse
1339 4731 1440 4786 voluit.

297 4807 338 4855 76.
359 4809 452 4869 χαῖρε,
472 4800 551 4866 vule;
570 4801 622 4854 hoc
642 4801 726 4854 verbo
745 4804 830 4870 poeta
848 4800 936 4854 etiam
954 4799 983 4854 P.
1003 4819 1024 4852 11
1038 4817 1063 4855 cr
1088 4800 1281 4855 laudationem
1304 4806 1333 4855 et
1352 4818 1368 4855 e
1390 4801 1504 4857 inicium

227 4890 339 4927 carmen
367 4872 487 4945 claudit,
516 4872 572 4927 iarn
595 4871 677 4927 addit
699 4890 803 4945 pauca,
832 4888 904 4942 quae
928 4872 965 4927 ad
987 4890 1094 4927 moram
1118 4873 1308 4927 excusandam
1330 4891 1348 4929 τ
1381 4876 1450 4929 eant
1472 4902 1503 4913 -·
