3442 5550
313 377 399 430 LXVI
818 377 1094 429 PROLEGOMENA.

314 540 403 604 feriis
437 539 570 604 deorum
601 539 801 623 heroumque
839 538 956 602 adiecti
993 560 1062 603 esse
1096 536 1256 602 videntur.
1312 536 1421 622 Atque
1453 538 1595 621 primum

316 647 455 711 Doricae
479 646 638 730 civitates
667 650 702 709 ut
727 667 808 729 quae
832 644 991 730 gymnicis
1015 643 1302 709 exercitationibus
1326 644 1465 709 maxime
1490 647 1596 710 stude

314 758 388 817 rent
406 758 440 818 et
458 752 548 818 feriis
567 753 700 816 deorum
720 751 885 836 splendide
900 751 1093 816 exornandis
1108 774 1268 816 summam
1284 773 1415 836 operam
1429 758 1597 837 navarent,

314 883 417 926 novos
440 860 534 924 ludos
557 859 728 923 instituere
753 863 940 944 coeperunt,
968 863 1083 943 postea
1112 863 1220 922 autern
1244 858 1343 923 etiam
1366 858 1496 925 Ionicae
1521 861 1596 925 civi·

314 972 400 1033 tates
425 990 498 1033 cum
523 966 604 1030 aliae
628 970 699 1030 tum
722 964 932 1030 Atheniensis
956 965 1099 1030 Doribus
1122 964 1265 1030 inferiis
1285 966 1417 1031 deorum
1437 968 1594 1053 augendis

316 1081 350 1140 et
374 1074 609 1161 amplificandis
633 1074 743 1138 cedere
766 1073 949 1138 noluerunt.

402 1200 453 1265 Ex
481 1198 580 1264 variis
608 1198 849 1263 discriminibus
876 1198 1036 1284 ludorum,
1069 1221 1151 1283 quae
1178 1199 1299 1283 partim
1325 1199 1400 1263 inde
1428 1200 1469 1264 ab
1497 1200 1594 1265 initio

313 1307 459 1392 fuerunt,
486 1306 605 1392 partim
634 1310 818 1390 temporum
845 1306 981 1370 decursu
1010 1310 1082 1370 orta
1106 1312 1195 1391 sunt,
1218 1306 1281 1370 duo
1304 1306 1461 1371 hocloco
1486 1306 1596 1371 adum-

315 1415 410 1480 brare
434 1415 540 1480 visum
564 1418 623 1494 est,
646 1413 780 1478 tertium
807 1412 893 1478 infra
921 1413 1185 1478 examinabimus.
1230 1413 1377 1478 Primum
1400 1413 1441 1478 ad
1464 1417 1593 1498 tempus

313 1522 467 1608 pertinet,
499 1521 585 1606 quod
613 1520 698 1585 inter
725 1519 872 1606 singulos
900 1520 993 1584 ludos
1021 1519 1274 1585 intericiebatur.
1320 1520 1387 1585 Alii
1416 1520 1502 1586 enim
1525 1520 1594 1586 ludi

257 1636 261 1665 ²
313 1635 407 1694 erant
429 1628 542 1712 annui,
566 1632 603 1691 ut
626 1627 735 1711 Iolaii,
758 1626 814 1691 alii
838 1626 992 1692 trieterici
1001 1624 1041 1711 ¹),
1065 1631 1101 1690 ut
1120 1626 1270 1693 Isthmici
1294 1632 1327 1692 et
1351 1626 1514 1712 Nemeaei,
1538 1628 1594 1692 alii

255 1783 258 1791 ·
318 1732 555 1822 penteterici1),
575 1739 611 1798 ut
626 1733 787 1819 Olympici
806 1740 839 1799 et
853 1732 972 1818 Pythii.
1003 1733 1156 1798 Ordinem
1176 1739 1284 1799 autem
1304 1734 1504 1800 trietericum
1519 1757 1594 1800 cum
1651 1780 1657 1791 «

313 1849 444 1908 vetusta
458 1849 641 1928 temporum
659 1840 862 1906 ordinatione
877 1846 910 1905 et
924 1863 1033 1906 mense
1048 1841 1233 1906 intercalari
1249 1841 1347 1906 tertio
1363 1863 1491 1926 quoque
1507 1864 1592 1907 anno

314 1950 392 2014 olim
408 1949 576 2014 duodecim
591 1948 756 2013 mensibus
773 1947 941 2012 lunaribus
960 1947 1035 2012 anui
1055 1947 1180 2012 adiecto
1200 1949 1369 2012 cohaerere
1387 1948 1453 2012 iam
1468 1952 1594 2013 veteres

313 2055 567 2142 chronographi,
601 2055 756 2120 Geminus
785 2058 804 2120 6
836 2061 869 2119 et
897 2054 1093 2120 Censorinus
1124 2056 1178 2139 18,
1210 2055 1327 2119 merito
1365 2054 1594 2141 statuemut.²)

313 2163 435 2228 Idonea
458 2184 533 2227 vero
561 2162 700 2227 maxime
728 2164 768 2227 ad
795 2163 891 2226 ludos
916 2162 1083 2248 gymnicos
1110 2161 1275 2226 faciendos
1298 2161 1491 2227 videbantur
1515 2167 1595 2228 tem-

313 2292 393 2354 pora
417 2273 473 2333 aut
496 2270 620 2334 mediae
640 2269 788 2354 aestatis,
811 2269 970 2333 mensium
989 2268 1065 2332 Iulii
1085 2274 1118 2333 et
1137 2267 1293 2355 Augusti,
1316 2291 1380 2354 qua
1399 2274 1594 2354 tempestate

315 2376 466 2460 Olympia
498 2382 531 2441 et
563 2376 683 2462 Pythia
721 2381 794 2442 acta
831 2399 901 2441 esse
938 2380 1080 2459 constat,
1118 2381 1175 2440 aut
1207 2377 1305 2441 medii
1336 2377 1435 2462 veris,
1471 2379 1593 2442 mensis

314 2483 445 2567 Aprilis
487 2484 597 2567 Atque
621 2483 646 2547 si
672 2488 901 2567 tempestatem
925 2483 1001 2547 anni
1024 2483 1131 2566 ipsam
1155 2488 1296 2569 spectas,
1319 2483 1403 2548 veris
1427 2506 1482 2549 aer
1500 2507 1594 2570 vege

313 2595 367 2654 tus
387 2591 493 2655 calore
513 2590 647 2655 aestatis
667 2590 774 2674 aptior
792 2589 1018 2675 proculdubio
1034 2595 1117 2675 erat3
1141 2591 1168 2655 si
1182 2590 1285 2654 nihilo
1299 2591 1407 2655 minus
1423 2590 1593 2676 Olympiae

314 2701 346 2761 et
370 2697 571 2782 Delphorum
595 2703 628 2762 et
651 2696 792 2762 Nemeae
819 2697 1003 2761 sacerdotes
1028 2697 1151 2762 caelum
1176 2698 1334 2762 aestivum
1357 2697 1593 2783 praeferebant,

313 2804 432 2888 partim
455 2805 517 2869 hoc
541 2828 580 2869 ex
600 2804 827 2868 astronomicis
844 2803 1032 2868 rationibus·
1048 2804 1187 2887 annique
1207 2803 1321 2870 Gracci
1340 2805 1449 2888 initi0,
1472 2805 1592 2888 partim

312 2933 351 2975 ex
376 2915 521 2995 tempore
543 2912 672 2995 messis,
696 2933 760 2995 qua
782 2910 927 2995 perfecta
945 2910 1007 2975 diis
1026 2912 1253 2996 operabantur,
1276 2911 1501 2996 explicandum
1521 2934 1591 2978 esse

313 3017 448 3083 videtur.
486 3018 657 3083 Praeterea
680 3022 713 3082 et
736 3017 856 3082 rationi
879 3023 912 3081 et
934 3017 1008 3082 usui
1032 3024 1283 3083 consentaneum
1306 3040 1377 3083 esse
1396 3019 1532 3104 videtur,
1555 3024 1593 3084 ut

312 3126 406 3190 ludos
434 3127 564 3191 eosdem
593 3126 705 3191 eodem
733 3147 861 3209 quoquc
885 3147 1013 3209 semper
1035 3128 1181 3210 tempore
1205 3125 1281 3189 anni
1304 3126 1410 3191 factos
1434 3148 1503 3191 esse
1527 3148 1592 3191 cre

313 3234 436 3298 damus.
486 3233 537 3297 Ab
570 3233 632 3298 hoc
665 3237 773 3296 autem
807 3231 917 3296 ordine
950 3231 1124 3298 Isthmicos
1155 3237 1188 3296 et
1215 3231 1395 3298 Nemeaeus
1423 3232 1592 3310 ludosre

314 3340 449 3404 cessisse
473 3339 550 3403 olim
574 3340 735 3424 putabant
754 3336 910 3423 Scaligeri
930 3344 963 3403 et
981 3339 1122 3404 Corsinii
1143 3340 1373 3404 auctoritatem
1396 3341 1513 3424 secuti,
1536 3341 1591 3426 qui

312 3445 373 3509 hos
401 3446 494 3510 ludos
523 3445 657 3511 alternis
681 3445 806 3509 vicibus
834 3445 940 3509 hieme
968 3451 1001 3510 et
1029 3451 1151 3510 aestate
1183 3451 1273 3511 actos
1302 3470 1372 3512 esse
1396 3452 1591 3512 statuerunt.

313 3551 359 3616 At
378 3558 491 3617 nostra
510 3552 667 3618 memoria
685 3552 764 3616 haec
783 3552 949 3617 distinctio
971 3553 1182 3617 hibernorum
1201 3559 1234 3617 et
1247 3554 1446 3618 aestivorum
1460 3554 1592 3619 Isthmi·

315 3681 407 3724 orum
432 3664 464 3723 et
488 3658 686 3724 Nemeorum
709 3660 857 3724 acumine
881 3659 1012 3745 Georgii
1037 3657 1161 3745 Ungeri
1180 3660 1312 3744 explosa
1335 3665 1398 3744 est,
1421 3660 1477 3744 qui
1501 3684 1592 3727 accu-

256 3794 260 3855 ς
315 3766 478 3831 ratissima
493 3766 719 3850 disquisitione
735 3765 898 3830 Nemeaea
914 3788 1040 3851 semper
1059 3789 1168 3831 mense
1182 3766 1287 3850 Iunio,
1306 3765 1447 3832 Isthmia
1465 3791 1593 3854 semper

259 3952 262 3961 Ι
315 3895 425 3937 mense
448 3873 555 3959 Aprili
583 3878 657 3939 acta
684 3896 753 3938 csse
781 3873 885 3938 evicit.
932 3874 1022 3938 ldem
1050 3874 1163 3939 turbas
1186 3873 1281 3960 istas,
1310 3897 1392 3959 quae
1416 3875 1456 3939 ad
1479 3876 1592 3941 distin-

316 3981 462 4067 guendos
485 3981 639 4046 hibernos
659 3986 692 4046 et
711 3981 851 4046 aestivos
870 3978 963 4045 ludos
984 3982 1154 4067 ducebant,
1177 4004 1216 4046 ex
1235 4005 1287 4067 co,
1310 3982 1395 4067 quod
1414 3983 1594 4067 imperator

343 4316 349 4327 ο
405 4250 437 4369 lp(
451 4246 531 4300 Nach
559 4263 673 4301 unserer
700 4244 816 4300 Zithlart
843 4246 1028 4302 behanntlich
1058 4247 1125 4303 ‘alle
1153 4248 1220 4302 zwoi
1249 4249 1317 4304 oder
1345 4247 1401 4303 alle
1425 4248 1484 4304 vier
1506 4249 1592 4304 Jahrc

314 4317 418 4370 wieder
438 4317 559 4372 ehrende
577 4318 680 4373 Feste’.

405 4414 432 4471 2)
443 4406 610 4462 Censorinus
620 4406 638 4462 l.
645 4408 663 4462 l.
672 4408 856 4461 tetrasterida
864 4425 974 4477 quoque
983 4408 1042 4463 sive
1052 4409 1149 4463 orbem
1158 4411 1280 4476 quatuor
1289 4426 1425 4463 annorum
1436 4410 1473 4463 ad
1482 4427 1593 4465 menses

316 4476 525 4532 intercalandos
544 4478 713 4548 pertinuisse
732 4479 875 4547 opinatur:
892 4487 986 4549 posteo
1004 4483 1111 4550 coquito
1129 4498 1217 4534 errore
1237 4483 1406 4549 (cristestes)
1421 4483 1471 4536 boc
1488 4490 1593 4552 tempus

315 4552 494 4618 drrplicoruat
515 4557 539 4603 et
558 4552 731 4605 tetrarteridu
748 4553 870 4616 fecerunt
885 4596 889 4605 .
907 4596 912 4605 .
929 4595 934 4605 .
950 4569 1033 4620 quare
1052 4570 1123 4622 upon
1141 4559 1166 4606 et
1189 4554 1219 4604 iu
1239 4551 1322 4605 Elide
1340 4553 1402 4607 Ioci
1423 4553 1549 4623 Olympio
1568 4562 1592 4607 el-

315 4621 419 4675 Romoc
440 4622 595 4690 Capitolino
618 4623 713 4690 (primo
737 4640 839 4691 putoque
856 4640 931 4677 anno
949 4624 1075 4677 redeunte
1093 4625 1249 4677 celebratur.
1287 4623 1341 4677 Sed
1362 4624 1414 4678 hoc
1433 4641 1512 4678 secus
1531 4642 1592 4678 esse

315 4696 345 4745 et
367 4691 563 4762 pentaeterida
588 4693 720 4746 feriarum
739 4709 772 4745 ex
792 4710 833 4761 eo,
857 4694 931 4760 quod
952 4693 1055 4763 duplex
1073 4693 1253 4747 interuallum
1275 4693 1348 4748 inter
1367 4694 1492 4766 singulos
1511 4695 1592 4749 ludos

314 4763 486 4818 intercedere
512 4762 660 4831 voluerint,
686 4767 777 4817 ortam
803 4780 864 4818 esse
889 4764 942 4819 viri
967 4766 1067 4819 harum
1092 4782 1184 4819 rerum
1202 4764 1287 4834 periti
1306 4766 1420 4834 docent;
1446 4786 1471 4820 r.
1488 4766 1589 4837 Unger,

314 4834 520 4905 Zeitrcchnung
539 4835 589 4888 der
606 4835 743 4890 Grieehen
764 4854 789 4891 u.
809 4836 919 4906 Rbmer,
939 4836 967 4889 in
986 4837 1096 4891 Handb,
1113 4837 1138 4891 d.
1154 4837 1239 4893 klass.
1255 4837 1311 4893 Alt.
1327 4839 1348 4890 ι’
1364 4845 1422 4893 732.
