3442 5550
631 1350 798 1404 ΙΣΘΜΙΟΝ.
818 1349 866 1405 Η’,

349 1513 750 1600 ΚΛΕΑΝΔΡΩι
788 1514 1149 1600 ΑΙΓΙΝΗΤΗι

634 1709 864 1761 ΠΑΓΚΒΑΤΙΩι.

195 3476 320 3537 Carmen
353 3477 408 3537 hoo
441 3477 689 3554 pulcherrimum,
722 3477 753 3535 in
784 3477 926 3536 honorem
959 3475 1098 3536 Cleandri
1128 3476 1297 3537 Telesarohi
1329 3477 1384 3538 filii

106 3567 271 3646 Aeginetae
295 3566 495 3643 compositum
523 3586 597 3625 num
622 3571 701 3626 reoto
725 3566 804 3625 inter
826 3565 970 3625 Isthmioa
992 3565 1122 3642 epinicia
1144 3566 1275 3626 relatum
1298 3568 1346 3644 sit,
1366 3588 1384 3627 a

106 3656 256 3717 Boeokhio
289 3657 461 3716 dubitatum
493 3659 547 3717 est.
593 3656 671 3714 Nam
701 3675 769 3715 oum
802 3673 889 3714 versu
920 3658 1028 3731 quarto
1058 3659 1149 3732 poeta
1177 3656 1233 3716 hoo
1264 3675 1383 3717 carmen

106 3745 234 3804 duarum
253 3747 457 3824 victoriarum,
476 3745 635 3804 Isthmioae
654 3746 685 3805 et
703 3745 877 3822 Nemeae,
901 3744 1068 3820 praemium
1087 3763 1150 3804 esse
1173 3745 1262 3822 dieat,
1286 3766 1382 3823 neque

105 3834 187 3911 qnod
217 3824 360 3895 Istbmioa
387 3835 515 3894 victoria
542 3834 640 3910 priore
668 3835 733 3894 loeo
756 3834 856 3910 posita
879 3837 937 3911 est,
960 3835 1090 3892 multum
1112 3835 1251 3910 ponderis
1274 3835 1382 3895 habere

106 3924 253 4002 videatur,
277 3944 371 4000 aequo
396 3924 458 3982 iure
483 3924 539 3983 hoo
562 3943 681 3984 carmon
704 3923 742 3983 ad
765 3923 938 3982 Isthmicum
957 3943 1048 3999 quam
1067 3923 1106 3981 ad
1124 3923 1305 3984 Nemeaeam
1323 3925 1382 3985 vio·

105 4012 215 4072 toriam
247 4014 326 4072 trahi
359 4013 483 4073 censuit.
529 4012 594 4071 Iam
625 4033 693 4072 oum
724 4013 803 4072 idem
831 4013 878 4071 vir
907 4012 1090 4072 clarissimus
1117 4013 1231 4072 Nemea
1259 4013 1384 4073 hiberna

107 4101 152 4161 01.
170 4106 220 4180 75,
242 4105 259 4161 2
280 4105 363 4162 sexto
386 4103 447 4161 iere
470 4121 570 4161 mense
594 4106 663 4178 post
685 4102 885 4163 obsessionem
908 4101 1077 4162 Thebarum
1101 4105 1170 4161 aota
1193 4121 1256 4162 esse
1280 4104 1383 4179 opina·

105 4194 190 4251 retur
219 4194 250 4250 et
279 4192 490 4271 gravissimum
519 4192 633 4250 luctum
656 4211 704 4251 vv.
727 4202 815 4250 6-13
842 4209 1014 4267 expressum
1045 4191 1156 4267 optime
1185 4191 1217 4250 in
1247 4195 1384 4268 tempora

105 4280 242 4356 proxima
264 4285 334 4357 post
355 4300 490 4359 pugnam
512 4280 718 4340 Plataeensem
741 4281 889 4357 quadrare
917 4281 1115 4358 existimaret,
1144 4280 1302 4341 victoriam
1325 4282 1385 4341 Ne·

105 4389 253 4447 medeam,
282 4390 341 4429 non
364 4369 539 4428 Isthmicum
562 4373 669 4446 poetae
691 4371 747 4431 hoo
770 4389 888 4431 oarmen
912 4369 1058 4430 scribendi
1082 4389 1187 4430 ansam
1209 4370 1383 4447 praebuisse

106 4462 223 4518 statuit.
268 4460 309 4518 At
332 4459 412 4518 omni
435 4459 505 4518 buia
529 4460 783 4536 argumentationi
807 4459 1036 4519 indumentum
1059 4459 1247 4519 subtractum
1270 4463 1317 4519 est
1338 4460 1397 4519 dis

106 4548 264 4608 stinotione
288 4549 481 4607 hibernorum
500 4552 531 4606 et
549 4549 731 4609 aestivorum
754 4550 935 4609 Nemeorum
953 4549 1081 4610 sublata.
1120 4548 1232 4619 Quodsi
1251 4550 1383 4611 calculos

106 4636 143 4696 ab
167 4637 287 4717 Ungero
316 4637 466 4696 stabilitos
494 4638 647 4712 sequimur
674 4631 716 4719 (v.
739 4639 818 4698 Prol.
841 4632 928 4719 nxvr)
957 4642 988 4698 et
1014 4658 1149 4717 pugnam
1176 4639 1383 4700 Plataeensem

106 4746 205 4786 mense
236 4725 403 4803 Septembri
434 4725 505 4783 anni
529 4728 593 4787 479
617 4728 729 4786 factam
759 4746 822 4787 esse
852 4728 999 4788 oredimus
1029 4721 1070 4807 (v.
1094 4727 1382 4806 Plut.Aristid.19,

106 4816 222 4875 Camill.
245 4810 302 4897 19),
320 4814 448 4891 proximi
466 4814 531 4873 ludi
550 4821 619 4893 post
637 4835 771 4894 pugnam
790 4817 996 4878 Plataeensem
1014 4820 1101 4877 erant
1124 4818 1259 4878 Isthmioi
1281 4837 1382 4879 mense

1117 4917 1169 4970 es·
