3442 5550
477 422 511 477 II.
541 424 591 473 DE
609 423 703 473 ARTE
721 424 1055 480 METRICAPINDARI.
1343 421 1407 476 XXI

121 583 240 648 deinde
255 583 283 648 si
299 585 420 649 alacres
435 585 555 671 dactyli
571 584 755 651 trochaeive
769 586 802 649 in
819 586 966 650 sedatum
981 586 1160 670 spondeum
1172 591 1360 674 excurrunt,
1372 591 1410 653 ut

414 752 720 779 o.cc-a-c-
774 708 996 798 -(I.v11l)

504 860 789 887 ΗΜΛ-
826 879 843 886 ,
902 816 1102 904 (llxrvl),

121 942 263 1026 denique
297 943 324 1007 si
358 965 469 1008 cursus
500 965 710 1008 numerorum
743 943 803 1006 sub
834 944 932 1007 finem
960 942 1150 1026 inflectitur,
1182 947 1220 1007 ut
1248 944 1339 1028 quasi
1369 945 1407 1008 de

121 1049 259 1134 fastigio
282 1049 317 1112 iu
341 1049 457 1114 vallem
481 1049 672 1115 descendere
696 1049 858 1135 videatur,
881 1054 918 1112 ut

436 1203 966 1243 20--2o--.=o-2oo
1013 1172 1171 1262 (P.1v7)

391 1312 675 1351 onoma-
737 1310 837 1351 :occ
896 1278 1070 1368 (N.1vl).

213 1424 256 1509 li,
284 1446 365 1509 quos
393 1425 489 1490 modo
517 1424 761 1510 descripsimus,
788 1448 899 1491 versus
927 1423 1068 1509 speciem
1092 1424 1312 1510 perfectorum
1339 1449 1407 1492 ver-

121 1555 220 1597 suum
235 1530 300 1616 ipsi
318 1554 395 1616 prae
414 1554 449 1596 se
468 1531 590 1616 ferunt3
609 1531 666 1597 sed
684 1536 760 1597 sunt
780 1531 836 1596 alii
855 1553 980 1614 versus,
1000 1553 1082 1616 quos
1102 1538 1139 1596 ut
1153 1534 1315 1617 perfectos
1335 1557 1405 1600 esse

120 1638 368 1724 intellegamus,
395 1639 493 1722 ratio,
517 1662 599 1724 quae
623 1639 663 1704 iis
687 1661 760 1704 cum
783 1639 932 1724 proximo
956 1661 1085 1723 quoque
1103 1661 1197 1704 versu
1216 1640 1406 1726 intercedat,

119 1746 218 1811 nobis
255 1746 431 1831 spectanda
467 1750 530 1831 est,
567 1769 665 1832 quam
701 1746 862 1811 rationem
896 1750 931 1810 ut
971 1768 1220 1833 cognoscamus,
1260 1747 1404 1831 primum

120 1875 278 1937 quaerere
297 1876 358 1918 nos
377 1858 520 1938 oportet,
539 1876 603 1937 quo
623 1853 753 1917 tandem
773 1853 867 1918 modo
888 1875 1000 1919 versus
1019 1876 1089 1919 sese
1108 1854 1253 1939 excipere
1268 1854 1403 1921 soleant.

120 1960 232 2045 Atque
265 1960 392 2046 legibus
423 1960 529 2025 iustae
562 1960 808 2044 compositionis
842 1961 964 2045 optime
997 1982 1036 2024 ea
1067 1960 1210 2025 carmina
1243 1961 1404 2026 contineri

121 2069 287 2153 videntur,
309 2068 344 2132 in
368 2068 484 2151 quibus
508 2066 598 2153 prior
622 2067 756 2153 quisque
777 2089 889 2132 versus
909 2067 950 2132 ab
969 2067 1159 2152 insequente
1178 2068 1227 2132 ita
1245 2068 1403 2134 discretus

121 2180 189 2259 est,
207 2180 244 2241 ut
261 2198 382 2260 pausae
401 2176 491 2242 locus
506 2174 630 2239 medius
646 2174 777 2239 relictus
792 2174 844 2238 sit.
877 2174 949 2239 Hoc
964 2180 1073 2239 autem
1087 2174 1207 2260 duplici
1222 2176 1318 2241 modo
1333 2176 1403 2241 fieri

122 2304 235 2366 posse,
257 2283 413 2366 exemplis
435 2281 608 2347 illustrabo
629 2304 781 2346 versuum
801 2281 1191 2366 dactylo-epitriticorum
1209 2281 1249 2346 N.
1264 2301 1301 2346 1x
1316 2285 1402 2351 2-3

121 2941 236 3007 Priore
268 2943 355 3008 enim
385 2944 458 3009 loco
487 2944 585 3029 primi
612 2966 724 3009 versus
753 2943 887 3009 extremi
915 2941 1007 3027 pedis
1036 2943 1151 3008 ultima
1178 2967 1267 3029 pars,
1300 2946 1403 3010 altero

120 3050 197 3115 loco
225 3050 357 3116 secundi
384 3073 497 3115 versus
524 3051 621 3136 primi
648 3051 740 3136 pedis
767 3051 856 3136 prior
883 3071 958 3134 pars
983 3050 1086 3134 deest,
1113 3051 1197 3115 unde
1220 3050 1295 3116 illos
1319 3057 1405 3117 cata-

120 3156 271 3241 lecticos,
301 3156 363 3221 hos
395 3157 567 3245 acephalos
600 3180 712 3223 versus
746 3157 889 3222 dicimus.
934 3154 1068 3220 Talibus
1101 3156 1135 3220 in
1163 3157 1310 3223 versibus
1338 3182 1404 3224 non

122 3262 222 3327 modo
254 3284 318 3346 quo
350 3263 423 3328 loco
455 3285 568 3327 versus
597 3261 730 3326 finiatur
757 3267 790 3327 et
817 3267 987 3327 cantorum
1015 3266 1148 3347 pectora
1175 3264 1305 3330 silentio
1334 3268 1405 3330 rcfi·

122 3370 264 3453 ciautur,
296 3370 351 3435 sed
384 3369 484 3433 etiam
517 3374 597 3453 quot
629 3374 777 3454 tempora
808 3368 919 3433 inania
945 3369 1002 3433 illa
1029 3391 1132 3453 pausa
1159 3371 1403 3459 complectatur,

123 3480 215 3540 certo
242 3476 368 3541 definiri
395 3481 513 3561 potest.
560 3478 668 3561 Atque
692 3475 738 3541 sic
762 3475 940 3560 comparati
954 3475 993 3539 -si
1017 3499 1128 3540 omnes
1152 3499 1263 3543 versus
1287 3486 1404 3563 essent,

122 3583 157 3647 in
196 3582 371 3648 schematis
408 3583 553 3649 metricis
589 3606 656 3648 non
697 3583 803 3648 solum
842 3583 1041 3666 syllabarum
1078 3584 1271 3666 quant'tatis
1308 3593 1404 3652 notas

121 3690 320 3775 posuissem,
339 3691 394 3755 sed
414 3690 513 3756 etiam
532 3691 736 3755 silentiorum
751 3690 817 3755 sive
832 3695 1014 3774 temporum
1028 3689 1183 3755 inanium.
1211 3691 1257 3757 At
1275 3697 1405 3757 tantum

123 3798 233 3880 abest,
259 3801 296 3861 ut
324 3796 475 3861 omuibus
503 3798 538 3862 in
564 3798 711 3863 versibus
737 3820 856 3883 pausae
880 3802 987 3861 certus
1010 3797 1102 3862 locus
1126 3797 1258 3864 relictus
1283 3800 1340 3885 sit,
1368 3805 1405 3865 ut

122 3904 158 3968 in
192 3903 390 3968 carminibus
423 3903 749 3991 dactylo-epitriticis
779 3926 881 3989 paene
909 3903 1013 3968 maior
1041 3904 1085 3968 sit
1112 3927 1264 3970 numerus
1292 3930 1405 3973 eorum
1438 3958 1446 3972 .

123 4033 291 4095 versuum,
318 4010 374 4094 qui
401 4010 492 4075 nulla
519 4033 611 4076 mora
637 4010 832 4096 interposita
857 4032 926 4075 sese
950 4011 1121 4096 excipiant.
1167 4010 1259 4088 Quod
1283 4020 1320 4078 ut
1343 4015 1405 4079 tibi

122 4118 331 4204 persuadeas,
354 4117 508 4202 inspicias
532 4119 627 4183 modo
651 4118 820 4203 stropham
844 4119 923 4183 odae
947 4117 1135 4204 Olympicae
1159 4120 1289 4206 tertiae,
1312 4123 1405 4187 cuius

123 4231 265 4311 quatuor
281 4225 408 4311 priores
426 4246 539 4290 versus
558 4224 721 4290 continuis
739 4226 882 4290 numeris
902 4226 1090 4311 decurrunt,
1107 4227 1157 4291 vel
1178 4227 1405 4314 longissimam

123 4334 221 4398 odam
245 4333 400 4417 Pythiam
430 4336 593 4417 quartam,
626 4333 717 4399 cuius
749 4338 783 4396 et
814 4332 848 4396 in
875 4332 1012 4417 stropha
1039 4337 1073 4397 et
1099 4333 1134 4397 in
1162 4334 1265 4420 epodo
1293 4359 1405 4401 versus

123 4443 214 4507 3-5
235 4440 283 4504 ita
305 4439 494 4524 cohaerent,
517 4444 555 4504 ut
576 4439 659 4504 nihil
683 4439 781 4525 spatii
804 4439 911 4503 inanis
929 4439 1016 4504 inter
1035 4463 1090 4505 eos
1109 4441 1315 4508 interiectum
1335 4465 1405 4508 esse

124 4547 279 4612 videatur.
326 4547 483 4623 Quamvis
511 4551 620 4611 autem
648 4548 729 4611 tales
758 4569 884 4631 versus,
912 4547 1029 4630 quibus
1058 4547 1148 4612 nulla
1175 4572 1277 4632 pausa
1300 4554 1404 4615 metro
1434 4586 1441 4597 ·

124 4653 258 4719 definita
288 4652 478 4741 (ἀνάπαυλα
508 4653 679 4741 ἔμμετρος)
711 4654 882 4719 interiecta
912 4653 968 4734 sit,
1005 4654 1040 4718 in
1076 4655 1193 4721 cetcris
1225 4657 1404 4721 carminum

125 4760 297 4846 generibus
321 4761 386 4825 rari
409 4762 489 4846 sint,
511 4761 592 4825 illud
611 4767 720 4826 tamen
739 4766 861 4844 manet,
885 4783 989 4845 neque
1008 4785 1046 4826 ex
1066 4763 1282 4827 continuitate
1300 4784 1404 4849 neque

127 4889 165 4931 ex
187 4868 345 4933 incisione
368 4891 481 4934 cursus
504 4891 712 4934 numerorum
736 4872 824 4934 certa
842 4868 962 4933 indicia
979 4889 1092 4933 versus
1110 4869 1196 4933 finiti
1214 4867 1280 4954 peti
1300 4891 1406 4953 posse,
