3442 5550
639 372 761 422 uenae
782 372 841 424 vu.
1310 370 1370 434 291

102 549 136 597 70
155 531 317 609 Εὐξενίδα
340 531 489 617 πάτραθε
514 534 694 615 Σώ-γενες,
717 533 876 619 ἀπομνύω

154 641 197 722 μὴ
220 637 321 723 τέρμα
343 641 470 724 προβάς
492 638 611 704 ἄκονθ’
632 634 726 704 -ὧτε
750 639 980 725 χαλκοπάραον
1003 640 1098 726 ὄρσαι
1324 660 1374 706 τοο

154 818 242 882 θοάν
265 822 431 899 γλῶσσαν·
456 818 474 882 ὅ
498 816 529 882 σ’
555 817 749 903 ἐξέπεμψεν
770 820 1006 904 παλαισμάτων
1176 817 1260 884 Ἀντ.
1279 818 1322 884 δ’.

153 922 275 1007 αὐχένα
298 923 352 988 καὶ
376 923 498 1001 σθένος
521 924 694 1008 ἀδίαντον,
717 931 766 991 ul·
1265 948 1267 953 ·

197 1037 284 1096 θωνι
308 1030 388 1114 πρὶν
412 1031 511 1120 ἀελίῳ
531 1073 543 1079 -
564 1044 661 1116 γυῖον
685 1032 843 1118 ἐμπεσεῖν.

154 1140 185 1201 εί
205 1141 307 1214 πόνος
329 1133 386 1221 ἦν,
410 1140 446 1203 τὸ
469 1141 627 1224 τερπ-νδν
649 1138 751 1205 πλέον
773 1138 971 1225 πεδέρχεται.

102 1262 134 1309 τε
154 1248 190 1309 ἔα
213 1265 266 1329 με·
291 1249 444 1310 νι-κῶντί
464 1269 501 1328 γε
524 1247 636 1331 χάριν,
659 1252 693 1311 εί
711 1271 742 1311 τι
765 1245 870 1332 πέραν
893 1245 1026 1329 ἀερθεὶς

153 1350 351 1436 ἀνέκραγον,
375 1353 416 1416 οὐ
435 1355 589 1438 -τραχύς
612 1356 676 1438 είμι
701 1351 900 1439 καταθέμεν·

153 1465 255 1543 είρειν
278 1459 475 1542 στεφάνους·
499 1459 661 1545 έλαφ-ρόν
684 1460 862 1544 ἀναβάλεο,
888 1461 1016 1542 Μοῖσά,
1039 1481 1103 1526 τοι·

152 1568 253 1631 κόλλα
277 1568 401 1650 χρῠσὸν
424 1570 461 1631 ἔν
485 1590 518 1631 τε
542 1568 675 1632 λευ-κὸν
698 1566 855 1651 ἐλέφανθ’
883 1567 950 1654 ἀμᾷ
1325 1588 1374 1635 115

154 1671 207 1737 καὶ
233 1677 357 1758 λείριον
381 1675 530 1758 ἀνθεμον
549 1714 563 1723 -
580 1678 717 1751 ποντίας
739 1673 888 1758 ὑφελοϊσ
916 1673 1037 1756 ἐέρσας.

171 1836 213 1884 70.
238 1828 382 1895 Εὐξεινλδι
405 1829 552 1901 Σωχὲνονς
574 1832 668 1907 πάτρᾳ
691 1831 801 1886 Hartun
845 1864 880 1871 —
902 1833 1036 1914 δπομνάοι
1059 1848 1092 1886 ex
1117 1832 1202 1886 schol.
1227 1833 1321 1904 Bergk
1341 1865 1373 1873 -

100 1907 141 1955 71.
157 1898 202 1969 ιέρ
237 1910 350 1981 ,περῶν
363 1902 531 1957 Herwerden
546 1935 579 1943 -
594 1900 732 1976 προβολαί
744 1903 789 1957 vel
802 1850 898 1971 δρεαις
912 1903 1090 1958 scribendum
1104 1903 1214 1958 censuit
1225 1903 1375 1960 Holwerda

99 1972 181 2027 Arch.
218 1975 265 2026 eri.
282 1978 349 2026 1881
370 1992 396 2043 p.
412 1991 451 2028 ειο
471 2005 503 2013 -
523 1970 574 2028 ὧτε
593 1974 718 2030 Boeckh:
738 1976 831 2030 ὡσείτε
851 1975 920 2042 BD,
940 1973 1008 2029 ὥστε
1028 1973 1110 2029 Tricl.
1130 2005 1165 2016 —
1184 1979 1225 2030 72.
1245 1973 1301 2030 ὅτ’
1319 1976 1374 2042 ἐξέ-

98 2062 191 2113 κεμφε
207 2044 277 2098 coni.
288 2044 394 2114 Bergk:
414 2042 444 2106 ὃς
459 2045 617 2116 ἐξέπεμψας
630 2046 667 2113 Β,
682 2043 712 2109 δς
726 2045 864 2116 ἐξέπεμψε
879 2046 908 2101 D
924 2078 956 2085 -
973 2052 1013 2100 73.
1029 2043 1166 2116 ἀμίαντον
1181 2046 1251 2102 coni.
1266 2047 1376 2102 Hecker

99 2147 132 2155 —
153 2120 194 2170 te.
213 2115 304 2182 πέραν
323 2115 477 2172 Hermann:
500 2135 553 2184 περ
572 2114 609 2171 ἂν
628 2116 691 2186 (πὲρ
710 2114 748 2171 ἂν
767 2118 804 2186 Β)
823 2117 891 2172 BD
910 2149 943 2157 -
964 2123 1005 2172 77.
1025 2115 1166 2189 ἀναβάλεο
1185 2117 1285 2173 Trici:
1304 2120 1374 2173 ἀνα-

98 2186 197 2259 βάλλει
217 2187 279 2240 BD
299 2219 332 2226 -
353 2192 394 2243 78.
414 2186 498 2242 κόλλα
516 2188 587 2242 coni.
602 2187 823 2244 Rauchenstein:
843 2191 927 2262 κολλᾷ
947 2188 1008 2243 BD
1028 2220 1059 2229 -

170 2336 211 2384 71.
235 2328 343 2402 προβάς
361 2346 424 2383 cum
443 2346 500 2383 acc.
519 2327 605 2401 ιε’ρμα
623 2331 749 2385 iunctum
768 2331 867 2385 estad
886 2330 1048 2401 analogiam
1067 2330 1215 2385 verborum
1236 2331 1374 2456 ὑπερβάλ-

98 2405 165 2469 λειν,
182 2399 330 2473 ἐκβαίνειν,
346 2398 510 2466 ἐξίστασθαι
524 2401 574 2467 al.;
593 2401 628 2456 cf.
643 2402 762 2472 Hesych.
777 2400 896 2474 προβάς·
916 2400 1049 2475 ὑπερβάς,
1064 2419 1149 2472 quam
1162 2402 1287 2473 glossam
1313 2402 1374 2458 also

98 2473 135 2527 M.
151 2471 277 2526 Schmidt
300 2471 329 2525 in
352 2471 486 2541 Hesychii
509 2473 633 2528 editione
656 2473 694 2527 ad
717 2474 800 2544 Soph.
816 2476 880 2528 Ant.
895 2489 934 2530 aet
953 2473 1070 2529 rettulit.
1109 2472 1261 2544 comparat
1279 2478 1374 2528 autem
1408 2488 1411 2495 ’

98 2547 183 2614 poeta
205 2543 332 2613 linguam
355 2560 501 2613 procacem
524 2544 617 2600 iaculo
636 2548 666 2599 et
684 2549 772 2600 semet
790 2545 883 2616 ipsum
901 2544 1051 2600 iaculatori
1069 2544 1186 2613 lineam,
1211 2562 1268 2613 qna
1286 2562 1319 2599 us
1340 2562 1374 2600 ne

98 2613 271 2697 iaculantem
289 2615 440 2704 procedere
458 2614 533 2697 licet,
553 2633 609 2670 non
627 2632 748 2699 egresso.
776 2618 871 2688 Ipsum
890 2616 965 2671 enim
982 2617 1097 2672 verbnm
1116 2636 1137 2670 π
1156 2615 1225 2689 οβάς
1243 2563 1375 2686 prohihet

97 2703 351 2812 rr
375 2687 624 2813 ererum
647 2687 1012 2815 recucurri?
1034 2637 1374 2814 reuiuureu

97 2829 169 2882 itum
193 2828 248 2883 sibi
265 2802 347 2899 paret
364 2828 402 2882 ad
421 2829 538 2898 Sogenis
557 2775 779 2915 puinffiffrtiuh
799 2829 877 2885 cuius
895 2804 961 2900 pa’rs
980 2777 1115 2884 iahhlatio
1135 2777 1228 2883 fueruit
1247 2862 1280 2871 —
1300 2829 1374 2887 λλδ

97 2898 127 2955 α’
148 2897 227 2966 reem
247 2911 284 2967 με
309 2899 444 2969 Bergkius
467 2900 589 2971 vestigia
612 2901 716 2957 codicis
735 2902 765 2956 D
784 2904 896 2956 secutus
919 2900 1052 2966 restitnit,
1072 2898 1086 2954 ὃ
1106 2901 1142 2953 ad
1160 2898 1247 2969 τέρμα
1266 2901 1375 2974 προβὰς

97 2970 196 3026 ἄκοντ’
235 2988 298 3039 ρσαι
314 2970 435 3025 referens
455 2974 484 3026 et
502 2971 575 3026 hunc
594 2972 624 3027 in
642 2973 756 3027 modum
771 2971 952 3042 sagacissime
967 2971 1168 3041 interpretans:
1188 2971 1218 3024 in
1233 2971 1374 3028 Nemeaeo

97 3042 250 3098 certamine
269 3042 450 3112 quinquertii‚
470 3042 515 3096 cui
534 3043 663 3098 interfuit
682 3043 812 3113 sagonen,
827 3043 938 3098 videtur
956 3060 1027 3097 unus
1043 3042 1087 3097 vel
1102 3041 1175 3097 alter
1188 3041 1374 3097 iaculantium

96 3128 225 3185 egressm
244 3129 305 3168 esse
324 3113 441 3181 lineam,
465 3113 514 3183 qui
533 3129 597 3169 cnm
614 3117 728 3240 propter
746 3114 820 3169 hanc
838 3115 966 3168 fraudem
981 3131 998 3168 a
1012 3113 1165 3168 certamine
1184 3112 1373 3184 abigerentur,

97 3187 191 3240 luctae
209 3189 364 3249 certamen,
388 3185 463 3254 quod
483 3185 621 3255 rubeaque
642 3188 707 3240 atur
724 3185 936 3254 incentionem,
957 3185 1131 3240 aemulorum
1148 3200 1264 3240 numero
1283 3184 1373 3239 immi-

97 3259 166 3311 nuto
198 3256 256 3311 iam
288 3261 317 3311 et
348 3255 460 3310 facilins
494 3255 583 3311 multo
615 3259 643 3311 et
671 3257 787 3312 celerius
816 3256 973 3312 confectum
1001 3260 1051 3312 est.
1090 3253 1193 3310 Contra
1221 3255 1375 3311 scholiasta

97 3346 160 3382 curn
179 3326 209 3391 ὃς
228 3325 366 3397 ἐξέπεμψε
385 3326 504 3397 legeret,
531 3328 571 3382 sic
590 3328 681 3383 locum
700 3328 849 3383 obscurum
867 3328 1023 3383 dilucidare
1047 3329 1164 3382 conatus
1183 3329 1238 3382 est:
1263 3326 1374 3383 θάκων

97 3399 186 3462 αίτιος
204 3397 353 3469 γενόμενος
370 3419 386 3453 τ
405 3420 419 3462 ς
437 3403 591 3462 παντελοῦς
608 3397 687 3469 νίκης
706 3401 757 3454 οὐκ
777 3400 888 3469 ἐποίησε
908 3398 1005 3470 χρείαν
1019 3417 1049 3453 σε
1065 3398 1139 3469 ἔχειν
1157 3407 1207 3453 τοῦ
1222 3399 1270 3452 διὰ
1284 3398 1374 3468 πάλης

96 3490 126 3526 σε
140 3468 348 3539 περιγενέσθαι.
376 3406 516 3525 liimirnm
534 3469 584 3539 qni
602 3470 692 3525 trihus
711 3470 850 3542 prioribus
864 3470 993 3542 partibus
1007 3469 1180 3539 quinquertii
1194 3470 1371 3526 adversarios

96 3544 258 3626 superasset
276 3558 357 3596 omne
377 3541 585 3612 quinquertium
603 3541 703 3596 vicisse
722 3543 855 3612 putabat3
880 3561 906 3597 v.
925 3541 998 3596 Prol.
1018 3561 1120 3596 imm
1139 3558 1180 3612 sq.
1216 3542 1255 3596 At
1273 3542 1310 3597 ab
1329 3558 1371 3611 eo,

97 3630 147 3683 qur
172 3613 370 3684 gravissimam
396 3617 505 3683 partem
533 3612 706 3683 quinquertii
728 3613 746 3668 i.
767 3630 789 3668 e.
809 3613 915 3667 luctam
943 3613 1027 3683 plane
1055 3630 1110 3668 non
1138 3612 1217 3681 iniit,
1245 3613 1373 3669 laudatio

96 3684 424 3810 magnillabpssrisgqpr)
442 3701 591 3810 εειεοεόαε
606 3684 859 3810 alienapit.mht1()iro
878 3687 972 3809 augam
991 3683 1295 3809 appminpelll'riderpcus
1315 3684 1372 3740 Mis

96 3773 215 3811 anno.
297 3800 303 3811 .
438 3771 764 3811 ‚errnvuvnonuc
827 3773 913 3810 risse
972 3772 1102 3810 oeern
1156 3772 1373 3811 enumesse

97 3827 206 3882 censuit
221 3775 306 3882 -ptn
323 3775 435 3897 αὐχένά)
443 3827 491 3880 καλ
505 3826 608 3891 σθένος
622 3826 777 3881 accusativi
791 3826 937 3882 relationis
952 3775 1018 3880 iant
1032 3826 1070 3880 ad
1079 3772 1216 3881 &elangueo
1225 3826 1373 3896 referendi,

96 3898 151 3953 nisi
171 3898 240 3953 dnos
260 3898 435 3953 accusativos
455 3897 485 3952 cl
503 3900 533 3951 et
551 3895 657 3968 αὐχένα
677 3897 760 3952 analo
783 3898 809 3951 'a
829 3897 949 3969 duplicis
969 3897 1060 3951 dativi
1080 3896 1110 3952 Ο.
1126 3917 1175 3950 vm
1189 3914 1222 3952 su.
1241 3916 1270 3951 1x
1284 3915 1310 3953 εο
1325 3899 1373 3953 de-

96 3970 209 4025 fendere
228 3969 311 4023 malis
332 4001 363 4009 -
385 3974 417 4023 75
433 3986 468 4022 ss.
489 3985 584 4023 versus
603 3972 632 4022 et
650 3969 687 4022 ad
706 3916 904 4039 explicandum
922 3972 951 4022 et
970 3969 1006 4022 ad
1026 3968 1281 4038 interpungendum
1299 3969 1372 4024 diffi-

96 4041 216 4097 cillimos
236 4041 277 4095 ita
296 4040 355 4095 inte
389 4043 471 4108 rotor,
491 4043 523 4094 ut
541 4039 634 4094 verbis
653 4039 682 4095 εί
698 4060 725 4094 τι
740 4085 745 4094 .
806 4039 968 4111 καταθέμεν
981 4039 1142 4110 parenthesi
1158 4039 1312 4095 interiectis
1332 4040 1373 4095 in-

95 4113 236 4168 finitivum
255 4112 340 4180 εἴρειν
360 4129 377 4165 a
416 4111 449 4165 ἔα
466 4111 588 4182 pendere
607 4115 657 4165 aut
675 4111 804 4166 absolute
823 4129 873 4182 pro
888 4110 1056 4181 imperativo
1070 4109 1115 4191 (cf.
1130 4109 1160 4164 P.
1175 4129 1185 4162 1
1199 4115 1235 4180 es)
1250 4111 1373 4181 positum

95 4201 156 4239 esse
175 4186 283 4255 putem:
310 4182 370 4237 sine
393 4200 437 4237 me
456 4215 491 4223 -
510 4182 624 4237 victoris
651 4182 765 4252 quidem
783 4183 813 4237 in
831 4182 967 4253 gratiam,
991 4181 1015 4235 si
1034 4180 1103 4251 quid
1121 4179 1207 4235 altius
1227 4181 1338 4237 evolavi
1357 4200 1375 4237 a

95 4255 290 4338 prepositure
310 4271 362 4309 eva
401 4258 455 4323 tus,
475 4271 530 4308 non
550 4270 646 4308 recuso
665 4253 822 4308 orationem
841 4254 981 4335 refllectere
999 4285 1029 4293 -
1045 4255 1156 4307 nectere
1169 4269 1294 4321 coronas,
1319 4271 1372 4337 .¹⁰'

95 4325 636 4462 {intuleratsatellite
653 4323 1373 4477 {retundendum‘ellinhilt

95 4471 147 4526 ede
162 4503 195 4512 -
212 4476 253 4525 76.
270 4469 299 4524 ελ
308 4489 335 4523 τι
348 4466 439 4536 πέραν
454 4468 569 4535 ἀερθεὶς
583 4465 741 4538 ἀνέκραγον
755 4468 793 4522 ad
808 4466 1010 4538 digressionem
1023 4466 1113 4521 refero
1128 4469 1203 4521 iusto
1217 4467 1371 4538 longiorem

95 4542 130 4597 de
154 4540 333 4611 Neoptolemi
356 4555 437 4607 nece,
462 4555 479 4592 a
502 4556 558 4621 qna
581 4539 638 4593 iam
657 4538 695 4593 ad
714 4538 841 4592 debitum
859 4539 993 4593 honorem
1013 4537 1127 4593 victoris
1145 4538 1220 4592 hand
1240 4555 1324 4610 aegre
1343 4556 1373 4592 se

96 4613 187 4669 redire
206 4613 288 4680 dicia
308 4611 438 4665 similiter
452 4627 470 4664 a
484 4610 658 4680 digressione
677 4626 707 4663 se
725 4612 840 4664 revocat
857 4609 892 4665 N.
908 4629 936 4663 rv
950 4626 976 4666 se
990 4627 1024 4662 ss.
1046 4642 1078 4649 -
1099 4613 1140 4665 λλ.
1161 4608 1295 4679 ἐλαφρόν·
1315 4609 1373 4663 vim

96 4684 223 4740 adverbii
242 4684 370 4739 obtinere
390 4682 460 4735 duco
479 4681 629 4752 repudiata
648 4698 743 4735 eorum
762 4680 917 4749 sententia,
941 4680 990 4750 qui
1014 4683 1126 4737 nectere
1152 4697 1268 4735 coronas
1288 4680 1372 4735 facile

96 4772 156 4811 esse
175 4758 289 4811 vertunt
307 4787 342 4795 -
361 4753 514 4825 ἀναβάλεο
535 4751 633 4809 schol:
653 4754 716 4807 ἀντὶ
735 4760 784 4807 τοῦ
803 4752 964 4820 &respodeo
983 4754 1031 4806 καλ
1051 4752 1183 4823 ἄρχοντι
1202 4750 1292 4823 λέγειν
1310 4751 1371 4806 έλα-

95 4836 179 4898 φρῶς.
205 4859 238 4867 -
258 4826 352 4881 Μοῖσά
371 4843 426 4878 τοι·
448 4823 482 4877 cf.
498 4823 585 4880 Rve
605 4825 638 4878 ού
657 4843 700 4878 τοι
720 4856 752 4864 -
773 4829 815 4879 78.
835 4823 964 4880 ethlom.
983 4826 1073 4878 Ψεοο.

1109 4913 1160 4966 le·
