3442 5550
383 425 405 478 Ι,
433 426 482 476 DE
502 423 694 475 CODICIBUS
714 423 965 488 SUBSIDIISQUE
984 424 1147 478 CRITIOIS.
1372 422 1410 476 IX

129 588 163 652 V
217 619 259 641 =
279 586 447 652 Parisinus
467 587 553 652 2403
583 608 664 651 saec.
688 584 769 650 XIII
788 608 849 671 en,
879 587 1024 652 continet
1051 586 1202 672 Olympia
1231 591 1265 651 et
1291 586 1411 670 Pythia

219 700 253 759 et
276 693 543 760 Nem1—1v68
568 699 600 759 et
623 696 811 760 v133-44
840 717 912 759 cum
936 694 1069 760 scholiis
1091 693 1261 760 Vaticanis
1285 693 1410 778 mixtis3

219 825 257 867 ex
275 802 311 867 E
329 800 565 885 interpolatum
588 823 662 865 eum
686 822 755 866 esse
779 801 873 867 docet
891 799 926 867 P.
940 819 978 865 rx
993 803 1051 886 10,
1075 806 1233 889 cognatus
1257 806 1308 867 est
1326 801 1410 866 codi-

218 909 309 975 cibus
333 907 519 974 'l'homanis

128 1018 167 1083 X
218 1049 260 1070 =
281 1014 446 1080 Parisinus
471 1016 565 1112 2399
591 1038 673 1081 saec.
696 1015 768 1098 XV,
801 1016 946 1081 continet
980 1017 1131 1102 Olympia
1163 1023 1195 1081 et
1226 1015 1345 1101 Pythia
1377 1020 1410 1080 et

218 1123 311 1188 Nem,
325 1141 419 1187 1-1v
434 1124 490 1207 683
511 1145 549 1187 ex
568 1125 637 1189 cod.
653 1123 685 1188 V
699 1115 888 1189 descendere
908 1124 1048 1207 videtur,
1067 1126 1122 1189 scd
1142 1124 1298 1208 quaedam
1316 1146 1410 1208 pecu·

218 1231 313 1295 liaris
330 1230 437 1295 habet.
469 1229 625 1295 Eiusdem
639 1231 782 1296 familiae
797 1235 848 1296 est
863 1231 945 1323 ,Y=
956 1232 1024 1297 cod.
1039 1231 1139 1296 Paris.
1151 1232 1237 1296 2709
1252 1252 1333 1296 saec.
1348 1229 1409 1295 XV

220 1344 254 1404 et
276 1339 308 1404 Z
318 1370 360 1392 =
375 1336 513 1403 Vindob.
530 1339 571 1403 58
597 1361 677 1404 saec.
693 1338 764 1423 XV,
788 1338 843 1423 qui
866 1338 931 1402 iam
955 1343 1023 1403 tam
1047 1360 1142 1423 saepe
1166 1342 1329 1403 correctus
1352 1342 1410 1422 est,

219 1453 257 1512 ut
284 1445 490 1531 interpolatis
514 1445 647 1531 propior
670 1446 713 1511 sit
736 1432 834 1531 quani
856 1445 1028 1510 veteribus.

131 1717 208 1801 Byr.
223 1747 265 1769 =
281 1714 441 1779 Thomani
461 1719 493 1779 et
506 1713 730 1798 Moschopulei
746 1719 778 1779 et
792 1714 980 1780 Tricliniani
997 1712 1136 1798 codices,
1154 1736 1174 1777 a
1189 1712 1411 1799 grammaticis

220 1823 293 1887 istis
327 1821 515 1906 Byzantinis
548 1821 738 1906 interpolati
771 1844 946 1906 eorumque
979 1821 1112 1886 scholiis
1143 1819 1312 1899 instructi3
1344 1839 1412 1882 cor·

221 1935 367 1995 recturae
390 1927 641 2014 Moscbop'uleae
665 1933 698 1994 et
716 1928 931 1994 Triclinianae
955 1929 1128 1993 maximam
1153 1931 1280 2014 partem
1304 1924 1411 1991 metri·

221 2060 276 2103 cae
300 2041 384 2101 sunt.
666 2093 877 2101 —ss

220 2197 274 2262 De
307 2196 544 2262 scholiorum
577 2198 776 2263 subsidiis.
822 2197 955 2264 Praeter
987 2198 1113 2265 codices
1145 2197 1185 2262 ad
1217 2195 1413 2262 recensenda

129 2306 231 2372 verba
257 2308 372 2390 poetae
401 2304 523 2369 scholia
551 2309 584 2370 et
611 2310 753 2371 veterem
781 2306 1009 2391 paraphrasin,
1037 2309 1074 2370 ut
1102 2327 1183 2390 quae
1211 2326 1277 2369 non
1306 2304 1411 2368 solum

130 2413 297 2479 codicibus
324 2411 405 2496 ipsis
432 2413 489 2476 sed
518 2412 616 2477 ctiam
639 2413 729 2479 fonte
753 2436 865 2479 eorum
889 2415 1074 2499 antiquiora
1097 2412 1176 2495 siut,
1205 2411 1414 2477 adsciscendo

130 2543 203 2587 esse
231 2542 305 2584 cum
332 2519 452 2583 dudum
475 2519 677 2585 intellectum
701 2525 800 2605 esset,
829 2526 900 2585 tum
928 2544 948 2585 a
971 2520 1108 2585 Lehrsio
1132 2519 1299 2605 praeclaro
1325 2517 1409 2582 libro

132 2629 194 2693 Die
212 2625 479 2692 Pindarscholien
498 2624 632 2715 (1873),
655 2629 742 2693 clara
763 2628 798 2691 in
816 2628 887 2692 luce
906 2628 1050 2712 positum
1070 2632 1128 2692 est.
1166 2626 1281 2710 ltaque
1300 2647 1412 2690 eorum

131 2757 261 2820 quoque
297 2733 487 2799 testimonia
523 2735 562 2801 de
599 2735 777 2820 scripturae
814 2735 1032 2820 discrepantia
1073 2735 1240 2819 aliquanto
1277 2732 1413 2818 plenius,

131 2865 230 2927 qnam
261 2865 280 2906 a
307 2841 529 2925 superioribus
558 2842 736 2907 editoribus
765 2843 887 2908 lactum
917 2847 980 2927 est,
1008 2842 1042 2906 in
1066 2841 1275 2907 adnotatione
1300 2839 1413 2906 critica

131 2948 395 3031 commemoravi,
424 2971 620 3035 quamquam
643 2972 683 3014 ne
706 2950 741 3014 in
764 2948 1064 3015 Heimsoethiomm
1087 2948 1411 3033 Hartungiorumque

128 3056 214 3122 nihil
240 3078 307 3121 non
336 3078 374 3120 ex
403 3056 535 3122 scholiis
564 3057 762 3122 elicientium
790 3057 929 3140 ineptias
955 3057 1146 3141 inciderem,
1176 3078 1336 3122 summam
1360 3055 1412 3119 ad-

129 3160 225 3228 hibui
257 3163 448 3228 cautionem.
494 3162 532 3228 In
565 3163 763 3229 scholiomm
796 3167 905 3228 autem
937 3165 1134 3230 testimoniis
1162 3162 1332 3228 afferendis
1361 3183 1412 3227 me

132 3269 206 3335 aliis
230 3291 326 3353 quam
346 3268 553 3335 Boekhianae
573 3271 724 3335 editionis
744 3270 896 3336 subsidiis
917 3271 966 3336 uti
984 3294 1051 3336 non
1069 3272 1215 3357 potuisse
1234 3269 1412 3356 aegerrime

131 3377 214 3459 fero,
239 3374 391 3459 quoniam
415 3375 514 3442 editio
539 3377 735 3443 scholiorum
759 3382 911 3442 accurato
940 3384 973 3443 et
996 3380 1092 3464 pleno
1116 3383 1274 3465 apparatu
1297 3377 1412 3442 critico

131 3483 289 3548 instructa
315 3481 414 3548 etiam
437 3489 513 3568 post
532 3484 640 3549 Abelii
664 3506 796 3568 operam
819 3485 1044 3551 tenuissimam
1067 3486 1101 3551 in
1124 3485 1289 3551 desideriis
1308 3484 1412 3570 philo·

132 3592 279 3676 logorum
305 3594 368 3675 est,
390 3612 494 3675 neque
517 3591 597 3655 mihi
620 3591 684 3676 ipsi
708 3591 802 3676 copia
825 3593 951 3657 codices
974 3592 1168 3678 inspiciendi
1191 3591 1279 3657 facta
1302 3596 1360 3655 est.

221 3697 275 3762 De
298 3696 519 3763 dialecticis
543 3698 687 3764 formis.
729 3699 851 3765 Vemm
876 3700 974 3764 etiam
999 3723 1097 3786 supra
1121 3698 1309 3763 memoriam
1329 3702 1414 3762 vete

130 3828 205 3870 rum
225 3804 511 3890 grammaticomm
531 3807 702 3871 ascendere
720 3806 816 3871 nobis
835 3806 913 3871 licet
926 3808 1066 3894 vestigia
1079 3805 1268 3872 Pindaricae
1284 3803 1413 3868 dialecti

131 3912 375 3996 scripturaeque
398 3911 516 3977 veteris
540 3914 683 3979 rationes
705 3914 937 4001 indagantibus
966 3920 999 3980 et
1027 3917 1066 3979 ad
1092 3937 1203 3979 eorum
1228 3911 1413 3997 analogiam

131 4020 290 4104 reliquam
310 4018 491 4084 orationem
510 4022 746 4088 revocantibus.
779 4021 887 4105 Atque
901 4022 1041 4107 primum
1057 4021 1215 4086 Pindarus
1230 4041 1412 4084 sermonem

131 4149 266 4192 suorum
294 4127 500 4212 popularium
528 4135 657 4195 secutus
681 4128 912 4194 vocabulorum
936 4125 977 4195 οὗ
1000 4119 1036 4193 οἷ
1056 4127 1076 4193 ἕ
1094 4126 1174 4205 ἅναξ
1198 4126 1332 4192 ἀνάσσω
1356 4126 1413 4191 ἁν-

131 4235 224 4299 aava
248 4233 315 4318 ἀχώ
341 4234 437 4299 aava
461 4237 589 4320 εἴδομαι
608 4231 696 4313 εἶδος
715 4241 818 4301 εἴκοσι
838 4238 942 4301 εἰπεῖν
961 4239 1038 4311 ἔπος
1056 4232 1190 4309 ἕκαστος
1209 4232 1259 4320 (0.
1277 4252 1340 4298 xru
1355 4231 1414 4317 47)

130 4340 223 4407 ἕκατι
252 4340 343 4418 ἐλπίς
371 4343 461 4405 ἔοικα
488 4344 587 4427 ἔργον
612 4341 692 4427 ἐρέω
716 4339 765 4430 (Ρ.
784 4361 821 4409 1v
841 4341 920 4431 142)
944 4341 1034 4427 ἔρξαι
1058 4339 1177 4424 ἑσπέρα
1200 4340 1318 4425 ἕννυμι
1343 4344 1414 4416 ἔτος

133 4444 220 4530 ἦθος
248 4446 395 4523 Ἰάλυσος
424 4445 543 4525 Ἰδαῖος
576 4451 661 4514 ἰδεῖν
694 4451 780 4528 ἴδιος
816 4451 904 4533 ἴδρις
937 4448 1078 4525 Ἰλιάδας
1116 4450 1269 4526 ἰόπλοκος
1306 4454 1413 4513 ἴσαντι

129 4555 264 4639 Ἰσθμός
296 4560 366 4631 ἶσος
392 4552 521 4631 Ἰωλκός
553 4551 628 4621 οἶδα
658 4552 748 4634 οἶκος
773 4555 890 4634 Ώανός
922 4557 1084 4641 digammo
1112 4556 1231 4621 initiali
1259 4556 1306 4620 ita
1333 4578 1412 4620 usus

131 4667 197 4745 est,
220 4668 257 4724 ut
280 4665 354 4726 ante
378 4682 416 4725 ea
438 4683 550 4727 vocem
573 4664 607 4728 in
631 4665 775 4730 vocalem
799 4670 970 4730 exeuntem
993 4664 1154 4750 patienter
1178 4662 1292 4746 ferret,
1320 4662 1412 4726 cuius

132 4768 179 4832 rei
203 4767 350 4852 exempla
373 4768 453 4833 satis
478 4771 581 4835 multu
603 4777 759 4858 congesta
781 4772 882 4849 habes
904 4773 939 4837 in
963 4770 1106 4857 Augusti
1124 4768 1269 4835 Heimeri
1289 4766 1413 4834 Studiis

136 4873 313 4941 Pindaricis
336 4875 372 4939 in
393 4876 486 4944 Actis
510 4877 596 4945 univ.
620 4878 801 4947 Lundeusis
825 4904 844 4944 s
872 4879 954 4945 1885
978 4884 1011 4943 et
1033 4879 1068 4943 in
1092 4900 1163 4943 meo
1187 4878 1311 4957 libello,
1341 4874 1414 4945 Bei-
