3442 5550
310 412 425 466 XXVIII
808 413 1086 465 PROLEGOMENA.

444 636 547 754 loirrpi
571 658 672 748 γένει’·
696 676 763 731 τῶν
786 660 822 729 δὲ
845 644 1085 750 πὲπραγμένων
1109 662 1213 750 (Pind.
1238 661 1319 727 0.11
1342 686 1390 748 ep.
1413 660 1455 749 1).

399 789 497 855 Notis
521 794 558 854 ut
581 789 837 875 significaremus
861 811 899 854 ex
922 789 1070 874 pluribus
1095 787 1234 873 dipodiis
1257 810 1358 852 unum
1381 787 1476 852 colon
1495 787 1591 874 effici,

310 897 448 982 primam
473 898 572 962 arsim
595 896 658 962 coli
682 897 808 961 duobus
831 895 977 982 punctis,
1000 900 1124 961 ceteras
1148 895 1286 981 singulis
1309 894 1439 979 punctis
1463 894 1590 960 notavi-

310 1027 391 1069 mus.
428 1005 537 1089 Atque
560 1003 622 1069 hoc
646 1004 742 1068 modo
766 1003 876 1087 potius
900 1025 997 1087 quam
1021 1001 1148 1088 virgula
1170 1002 1221 1066 vel
1244 1000 1364 1066 lineola
1387 1001 1459 1067 oola
1477 1024 1589 1067 versus

310 1111 509 1196 distinguere
533 1110 722 1196 maluimus,
750 1110 835 1194 quod
859 1132 954 1195 saepe
977 1109 1083 1195 prima
1106 1109 1233 1193 syllaba
1255 1109 1388 1174 alterius
1412 1109 1488 1193 coli,
1516 1110 1591 1194 rhy-

310 1217 439 1283 thmum
458 1218 486 1282 si
505 1223 647 1303 spectas,
664 1217 782 1303 prioris
801 1217 865 1283 coli
884 1222 934 1282 est
954 1222 987 1282 et
1005 1217 1169 1302 dipodiam
1187 1217 1222 1281 in
1241 1217 1304 1280 fine
1318 1215 1436 1301 prioris
1452 1217 1590 1281 membri

309 1325 497 1390 inchoatam
521 1326 661 1410 complet
684 1331 716 1390 et
739 1325 878 1410 perficit,
902 1324 991 1390 velut

372 1525 412 1587 τὺ
436 1523 498 1608 γὰρ
521 1523 559 1588 τὸ
582 1523 757 1608 μαλθακὸν
780 1520 869 1607 ἔρξαι
936 1545 972 1587 τε
994 1519 1049 1587 καὶ
1071 1528 1195 1587 παθεῖν
1219 1521 1306 1606 ὅμως
1330 1520 1526 1609 (P.V1116).

399 1644 452 1710 De
480 1646 578 1712 colis
607 1651 644 1712 et
672 1645 878 1712 versiculis
908 1647 948 1710 in
974 1646 1090 1733 pedes
1114 1645 1320 1740 solvendis.
1366 1643 1411 1710 Ut
1434 1647 1531 1730 pedes
1554 1647 1589 1712 in

312 1739 545 1839 temporassita
568 1753 639 1818 cola
660 1752 695 1816 in
717 1754 814 1838 pedes
838 1753 1009 1818 solvuntur
1032 1759 1089 1818 aut
1112 1738 1276 1838 simplices
1300 1758 1357 1818 aut
1380 1754 1591 1839 compositos.

310 1860 348 1924 In
372 1861 468 1945 pedes
493 1860 655 1946 simplices
680 1860 850 1925 solvuntur
869 1866 998 1944 praeter
1016 1859 1176 1946 dipodias,
1200 1882 1279 1944 quas
1298 1857 1333 1923 in
1350 1859 1447 1944 pedes
1467 1859 1590 1944 simpli·

310 1990 363 2033 ces
382 1966 552 2032 solvendas
572 1988 642 2031 esse
661 1990 760 2052 supra
776 1966 843 2032 iam
862 1966 941 2052 dixi,
960 1967 1119 2051 tripediae
1138 1966 1344 2031 catalecticos
1362 1988 1488 2052 omnes,
1506 1988 1588 2051 quae

310 2097 383 2140 oum
412 2074 525 2138 crebro
553 2074 699 2139 membra
726 2097 877 2139 versuum
905 2074 1078 2160 longorum
1104 2074 1184 2159 sint,
1211 2095 1285 2138 raro
1308 2074 1342 2138 in
1365 2073 1497 2138 Pindari
1522 2097 1588 2139 car-

309 2181 451 2245 minibus
474 2181 541 2245 vim
564 2203 715 2246 versuum
740 2181 901 2266 obtinent,
923 2181 1121 2265 proodorum
1144 2180 1196 2245 vel
1219 2181 1395 2265 epodorum
1416 2182 1467 2246 vel
1486 2204 1589 2248 meso·

310 2289 425 2353 dorum
458 2288 543 2353 vices
575 2288 643 2353 fere
676 2293 837 2373 tenentes,
869 2289 959 2353 velut
992 2286 1027 2352 Ο.
1052 2288 1153 2352 V113.
1182 2306 1218 2350 lx
1243 2293 1268 2352 l.
1296 2292 1408 2352 x1111.
1445 2287 1480 2351 Ρ.
1499 2307 1538 2352 111
1558 2291 1587 2354 3.

309 2414 346 2459 1x
370 2418 417 2480 ep.
438 2398 467 2460 8.
490 2395 532 2460 N.
551 2414 563 2458 1
583 2398 612 2461 3.
636 2414 672 2459 V1
696 2401 720 2460 1.
744 2396 768 2460 Ι.
789 2399 848 2460 14.
872 2414 895 2459 v
909 2398 938 2460 4.
976 2394 1143 2482 Ambigua
1166 2417 1264 2460 causa
1286 2394 1498 2480 tripodiarum
1523 2396 1588 2481 ple-

308 2524 422 2569 narum
447 2507 505 2567 est.
543 2500 626 2568 Sunt
649 2503 735 2568 enim
759 2502 811 2588 qui
837 2503 994 2588 tripodias
1017 2503 1130 2588 plenas
1153 2502 1335 2567 trochaicas
1359 2508 1392 2567 et
1410 2503 1588 2589 dactylicus

309 2614 342 2674 et
369 2610 574 2696 logaoedioas
603 2615 660 2674 aut
687 2609 842 2675 adhibitis
870 2633 1045 2695 pausarum
1068 2609 1249 2674 intervallis
1273 2632 1346 2675 cum
1369 2633 1481 2676 versus
1504 2611 1587 2676 istos

308 2716 606 2802 brachycatalectos
629 2717 750 2803 dicant,
774 2722 830 2782 aut
849 2717 956 2804 longis
976 2717 1112 2801 syllabis
1133 2717 1287 2783 extremis
1307 2719 1341 2781 in
1359 2718 1424 2782 tria
1442 2718 1493 2783 vel
1513 2741 1591 2803 qua-

309 2830 384 2888 tuor
411 2828 560 2907 tempora
587 2824 754 2908 productis
781 2845 848 2888 non
874 2824 909 2887 in
937 2829 1004 2889 tres
1032 2826 1128 2909 pedes
1158 2825 1334 2912 simplices,
1362 2826 1417 2890 sed
1445 2827 1479 2891 in
1506 2827 1586 2891 duas

309 2930 455 3016 dipodias
479 2931 624 2996 dividant
647 2931 734 2996 hunc
756 2931 792 2995 in
815 2932 960 2996 modum:

456 3049 722 3127 astruit
793 3075 1060 3126 radam
1132 3062 1422 3128 ‚amunta

451 3157 724 3234 2w-wa-h
795 3181 1064 3234 ὶω-ωὼῌ
1134 3186 1424 3242 ὶω-ωώμΛ

309 3288 394 3373 quod
422 3310 501 3352 num
531 3292 618 3353 recte
644 3288 702 3354 isti
728 3289 865 3374 faciant,
896 3312 962 3354 non
995 3290 1090 3353 huius
1119 3289 1182 3353 loci
1211 3295 1261 3354 est
1289 3312 1456 3376 quaerere,
1483 3315 1588 3377 neque

309 3393 477 3458 diiudicari
500 3399 610 3478 potest
633 3396 697 3460 uisi
716 3395 849 3461 adscitis
868 3396 983 3462 vicinis
1003 3396 1083 3461 colis
1103 3401 1136 3461 et
1154 3397 1339 3482 rhythmica
1357 3398 1465 3464 indole
1485 3400 1588 3465 totius

308 3492 462 3584 strophae
486 3500 661 3586 explorata.

396 3609 466 3674 Iam
500 3611 555 3695 qui
588 3633 626 3675 ex
659 3615 799 3694 quatuor
825 3611 962 3696 pedibus
989 3610 1094 3696 plenis
1123 3616 1179 3676 aut
1205 3611 1404 3696 imperfectis
1431 3616 1584 3678 constant

308 3715 450 3800 ordines,
474 3716 540 3780 sive
563 3739 675 3781 versus
700 3717 766 3781 sive
791 3719 853 3783 coli
876 3719 945 3783 vice
968 3718 1161 3804 funguntur,
1184 3740 1250 3782 non
1271 3719 1306 3781 in
1327 3718 1504 3802 simplices,
1528 3722 1582 3784 sed

307 3822 563 3908 incompositos
587 3824 698 3911 pedes,
721 3848 772 3890 me
796 3826 823 3890 si
847 3826 953 3912 audis,
976 3825 1138 3891 dividendi
1162 3830 1252 3911 sunt,
1273 3826 1362 3891 velut

608 3941 927 3983 Lw-w;w.-
1040 3943 1317 3984 ἱω-ω;ω-

555 4120 893 4162 ωὶω.ω;ω-
1000 4124 1097 4164 ῡῗυ
1168 4127 1318 4163 ῡιυ-

395 4218 504 4303 Atque
529 4219 657 4284 ordines
680 4219 864 4285 trochaicos
886 4220 1044 4286 iambicos
1068 4221 1292 4305 anapaesticos
1314 4220 1377 4285 hoc
1401 4221 1497 4285 modo
1517 4245 1584 4306 per-

177 4330 186 4349 ‘
215 4334 218 4341 '
308 4325 476 4390 cutiendos
504 4347 574 4391 esse
603 4330 635 4390 et
665 4330 790 4391 veteres
818 4327 945 4393 metrici
968 4328 1173 4413 praecipiunt
1196 4333 1229 4392 et
1251 4327 1338 4391 inter
1360 4327 1447 4392 viros
1471 4329 1585 4395 doctos

9 4430 55 4473 '··
151 4446 187 4513 f]
308 4437 437 4498 constat
465 4455 590 4518 omnes3
618 4432 797 4518 logaoedici
827 4440 935 4498 autem
964 4434 1092 4499 ordines
1116 4435 1310 4519 tetrapodiei
1334 4439 1444 4500 utrum
1468 4442 1500 4501 et
1523 4436 1586 4521 ipsi

75 4536 79 4543 ’
141 4538 151 4551 ”
306 4541 341 4605 in
365 4539 512 4624 dipodias
536 4541 614 4605 duas
639 4562 681 4604 an
701 4539 823 4605 directa
841 4541 895 4605 via
912 4541 947 4605 in
965 4542 1062 4626 pedes
1082 4541 1245 4626 simplices
1265 4547 1405 4626 quatuor
1424 4543 1587 4608 dividendi

307 4647 386 4732 sint,
411 4647 471 4713 viri
491 4647 578 4713 docti
598 4647 802 4713 dissentiunt.
840 4649 1000 4732 Equidem
1020 4671 1216 4732 quamquam
1235 4654 1324 4713 certa
1343 4649 1462 4716 indicia
1482 4651 1587 4735 bipar-

307 4755 389 4820 titae
413 4753 581 4820 divisionis
604 4753 639 4817 in
662 4753 858 4840 logsoedicis
882 4755 1029 4819 versibus
1053 4755 1120 4819 fere
1144 4756 1254 4819 deesse
1279 4760 1312 4819 et
1331 4760 1455 4823 veteres
1474 4762 1586 4841 poetas

308 4862 426 4933 Aeoles
459 4861 531 4927 oola
560 4882 641 4947 quae
670 4883 689 4924 a
716 4861 787 4925 basi
815 4883 872 4926 seu
900 4861 1081 4931 irrationali
1108 4863 1263 4929 trochaeo
1291 4862 1466 4949 incipiunt,
1497 4862 1586 4927 velut
