3442 5550
754 420 877 470 NEMEA
897 421 956 472 Vll.

214 595 248 641 τε
269 578 434 643 Αἰακιδᾶν
456 581 638 663 κριόν-των
661 582 817 646 τολοιπὸν
841 585 974 666 ἔμμεναι

268 692 352 751 θεοῦ
375 683 451 770 παρ’
479 685 639 770 εό-τειχία
662 689 780 771 δόμον,
803 686 941 772 ἡρωΐαις
964 685 1000 752 δὲ
1022 701 1167 774 πομπαῖς

268 796 473 877 θεμισκόπον
497 794 615 858 οί-κεῖν
638 791 735 859 ἐόντα
757 786 964 872 πολυθύτοις

268 899 443 984 εὐώνυμον
465 897 497 975 ἐς
520 901 626 964 δίκαν.
646 942 659 949 -
679 905 753 984 τρία
775 899 874 966 άίπεα
899 901 1076 985 διαρκέσει·

269 1007 309 1071 οὐ
332 1008 450 1083 ψεῦδις
472 1006 489 1071 ὁ
512 1007 638 1091 μάρτυς
660 1010 835 1092 ἔργμασιν
858 1007 1029 1074 ἐπιστατεῖ.

216 1132 249 1180 oo
269 1121 406 1198 Αίγινα,
430 1125 513 1179 τεῶν
536 1117 619 1191 Διός
642 1113 672 1179 τ’
694 1156 705 1163 -
727 1114 872 1198 ἐκγόνων
895 1118 1007 1201 θρασύ
1030 1141 1086 1202 μοι
1109 1118 1177 1183 τόδ’
1206 1122 1310 1186 εἰπεῖν

269 1305 429 1377 φαενναῖς
452 1293 583 1378 ἀρεταῖς
606 1294 687 1360 ὁδὸν
705 1336 719 1343 -
737 1299 858 1377 κυρίαν
881 1298 990 1378 λόγοιν
1290 1297 1372 1364 'Ana
1392 1298 1434 1381 γ’.
1455 1318 1488 1365 τε

269 1406 412 1466 οῖκοθεν.
458 1400 541 1466 ἀλλὰ
564 1403 627 1485 γδιρ
650 1402 835 1479 ἀνάπαυσις
857 1401 894 1467 ἐν

312 1506 412 1572 παντί
435 1513 570 1590 γλυκεῖα
592 1506 728 1597 άίρ-γφ·
751 1512 854 1594 κόρον
876 1507 907 1572 δ’
934 1512 998 1594 ἔχει

268 1612 323 1679 καί
346 1613 418 1698 μίλι
442 1612 496 1679 καί
519 1616 560 1679 τδι
582 1614 694 1701 τέρπν’
715 1657 729 1664 -
748 1614 843 1681 ἄνθε’
867 1613 1070 1701 Ἀφροδίσια.

269 1732 339 1808 φυᾷ
363 1720 391 1786 δ’
419 1720 569 1799 ἕκαστος
592 1721 793 1808 διαφέρομεν
815 1723 931 1806 βιοτάν
954 1727 1122 1807 λαχόντες,
1453 1746 1487 1791 eo

286 1902 328 1950 47.
352 1894 527 1966 θεμίοκοπον
552 1898 616 1950 BD
640 1930 672 1937 -
696 1899 856 1968 πολυθότης
878 1899 920 1963 D;
943 1900 1008 1968 post
1034 1899 1205 1962 πολυθύτοις
1228 1899 1401 1969 interpunxit
1424 1901 1486 1955 Ari-

216 1967 352 2036 starchus,
372 1970 437 2022 ante
457 1968 484 2031 ἐς
503 1966 586 2023 δίκαν
605 1968 701 2037 Heyne
721 2001 753 2010 -
772 1975 815 2025 49.
841 1968 959 2036 φεόδεσι
977 1968 1082 2041 μάρτυς
1100 1970 1172 2026 coni.
1191 1971 1368 2025 Bornemann
1386 1971 1486 2025 Philol.

214 2056 249 2107 ss,
269 2056 316 2107 τοι,
335 2042 453 2105 pendis·
473 2039 548 2093 idem
567 2040 964 2109 ap.Bursian-Mdller189‘2·
982 2058 1021 2096 τοο
1040 2074 1072 2080 -
1092 2040 1198 2111 μάρτυς
1216 2041 1308 2097 B¹D=
1328 2041 1426 2111 μάντις
1445 2044 1488 2096 Β·

218 2143 248 2150 -
269 2116 311 2164 60.
330 2108 402 2178 τόδ’,
422 2110 513 2178 εὑρεῖν
532 2129 632 2179 φαενν.
647 2112 717 2166 coni.
733 2111 838 2167 Steffen
857 2112 951 2180 Progr.
967 2111 1171 2182 Nicolaigymn.
1187 2113 1279 2184 Leipz.
1295 2120 1363 2167 1882
1380 2132 1406 2183 p.
1422 2132 1433 2167 ι
1454 2147 1486 2153 -

215 2189 257 2236 tl.
277 2180 363 2252 λέγων
382 2181 452 2235 coni.
467 2181 631 2236 Heimsoetb
650 2215 684 2223 -

216 2324 250 2374 τι,
269 2324 288 2359 ι.
321 2305 480 2361 Scholiasta
499 2307 573 2376 quod
592 2309 689 2361 narrat
706 2307 921 2377 Neoptolemum
939 2307 1059 2378 primum
1079 2309 1131 2362 sub
1150 2308 1246 2363 limine
1265 2308 1372 2379 templi,
1391 2313 1489 2379 postea

215 2395 233 2431 a
251 2378 379 2433 Menelao
397 2378 427 2432 in
446 2395 525 2433 sacro
544 2395 656 2433 nemore
674 2379 715 2448 (ἐν
733 2383 771 2452 τῷ
790 2378 907 2449 τεμένει)
926 2380 1067 2449 sepultum
1091 2397 1164 2448 esse,
1188 2397 1252 2433 cum
1274 2380 1435 2435 narratione
1454 2380 1489 2434 de

216 2449 325 2503 infenso
351 2449 380 2503 in
406 2450 621 2520 Neoptolemum
647 2449 740 2504 animo
767 2449 963 2520 Delphicornm
991 2451 1168 2505 sacerdotum
1197 2450 1345 2506 cohaerere
1368 2451 1489 2505 videtur.

215 2521 322 2575 Eodem
341 2524 451 2591 spectat
488 2522 544 2575 uod
562 2521 717 2575 Pausanias
736 2541 746 2574 1
765 2539 785 2588 ι,
804 2539 817 2575 ι
835 2524 933 2576 narrat
955 2522 1105 2592 Delphicos
1129 2523 1288 2577 sacerdotes
1306 2523 1428 2592 primum
1447 2539 1489 2576 se-

215 2593 343 2662 pulcrum
368 2540 545 2662 Neoptolemi
570 2595 715 2661 tamquam
741 2592 847 2646 inimici
874 2597 902 2647 et
928 2592 1058 2663 sacrilegi
1083 2594 1112 2648 in
1136 2593 1214 2647 nullo
1233 2594 1337 2648 honore
1356 2593 1488 2648 habuisse

215 2666 245 2717 et
270 2666 368 2734 postea
393 2665 517 2729 demum,
541 2681 603 2717 cum
629 2668 726 2718 contra
745 2663 841 2718 Gallos
867 2665 901 2718 iis
927 2664 1064 2719 auxilium
1089 2665 1213 2734 tulisset,
1238 2665 1320 2720 litare
1344 2665 1489 2719 sacrificiis

216 2751 265 2788 coe
286 2734 394 2788 isse-
413 2741 455 2790 46.
482 2735 597 2803 ἡρωΐαις
622 2734 653 2789 δὲ
678 2744 802 2805 πομπαῖς
827 2736 1008 2799 πολυθύτοις·
1036 2753 1116 2790 sacra
1138 2736 1331 2807 (ἐναγίσματα)
1358 2735 1489 2792 heroibus

216 2825 244 2859 m
276 2806 312 2859 tis
331 2805 453 2860 victimis
467 2805 545 2860 facta
560 2806 709 2876 significat,
725 2806 826 2875 quibus
840 2823 904 2860 cum
921 2807 1007 2861 sacris
1023 2806 1197 2863 lectisternia
1210 2809 1325 2863 heroum
1339 2807 1490 2861 coniuncto

217 2880 309 2944 erant,
333 2877 368 2932 de
391 2877 493 2946 quibus
517 2877 616 2932 schot:
644 2876 751 2947 γίνεται
771 2878 801 2932 ἐν
821 2882 942 2948 Δελφοῖς
960 2877 1046 2948 ἥρωσι
1065 2877 1156 2948 ξένια,
1182 2878 1213 2933 ἐν
1232 2876 1274 2943 οἷς
1292 2881 1372 2933 δοκεῖ
1389 2880 1403 2932 ὁ
1422 2879 1492 2940 θεὸς

217 2949 263 3003 ἐπὶ
282 2947 359 3014 ξένια
378 2952 472 3002 καλεῖν
490 2949 555 3010 τοὺς
569 2947 667 3018 ἥρωας.
696 2948 773 3003 Haec
792 2965 872 3002 sacra
891 2953 920 3003 et
939 2949 1113 3004 lectisternia
1127 2953 1159 3004 ut
1172 2950 1225 3004 rite
1239 2952 1346 3017 fierent,
1366 2951 1490 3019 Neopto-

217 3019 306 3075 lemus
330 3019 409 3073 heros
432 3020 564 3087 curabat,
588 3020 666 3073 ouius
686 3037 799 3087 nomen,
823 3036 887 3072 eum
905 3022 992 3075 Aeaei
1010 3021 1137 3075 iustitiae
1156 3021 1319 3076 memoriam
1338 3023 1489 3087 revocaret,

216 3108 266 3161 pro
277 3091 350 3145 bono
360 3090 452 3144 omine
462 3092 626 3161 (εὐώνυμον)
636 3090 838 3145 habebatur-
848 3096 890 3146 48.
905 3090 968 3159 τρία
979 3093 1055 3160 ἔπεα,
1069 3091 1239 3161 proverbiali
1254 3092 1395 3146 locutione
1405 3094 1490 3162 poeta

218 3179 283 3216 usus
302 3161 398 3232 paucis
418 3179 475 3216 rem
495 3162 633 3217 declarari
651 3178 732 3232 posse
752 3161 834 3229 dicit;
853 3162 923 3217 haec
943 3166 1037 3218 autem
1051 3163 1107 3217 tria
1121 3180 1184 3231 non,
1200 3166 1231 3217 ut
1245 3163 1414 3217 scholiastae
1428 3179 1490 3234 per·

216 3250 312 3304 peram
331 3233 559 3303 interpretantur,
573 3235 610 3287 ad
624 3233 821 3304 praecedentia
834 3233 984 3303 pertinent,
999 3235 1073 3302 quod
1088 3234 1288 3304 Neoptolemus
1302 3235 1363 3288 rixa
1377 3238 1492 3304 propter

216 3321 314 3358 carnes
328 3304 452 3358 excitata
466 3305 608 3373 occiderit,
623 3305 725 3374 Delphi
739 3321 835 3358 necem
847 3305 1052 3372 damnaverint,
1069 3306 1127 3359 fato
1143 3309 1228 3374 atque
1243 3306 1358 3359 deorum
1373 3305 1490 3360 consilio

218 3390 292 3429 mors
311 3375 489 3445 Neoptolemi
508 3393 593 3446 prope
613 3376 748 3447 templum
762 3374 928 3445 Delphicum
947 3376 1090 3430 destinata
1108 3376 1201 3445 fuerit,
1221 3376 1268 3431 sed
1289 3377 1326 3431 ad
1345 3377 1491 3447 sequentia

217 3447 304 3501 verba
323 3447 356 3500 οό
374 3449 475 3513 ψεῦδις
490 3448 504 3501 ό
519 3447 623 3517 μάρτυς
643 3447 775 3518 ἔργμασιν
794 3447 936 3501 ἐπιστατεῖ
953 3449 1019 3501 ‘non
1038 3448 1158 3501 mendax
1177 3447 1294 3502 antistes
1314 3447 1491 3503 caerimoniis

217 3518 417 3600 Neoptolemus
440 3521 572 3589 praeest'.
610 3519 686 3573 Haec
709 3519 738 3572 in
762 3535 791 3572 se
815 3519 947 3572 conclusa
970 3521 999 3573 et
1017 3518 1149 3573 absoluta
1172 3524 1238 3573 sunt
1256 3536 1345 3588 neque
1364 3520 1493 3590 indigent

218 3589 413 3658 additamenti,
428 3590 503 3660 quod
514 3590 657 3660 Mezgerus
672 3590 777 3644 adiecit
790 3594 894 3660 puncto
908 3593 973 3660 post
988 3590 1129 3644 ἐπιστατεῖ
1141 3590 1234 3645 deleto
1249 3594 1278 3645 et
1293 3591 1415 3662 ἐκγόνων
1430 3608 1491 3644 cum

218 3663 333 3731 ἔργματι
347 3661 503 3716 coniuncto.
523 3662 610 3715 Immo
624 3661 772 3731 genetivus
786 3670 856 3715 τεῶν
871 3660 939 3725 Διός
952 3659 977 3715 τ’
996 3659 1117 3731 ἐκγόνων
1127 3679 1144 3716 a
1153 3662 1286 3731 proximis
1297 3662 1389 3716 verbis
1403 3681 1492 3733 φαεν·
1603 3703 1608 3714 ,

218 3741 281 3796 ναῖς
294 3734 407 3801 ἀρεταῖς
421 3733 537 3802 pendet:
558 3733 713 3804 splendidis
732 3732 884 3787 virtutibus
900 3732 1086 3787 Aeacidarum
1125 3737 1205 3788 cetae
1224 3733 1327 3788 fiducia
1346 3734 1423 3787 facta
1441 3736 1492 3801 est,

219 3807 324 3858 uttam
337 3804 519 3858 honorificam
534 3804 702 3859 sententiam
717 3805 809 3859 ferret.
834 3803 982 3858 Difficilior
996 3805 1033 3857 ad
1047 3753 1243 3874 explicandum
1259 3809 1302 3858 est
1316 3804 1493 3859 accusativus

218 3874 287 3930 ὁδόν
306 3873 406 3944 κυρίαν
425 3874 520 3944 λόγων.
553 3875 706 3941 Quominus
725 3875 800 3929 enim
819 3891 882 3929 enm
902 3875 1106 3946 appositionem
1125 3875 1215 3930 dativi
1234 3878 1346 3945 ἀρεταῖς
1365 3892 1425 3931 esse
1443 3895 1493 3946 pu-

217 3950 322 4014 temus,
341 3946 542 4016 grammaticae
562 3947 650 4018 leges,
671 3947 818 4016 quominus
839 3946 994 4000 accusativi
1013 3944 1090 4014 τόδε,
1115 3947 1316 4001 sententiarum
1336 3964 1422 4001 nexus
1442 3949 1493 4000 iru-

217 4017 379 4088 pedimento
398 4021 448 4072 est.
486 4018 552 4072 lnde
572 4018 733 4089 analogiam
752 4017 853 4071 similis
872 4017 1088 4072 constructionis
1108 4018 1141 4071 N.
1157 4022 1350 4072 v154secutus
1370 4019 1438 4073 όδόν
1457 4019 1492 4072 ad

219 4089 333 4144 verbum
355 4090 444 4144 εἰπεῖν
462 4089 544 4143 traho
563 4091 638 4144 idem
652 4093 736 4159 atque
751 4088 821 4144 καθ’
844 4088 912 4144 ὁδὸν
931 4089 1025 4142 valere
1039 4091 1130 4144 ratus:
1146 4089 1197 4142 hoc
1213 4089 1304 4143 dicere
1319 4089 1493 4144 incedentem

218 4161 294 4215 viam
313 4163 470 4231 compotem
489 4162 692 4217 sententiarum
711 4162 794 4215 domo
813 4160 1003 4215 adfluentium⁴

290 4237 324 4284 52
339 4248 375 4287 ss.
400 4232 601 4301 digressionem
624 4233 659 4286 de
683 4232 866 4303 Neoptolemo
890 4232 1046 4302 abrumpit,
1069 4233 1101 4283 ut
1124 4232 1160 4284 ad
1180 4230 1367 4286 Thearionem
1385 4234 1494 4301 patrem

219 4304 332 4357 victoris
358 4306 497 4370 transeat,
523 4304 651 4372 quamvis
677 4304 751 4357 enim
777 4303 852 4358 dulei
876 4320 904 4358 re
928 4307 1063 4373 perpetuo
1082 4304 1206 4356 tractat-a
1224 4302 1372 4356 fastidium
1390 4302 1492 4373 parari.

218 4375 311 4428 Patris
335 4378 430 4428 autem
449 4377 617 4430 mentionem
637 4376 665 4429 in
685 4375 799 4458 epinicii
817 4375 869 4429 filii
888 4373 1092 4428 adulescentuli
1111 4373 1179 4441 lieri,
1199 4373 1271 4428 nihil
1289 4374 1353 4428 miri
1372 4377 1401 4428 et
1419 4374 1492 4443 quod

218 4445 355 4516 quaesitis
384 4447 555 4516 argumentis
584 4464 709 4501 excusari
738 4447 852 4515 debeat,
880 4445 1019 4500 habet-
1039 4451 1081 4498 53.
1110 4444 1279 4499 sententiam
1302 4445 1434 4516 repetivit
1456 4445 1493 4499 ab

219 4516 299 4572 Hom.
315 4516 346 4572 Il.
362 4537 410 4570 xm
425 4535 463 4572 ose
482 4518 596 4573 πάντων
615 4518 666 4588 μὲν
684 4516 766 4585 κόρος
785 4515 849 4585 ἐστί,
869 4519 916 4571 καί
935 4515 1026 4571 ὕπνον
1045 4517 1091 4570 καί
1112 4514 1259 4586 φιλότητος
1278 4549 1310 4556 -
1329 4523 1370 4571 54.
1386 4521 1445 4590 φυᾷ
1466 4517 1494 4569 in

219 4588 357 4658 principio
377 4606 465 4643 novae
484 4589 573 4659 partis
591 4590 694 4659 posuit,
714 4589 789 4658 quod
808 4606 825 4642 a
844 4587 980 4642 facultate
1000 4590 1101 4641 natura
1120 4587 1220 4656 cuique
1239 4588 1366 4658 ingenita
1384 4605 1494 4641 omnem

218 4664 350 4714 eventum
377 4661 497 4730 pendere
526 4678 688 4731 persuasum
716 4660 852 4727 habebat,
881 4659 1005 4714 obscuris
1030 4662 1124 4712 autem
1148 4659 1232 4713 amba
1255 4659 1316 4713 ’bus
1345 4659 1493 4727 significat,

219 4734 251 4783 ut
269 4731 334 4785 aliis
353 4731 526 4800 homiuibus,
546 4733 586 4786 sic
605 4732 692 4786 etiam
710 4731 860 4786 Thearioni
879 4749 933 4784 non
953 4731 1047 4785 omnia
1066 4747 1084 4784 a
1102 4733 1204 4785 natura
1243 4733 1291 4784 ata
1311 4749 1382 4795 esse;
1409 4730 1493 4784 dene-

219 4805 288 4874 gata
306 4805 400 4857 autem
420 4804 446 4857 ei
465 4804 551 4858 fuisse
570 4804 681 4859 videtur
700 4803 822 4874 corporis
842 4806 944 4873 vegeta
958 4802 1009 4871 vis,
1028 4819 1084 4870 qua
1103 4802 1131 4855 in
1151 4801 1225 4855 ludis
1244 4801 1381 4872 gymnicis
1396 4802 1493 4856 adver·

220 4874 307 4929 sarios
324 4874 461 4941 vinceret;
476 4876 555 4929 dedit
570 4875 684 4944 quidem
698 4875 724 4929 ei
740 4875 828 4929 Parca
843 4874 1005 4928 divitiarum
1020 4873 1128 4944 copiam
1144 4889 1216 4943 quae
1231 4873 1371 4927 sufficeret
1384 4875 1495 4942 (καιρόν

272 4975 397 5016 Pisones
412 4975 446 5015 ed.
461 4973 565 5016 christ.
1250 4970 1282 5015 19
1359 5017 1366 5034 ι
