3442 5550
326 414 384 468 CVI
824 416 1101 469 PROLEGOMENA.

415 579 520 664 έχθρὰ
548 579 588 644 δέ
612 597 695 664 φασι
722 580 941 665 φρονούντων
969 578 1123 662 ἀλλήλοις
1144 577 1331 662 Ἀθηναίων
1355 576 1408 642 καλ
1436 580 1602 662 Θηβαίων,

324 684 394 751 ε’πελ
421 685 546 772 ἔγραψέ
570 707 649 752 που·
677 681 715 751 Ὠ
747 685 808 751 ταὶ
839 684 1001 770 λιπαραὶ
1028 684 1091 750 καλ
1119 689 1401 770 μεγαλοπόλιες
1426 683 1601 768 Ἀθῆναι,

324 795 406 859 κατά
429 793 469 859 δέ
484 818 587 878 τινας,
610 793 679 859 ἐπεὶ
702 798 861 880 ἔρεισμα
881 792 1066 869 Ἑλλάδος
1084 796 1147 879 ἔφη
1166 795 1224 870 τάς
1245 792 1397 877 Ἀθήνας,
1421 792 1603 877 ἐζημίωσαν

324 901 427 966 αὐτὸν
453 904 593 986 Θηβαῖοι
621 906 742 986 χιλίαις
765 903 940 987 δραχμαῖς,
969 900 1007 978 ἃς
1031 899 1176 978 ἐξέτισαν
1198 897 1282 986 ὑπὲρ
1305 900 1410 966 αὐτοῦ
1431 898 1603 985 Ἀθηναῖοι

289 1026 304 1073 5
324 1009 369 1084 ὡς
381 1015 596 1094 ’φιλαττικοῦ

413 1115 540 1200 λέγεται
559 1113 596 1181 δὲ
614 1115 668 1182 καὶ
688 1117 732 1194 ὡς
748 1117 901 1192 Λάκωνες
921 1113 1144 1201 ἐμπρήσαντες
1161 1137 1240 1180 ποτε
1256 1116 1369 1199 Θήβας
1386 1114 1468 1179 κατά
1484 1113 1603 1198 μάχην,

325 1220 362 1306 ής
389 1220 467 1311 ἦρχε
492 1228 687 1301 Παυσανίας
714 1225 731 1292 ὁ
760 1236 857 1308 σφῶν
884 1225 1053 1308 βασιλεύς,
1081 1221 1263 1307 ἀπέσχοντο
1290 1225 1394 1306 μόνης
1416 1231 1473 1304 τῆς
1496 1223 1603 1298 οἰκίας

323 1342 383 1396 τοῦ
406 1341 559 1415 ποιητοῦ,
584 1334 711 1408 ίδόντες
735 1329 1015 1416 ἐπιγεγραμμένον
1038 1333 1089 1395 τό·

435 1456 640 1543 Πινδάρου
665 1466 732 1522 τοῦ
755 1465 1002 1542 μουσοποιοῦ
1025 1458 1096 1540 τὴν
1119 1453 1260 1539 στέγην
1282 1457 1330 1539 μὴ
1355 1457 1490 1519 καίετε.

273 1616 304 1663 10
322 1607 421 1663 τοῦτο
445 1598 485 1664 δέ
505 1617 587 1684 φασι
611 1598 665 1666 καλ
687 1599 899 1686 Ἀλέξανδρος
920 1600 1001 1684 μετὰ
1020 1608 1123 1664 ταῦτα
1141 1601 1306 1682 πεποίηκε.
1347 1595 1403 1663 καλ
1421 1597 1521 1674 αὐτὸς
1539 1599 1602 1682 γάρ

323 1703 489 1788 ἐμπρήσας
515 1708 626 1789 Θήβας
649 1705 789 1790 ἐφύλαξε
813 1709 874 1791 τήν
897 1708 1020 1789 οίκίαυ,
1048 1705 1068 1789 ή
1091 1702 1146 1771 καλ
1170 1708 1217 1781 είς
1239 1717 1439 1791 πρυτανεῖον
1462 1705 1603 1790 ὕστερον

325 1810 536 1896 ἀπετελέσθη.

349 2007 350 2011 ¹
412 1919 546 2004 φέρεται
579 1916 615 1984 δὲ
648 1923 759 2003 λόγος,
791 1919 845 1986 καὶ
877 1923 1029 2007 θεωρούς
1061 1943 1138 1985 ποτε
1172 1920 1329 1996 ἀπιόντας
1361 1920 1408 1995 είς
1427 1917 1604 2005 ’Ἄμμωνος

323 2028 454 2110 αἰτήσαι
483 2027 643 2115 Πινδάρῳ
672 2019 726 2093 οἷα
753 2032 840 2115 φίλῳ
869 2030 905 2094 τὸ
934 2028 970 2093 ἐν
998 2029 1193 2111 ἀνθρώποις
1220 2029 1369 2111 ἄριστον·
1401 2025 1456 2092 καλ
1483 2033 1604 2093 θανεῖν

262 2122 302 2199 Λ15
322 2132 425 2198 αὐτὸν
453 2133 488 2198 έν
516 2133 629 2221 ἐκείνῳ
658 2144 702 2222 τῷ
731 2134 881 2224 ἐνιαυτῷ.
928 2145 1025 2201 τοῦτο
1055 2132 1090 2200 δέ
1118 2134 1249 2211 πάντως
1276 2132 1331 2198 καὶ
1359 2135 1510 2200 θανάτου
1534 2133 1603 2200 ε’στλ

322 2239 486 2324 σέμνωμα,
510 2239 555 2316 ὡς
575 2242 774 2319 κολούοντος
792 2245 854 2327 τήν
873 2242 909 2308 ἐν
928 2254 1040 2320 κακοῖς
1058 2241 1264 2328 μακροτέραν
1282 2244 1408 2326 βιοτήν.
1449 2240 1467 2308 δ
1487 2243 1528 2326 δή
1548 2241 1603 2307 καλ

322 2344 374 2411 ἐπὶ
397 2358 464 2411 τῶν
487 2347 671 2413 κτισάντων
694 2351 752 2414 τὸν
772 2354 891 2416 Πυθοῖ
912 2352 994 2415 ναὸν
1018 2353 1197 2434 ίστόρηται,
1221 2352 1256 2413 οἳ
1276 2350 1313 2414 τὸ
1335 2352 1434 2436 ἔργον
1452 2366 1602 2415 συντετε-

322 2457 449 2530 λεκότες
476 2456 648 2540 θαύματος
676 2456 769 2535 ἄξιον
796 2457 837 2522 δν
863 2456 918 2521 καὶ
947 2457 1077 2540 άγαθὸν
1104 2455 1187 2541 μέγα
1215 2450 1493 2532 ἑαυτοῖςθεόθεν
1516 2459 1604 2541 αίτη-

321 2561 472 2645 σάμενοι,
504 2556 574 2626 εἶτα
606 2562 712 2629 ἔωθεν
745 2563 851 2630 οὐκέτ’
882 2561 967 2647 ήσαν
999 2564 1044 2641 ὡς
1075 2564 1212 2650 θανάτῳ
1243 2561 1496 2646 ἀπεληλυθότες.
1547 2563 1603 2630 καὶ

270 2689 303 2736 20
323 2666 466 2752 Κλέοβις
498 2665 533 2733 δέ
567 2668 621 2733 καὶ
649 2673 759 2735 Βίτων
792 2672 888 2756 ὅμοια
920 2682 978 2755 τῆς
1009 2668 1092 2758 ὑπὲρ
1125 2671 1256 2754 ἀγαθοῦ
1289 2670 1386 2754 εύχῆς
1418 2669 1603 2737 άπάναντο.

322 2775 420 2859 ήνίκα
450 2775 570 2841 ἐκεῖνοι
597 2779 658 2860 τὴν
684 2777 806 2864 μητέρα
835 2777 887 2844 ἐπὶ
914 2779 1038 2863 ἁμάξης
1061 2777 1256 2855 ἑλκύσαντες
1279 2779 1335 2842 διὰ
1357 2776 1457 2862 μέσης
1480 2777 1604 2864 ἀγορᾶς

322 2881 356 2959 ές
382 2881 622 2968 νενομισμένην
650 2885 810 2969 δημοτελῆ
838 2890 964 2951 θυσίαν
992 2884 1043 2973 (οῖ
1067 2887 1130 2971 γάρ
1160 2883 1242 2970 ίερολ
1269 2888 1344 2969 βόες
1372 2884 1412 2950 ού
1434 2884 1603 2973 παρῆσαν)

322 2993 440 3074 ἔτυχον
462 2987 522 3076 μέν
546 2992 642 3075 εὐχῆς
664 2996 833 3077 μητρόθεν
856 2993 901 3071 ὡς
924 2991 976 3058 ἐπὶ
999 2997 1216 3079 κρείτττοσιν,
1242 2989 1337 3057 αὐτοὶ
1361 2989 1397 3056 δὲ
1420 2993 1602 3078 προύκαλέ-

322 3115 423 3163 σαντο
451 3099 614 3182 θάνατον,
642 3098 679 3176 ὃς
706 3101 823 3166 αὐτίκα
850 3100 985 3167 ἐκείνων
1010 3100 1152 3186 ἐλάβετο.
1198 3099 1281 3164 άλλδι
1304 3107 1408 3163 ταῦτα
1430 3097 1491 3185 μέν
1514 3101 1602 3167 οὕτω

268 3224 301 3272 2⁶
321 3210 542 3292 παρερρίφθω
567 3205 640 3270 οὐδ’
662 3208 746 3272 αὐτὰ
769 3210 817 3285 είς
839 3213 945 3274 κενόν.

411 3322 470 3378 τοῦ
489 3309 526 3377 δέ
544 3315 627 3378 κατὰ
647 3316 820 3399 Πίνδαρον
839 3314 957 3398 γένους
976 3316 1062 3381 οὕτω
1082 3298 1299 3397 πεξολογικῶς
1317 3314 1604 3401 προευηνεγμένον

322 3419 457 3505 φέρεται
484 3422 531 3496 είς
558 3421 639 3486 αὐτὸ
667 3420 720 3486 καὶ
748 3421 794 3487 δι’
820 3422 908 3488 ἐπῶν
935 3429 1085 3488 παλαιῶν
1109 3432 1226 3504 ταῦτα,
1254 3413 1304 3499 οἷς
1327 3421 1524 3508 ἐμφέρονται
1547 3427 1607 3489 καί

322 3551 397 3591 τινα
421 3524 568 3592 ἐπέκεινα
592 3538 659 3592 τῶν
681 3529 942 3615 προειρημένων·

323 3653 527 3737 Πίνδαρον
554 3651 758 3740 ὑψαγόρην
783 3657 1009 3739 Καδμηίδος
1037 3657 1148 3720 οὔδει·
1172 3656 1300 3739 Θήβης
1328 3660 1429 3719 κτλ.
1468 3651 1513 3740 (p
1526 3653 1603 3743 CII)

268 3815 303 3863 30
411 3795 497 3860 οὕτω
531 3791 567 3859 δὲ
599 3793 653 3859 καλ
686 3798 813 3863 τούτων
845 3796 998 3884 ήσμένωυ
1027 3801 1074 3874 είς
1101 3799 1138 3863 τὸ
1166 3806 1225 3863 τοῦ
1253 3806 1392 3879 ποιητοῦ
1420 3797 1515 3880 γένος
1542 3799 1604 3864 ούκ

322 3902 536 3988 ἀγλαφύρως,
565 3904 599 3966 οί
624 3903 758 3969 παλαιοὶ
786 3904 846 3983 ἔξω
875 3917 942 3971 τῶν
970 3905 1006 3970 ἐν
1034 3916 1073 3991 τῇ
1098 3905 1286 3991 Πινδαρική
1314 3907 1418 3991 βίβλῳ
1443 3904 1604 3989 κειμένων

322 4021 497 4094 γνωμικῶν
521 4009 791 4094 ἀποφθεγμάτων
813 4022 1071 4098 προσιστοροῦσι
1090 4011 1145 4076 καὶ
1163 4012 1249 4077 τάδε.
1293 4013 1464 4095 Πίνδαρος
1483 4011 1604 4098 έρωτη-

321 4121 409 4199 θείς,
437 4121 471 4180 τί
496 4120 634 4202 πρίονος
660 4116 830 4202 ὀξύτερον,
859 4114 941 4184 εἷπε·
966 4120 1140 4201 διαβολή.
1188 4122 1339 4202 Δελφόσε
1364 4115 1400 4182 δέ
1424 4117 1604 4203 ἐρωτηθεὶς

322 4229 356 4289 τί
372 4224 509 4310 πάρεστι
527 4225 655 4304 θύσων,
679 4234 825 4290 παιᾶνα
844 4221 926 4291 εἷπε·
946 4223 1126 4310 μονονουχὶ
1145 4225 1262 4308 λέγων,
1281 4225 1316 4290 ἐκ
1335 4237 1401 4290 τῶν
1421 4225 1604 4312 ἐλλογίμων

269 4350 303 4398 35
323 4331 457 4415 ἀνδρῶν
484 4334 610 4397 θυσίαν
638 4326 723 4395 εἷναι
751 4336 872 4414 λόγους
894 4344 940 4420 τῷ
964 4336 1135 4417 κρείττονι.
1181 4334 1264 4417 πρὸς
1286 4332 1304 4396 ὃ
1329 4337 1487 4398 συλλαλεῖ
1506 4332 1603 4399 καὶὸ

322 4438 465 4523 γράήας,
494 4439 539 4514 ὡς
566 4440 717 4503 ἄκαπνα
745 4439 918 4504 θύουσιν
945 4440 1084 4503 ἀοιδοί.
1130 4441 1213 4524 πρὸς
1240 4436 1275 4504 δὲ
1301 4441 1358 4503 τὸν
1383 4438 1603 4525 ἐρωτήσαντα,

323 4548 378 4611 διά
406 4550 441 4611 τί
466 4545 506 4610 ού
535 4556 579 4633 τῷ
609 4542 646 4611 εὗ
673 4546 851 4630 πράττοντι
880 4551 940 4632 τὴν
963 4547 1132 4630 θυγατέρα
1155 4548 1310 4630 δίδωσιν,
1339 4545 1383 4611 ού
1411 4550 1534 4631 μόνον
1561 4543 1603 4613 εὖ

322 4655 565 4738 πράττοντος
601 4656 664 4738 ἔφη
697 4656 871 4738 δεῖσθαι,
908 4653 1004 4719 άλλά
1036 4651 1099 4718 καὶ
1131 4649 1173 4718 εὖ
1204 4652 1432 4736 πράξαντος.
1488 4663 1533 4741 τῷ
1566 4652 1603 4718 δέ

387 4892 392 4903 ”
413 4889 455 4937 ⁶37.
476 4882 538 4939 forst.
559 4883 647 4937 αὑτὸν
667 4915 699 4923 -
719 4882 898 4937 36..ἅκαπνα
918 4927 923 4938 .
940 4927 967 4938 ,.
988 4880 1095 4937 ἀοιδοί·
1116 4882 1150 4935 es.
1171 4882 1297 4938 Αἰθίοπι
1316 4902 1342 4952 p.
1358 4889 1393 4936 8⁰.
