3442 5550
672 1284 825 1339 ΠΤΘΙΟΝ.
846 1284 904 1338 ῙΒ’.

427 1447 615 1534 ΜΙΔΑι
653 1448 1150 1536 ΑΚΡΑΓΑΝΤΙΝΩι

699 1642 873 1696 ΔΤΑΗΤΗι.

699 1927 874 1998 strophae.

236 2969 331 3028 Midas
355 2970 570 3048 Agrigentinus
598 2970 723 3047 Delphis
750 2971 795 3029 bis
823 2971 905 3029 tibiis
933 2971 1007 3031 assis
1032 2970 1118 3048 vicit,
1148 2970 1236 3046 Pyth.
1257 2973 1298 3028 24
1318 2974 1348 3029 et
1373 2973 1423 3048 25,

148 3078 277 3136 quarum
296 3059 490 3119 victoriarum
513 3060 643 3136 priorem
665 3060 722 3120 hoc
740 3060 869 3119 carmine
888 3060 1062 3137 praedicari,
1081 3080 1116 3119 ex
1136 3079 1170 3119 eo
1190 3062 1323 3137 apparet,
1343 3060 1423 3136 quod

146 3149 270 3208 alterius
285 3149 428 3208 victoriae
443 3150 528 3208 nulla
543 3148 655 3209 mentio
669 3149 711 3207 fit.
736 3148 848 3219 Quodsi
863 3149 950 3225 Pyth.
963 3151 1003 3207 24
1015 3174 1057 3196 =
1069 3150 1132 3208 494
1144 3140 1239 3230 (490)
1251 3167 1277 3209 a.
1288 3148 1355 3207 Chr.
1367 3149 1423 3209 hoo

145 3257 263 3298 carmen
283 3239 483 3314 compositum
502 3242 555 3317 est,
574 3238 680 3298 iisdem
699 3238 778 3298 ludis
796 3238 892 3297 Midas
911 3238 993 3297 tibiis
1011 3238 1093 3316 vicit,
1114 3237 1223 3314 quibus
1242 3238 1422 3297 Xenocrates

146 3327 364 3408 Agrigentinus
388 3346 479 3387 curru
501 3327 659 3388 victoriam
682 3328 798 3404 peperit
821 3323 862 3408 (v.
882 3328 914 3386 P.
933 3321 989 3397 νὴ.

237 3417 416 3493 Principalis
443 3436 512 3494 pars
540 3417 681 3478 carminis
708 3419 846 3477 versatur
867 3417 899 3474 in
922 3417 1025 3476 fabula
1048 3416 1199 3475 narranda
1220 3417 1256 3476 de
1280 3415 1424 3476 tibiarum

148 3510 240 3567 oantu
268 3510 299 3565 et
325 3507 501 3584 polycepalo
534 3527 623 3567 nomo
652 3526 671 3565 a
698 3507 754 3566 dea
785 3505 920 3566 Minerva
943 3525 1079 3566 sororum
1106 3505 1254 3585 Gorgonis
1281 3506 1423 3586 lugubres

147 3596 287 3672 planctus
312 3596 449 3656 imitante
473 3597 608 3671 invent03
635 3597 709 3656 haec
737 3599 838 3655 autem
867 3596 971 3654 fabula
999 3616 1066 3655 oum
1094 3595 1198 3655 fabula
1226 3596 1261 3655 de
1285 3595 1422 3674 Gorgone

151 3685 304 3761 aPerseo,
326 3685 388 3746 filio
412 3686 543 3763 Danaae,
566 3686 725 3745 interfecta
748 3689 827 3746 arole
851 3686 1075 3759 coniunctaest
1093 3678 1219 3767 (7-27).
1256 3685 1424 3745 Praemisso

150 3780 196 3834 est
218 3775 363 3852 prooemii
386 3775 450 3835 looo
474 3775 572 3835 brevis
595 3775 744 3836 invocatio
769 3776 840 3836 deae
863 3778 1008 3851 patronae
1026 3775 1109 3833 urbis
1128 3774 1296 3853 Agrigenti,
1315 3777 1351 3832 ut
1370 3773 1422 3833 Mi-

149 3864 218 3924 dam
240 3864 384 3924 victorem
406 3865 538 3942 propitia
562 3865 710 3942 acciperet
727 3856 841 3946 (1-6);
864 3865 998 3924 subiecta
1022 3865 1116 3923 instar
1139 3864 1250 3942 epilogi
1269 3868 1315 3922 est
1333 3883 1422 3942 gene-

148 3953 220 4013 ralis
253 3953 401 4013 sententia
433 3954 468 4013 de
500 3955 654 4014 hominum
686 3954 831 4014 felicitate
863 3972 1029 4031 numquam
1061 3953 1123 4012 sine
1156 3954 1256 4013 labore
1289 3953 1423 4029 paranda

151 4034 292 4123 (28-32).
338 4043 402 4103 Hoc
436 4047 537 4103 autem
569 4044 665 4103 Midas
698 4064 818 4120 quoque
849 4044 879 4101 in
910 4042 1070 4103 certamine
1105 4042 1249 4119 Delphico
1284 4045 1423 4118 expertus

149 4150 212 4192 esse
230 4131 391 4208 ferebatur,
415 4134 558 4210 quoniam
581 4134 686 4211 lingua
710 4134 893 4193 calamorum
917 4133 995 4192 inter
1018 4131 1184 4192 canendum
1206 4131 1233 4190 ei
1257 4134 1346 4208 rupta
1369 4134 1422 4209 est,

151 4241 211 4299 qna
240 4224 341 4280 tamen
371 4226 461 4299 rupta
492 4223 566 4282 nihil
595 4223 792 4283 conturbatus
825 4223 948 4282 calamis
978 4222 1017 4280 ad
1046 4221 1168 4281 modurn
1199 4220 1317 4280 fistulae
1350 4239 1423 4279 usus

149 4312 252 4372 modos
275 4311 414 4370 carminis
438 4313 475 4372 ad
498 4313 587 4372 finem
610 4311 741 4371 deduxit.

236 4400 384 4459 Fabulam
408 4402 443 4461 de
463 4402 600 4481 Gorgone
619 4421 638 4460 a
656 4402 763 4461 Perseo
783 4401 940 4460 interfecta
963 4400 1109 4459 Pindarus
1128 4420 1164 4459 ex
1182 4399 1304 4459 Hesiodi
1324 4400 1421 4477 theog.

147 4500 268 4549 274-81
294 4493 324 4548 et
346 4492 475 4551 cannino
499 4491 602 4568 aliquo
625 4491 722 4567 epico,
750 4491 876 4550 fortasse
900 4489 1066 4550 Phoronide
1090 4490 1137 4548 vel
1161 4488 1309 4564 Danaide,
1338 4508 1422 4564 repe·

147 4579 230 4656 tivit,
260 4598 320 4656 quo
350 4599 385 4639 er
415 4582 509 4641 altero
539 4580 668 4640 carmine
696 4580 815 4656 plenam
838 4580 1041 4639 narrationem
1064 4579 1154 4637 huius
1177 4578 1273 4654 mythi
1297 4577 1421 4653 Apollo·

148 4668 238 4739 dorus
252 4687 274 4726 11
289 4681 323 4727 37
338 4672 489 4748 excerpsit.
518 4671 665 4730 Fabulam
679 4670 798 4746 qualem
812 4669 960 4728 Pindarus
975 4669 1137 4744 exornavit,
1152 4667 1274 4743 respicit
1293 4667 1419 4725 Nonnus

147 4757 271 4834 Dionys.
290 4777 328 4816 nn
348 4771 399 4818 227
419 4779 469 4834 ss.;
495 4760 642 4839 Gorgonis
665 4762 876 4836 praeterquam
902 4759 956 4819 hoo
979 4759 1044 4817 loco
1067 4757 1215 4816 Pindarus
1238 4755 1419 4816 mentionem

146 4847 218 4907 feeit
242 4846 275 4906 Ο.
295 4866 349 4905 xm
373 4860 406 4908 63
430 4854 461 4909 et
483 4851 513 4908 P.
539 4869 558 4908 x
581 4861 615 4909 lt
635 4868 672 4909 se.
697 4881 739 4890 -
762 4849 917 4909 'libiarum
945 4868 1034 4908 usum
1061 4847 1091 4905 in
1120 4846 1199 4905 ludis
1227 4845 1360 4924 Pythicis
1388 4850 1419 4905 et
