3442 5550
217 379 282 443 250
687 385 834 436 prunum
854 387 1021 440 urrurcm.

219 550 382 610 maioribus
411 550 569 628 traditum,
600 554 635 609 ut
662 553 765 611 heroes
793 553 962 612 domesticis
989 554 1130 613 laudibus
1154 558 1339 633 ornarentur,
1364 556 1500 632 primum

218 640 349 700 omnium
378 640 507 717 Aeaeus,
535 640 614 698 filius
642 642 719 699 Iovis
750 645 780 700 et
804 642 936 719 Aeginae
967 645 1127 721 nymphae,
1156 649 1221 703 tum
1249 644 1302 703 lilii
1330 645 1397 705 eius
1426 650 1500 723 tres,

218 729 324 788 Peleus
348 729 491 789 Telamon
515 730 644 808 Phocus,
673 730 777 789 deinde
800 731 881 789 Pelei
909 732 989 792 filius
1012 733 1143 792 Achilles
1177 736 1207 793 et
1238 753 1330 810 nepos
1361 735 1499 811 Neopto·

217 819 326 895 lemus,
368 818 537 877 Telamonis
576 819 630 877 filii
667 819 745 877 Aiax
784 823 815 879 et
851 821 971 880 Teucer.
1033 822 1167 893 Quorum
1203 822 1327 883 heroum
1366 824 1498 903 fabulas,

218 907 392 967 coniunctas
420 908 488 965 illas
517 927 585 967 cum
615 909 797 968 facinoribus
827 909 965 969 Herculis
993 914 1024 969 ot
1051 912 1122 970 t'atis
1150 911 1221 971 belli
1248 912 1387 990 Troiani,
1421 913 1498 973 adeo

219 997 366 1055 Pindarus
394 996 425 1054 in
454 997 588 1073 epiniciis
611 998 794 1075 Aeginetieis
822 999 1005 1076 decantavit,
1037 1004 1073 1057 ut
1101 1019 1188 1076 saepe
1216 1001 1336 1060 easdem
1362 1021 1411 1061 res
1434 1004 1499 1062 sere

218 1086 328 1146 eisdem
351 1086 448 1145 verbis
470 1090 612 1165 narraret,
635 1092 672 1146 ut
694 1087 818 1147 iusidias
846 1088 934 1148 Peleo
958 1089 995 1147 ab
1014 1090 1125 1149 Acasto
1150 1093 1279 1150 structas
1302 1090 1339 1149 N.
1359 1110 1395 1149 111
1414 1104 1448 1151 33
1461 1111 1501 1151 ss,

218 1177 254 1235 N.
274 1194 305 1233 rv
325 1187 405 1233 otss.
434 1175 470 1233 N.
490 1195 509 1233 v
528 1188 618 1253 hess,
638 1176 718 1235 Pelei
738 1183 769 1235 et
787 1178 922 1238 Thetidis
941 1178 1063 1254 nuptias
1082 1179 1119 1237 N.
1140 1198 1169 1238 rv
1190 1191 1222 1237 62
1234 1198 1270 1239 ss.
1295 1180 1317 1238 l.
1332 1199 1389 1238 vrrr
1404 1192 1438 1240 33
1451 1200 1500 1258 ss,

219 1264 319 1324 Aiacis
339 1268 464 1324 mortem
483 1265 687 1325 voluntariam
705 1266 741 1324 N.
761 1285 804 1325 vu
824 1279 856 1325 25
868 1286 904 1325 ss
937 1268 974 1326 N.
993 1286 1048 1327 333
1068 1281 1101 1327 23
1113 1287 1158 1345 ss,
1183 1268 1353 1328 Telamonis
1372 1274 1404 1327 et
1423 1269 1500 1328 Her·

219 1354 294 1414 culis
324 1372 475 1412 armorum
504 1355 677 1414 societatem
699 1355 736 1413 N.
755 1375 786 1414 ιν
806 1368 886 1415 ‘loss
928 1357 951 1416 I.
971 1376 1002 1415 vr
1022 1370 1116 1434 ursa,
1146 1357 1272 1417 Achillis
1300 1358 1392 1417 fortia
1416 1360 1501 1418 facta

220 1445 255 1504 N.
273 1461 307 1501 111
327 1455 360 1501 43
370 1463 406 1503 ss.
447 1443 483 1502 N.
502 1462 533 1501 vr
553 1456 633 1502 3533.
672 1444 693 1502 Ι.
712 1464 732 1503 ν
752 1458 831 1505 Atlas.
878 1447 926 1504 lta
953 1467 1022 1506 vero
1051 1448 1179 1507 colorem
1212 1447 1377 1505 carminum
1407 1454 1501 1525 poeta

220 1532 363 1609 variavit,
396 1536 432 1590 ut
463 1532 551 1592 modo
579 1552 670 1591 uuam
699 1535 849 1609 quandem
880 1536 1015 1595 fabulam
1047 1537 1160 1612 prolixe
1189 1536 1325 1613 referret,
1356 1536 1385 1594 id
1416 1538 1499 1613 quod

220 1622 346 1682 maxime
370 1621 400 1679 in
424 1622 605 1681 carminibus
628 1622 919 1699 dactylo-epitriticis
942 1625 1015 1684 feeit
1038 1621 1169 1705 (0.v111.
1201 1626 1237 1684 N.
1259 1644 1285 1684 v.
1306 1644 1368 1683 rur.
1398 1626 1422 1687 I.
1442 1628 1500 1707 vr),

220 1711 307 1771 modo
327 1710 458 1786 plurium
479 1730 577 1770 rerum
598 1712 698 1787 capita
716 1714 972 1790 complecteretur,
992 1719 1027 1772 ut
1046 1714 1221 1791 praesertim
1241 1715 1270 1772 in
1291 1715 1346 1774 hoc
1365 1716 1501 1774 carmine

220 1800 428 1877 pulcherrimo,
443 1801 521 1876 quod
537 1804 646 1878 tamen,
662 1803 799 1877 quamvis
814 1803 968 1878 splendere
984 1804 1121 1863 dictionis
1137 1807 1167 1863 et
1181 1804 1318 1863 ubertate
1331 1803 1501 1881 figurarum

221 1890 406 1966 audaciaque
425 1890 668 1965 metaphorarum
687 1891 792 1950 ceteris
811 1893 979 1966 antecellat,
995 1912 1091 1968 neque
1106 1893 1191 1951 dulce
1206 1897 1251 1951 est
1269 1912 1365 1968 noque
1381 1894 1501 1953 animos

214 1979 383 2058 ‘legentium
404 1982 458 2037 333
477 1980 562 2057 gravi
581 1980 690 2039 aflectu
707 1984 872 2040 commovet
887 1983 992 2041 autad
1007 1983 1266 2057 unumquendam
1282 1981 1369 2040 linem
1384 1981 1500 2062 dirigit.

763 2135 808 2201 De
830 2136 952 2201 metris.

311 2248 458 2309 Carminis
482 2248 572 2306 huius
591 2248 707 2307 numeri
730 2253 801 2308 sunt
820 2249 935 2309 Aeolici
955 2242 995 2329 (v.
1017 2242 1064 2330 79)
1102 2253 1114 2307 t
1133 2250 1308 2327 logaoedioi,
1332 2249 1501 2326 persimiles

222 2339 267 2398 illi
299 2338 440 2399 carminis
467 2338 503 2396 N.
524 2356 574 2396 vu.
625 2338 727 2414 Atque
760 2340 916 2415 plerosque
949 2358 1052 2399 versus
1083 2330 1150 2419 (atr.
1171 2352 1195 2400 1.
1215 2351 1239 2397 2.
1258 2351 1283 2397 4.
1304 2351 1328 2399 6.
1357 2358 1402 2414 ep.
1426 2352 1449 2397 1.
1469 2332 1501 2417 3)

222 2426 295 2488 κατὰ
319 2426 458 2487 διποδίαν
486 2427 668 2487 scandendos
697 2446 759 2487 esse
782 2431 879 2505 patet,
907 2448 1002 2503 neque
1032 2428 1083 2504 qui
1112 2428 1142 2485 in
1167 2428 1311 2504 tripediae
1335 2436 1501 2487 excurrunt

222 2538 325 2578 versus
349 2508 414 2596 (str.
435 2528 460 2575 3.
480 2508 520 2597 5),
545 2517 613 2575 huic
637 2517 791 2592 dipodieae
817 2517 965 2577 scansioni
990 2520 1193 2595 refragantur,
1217 2536 1243 2576 v.
1263 2516 1340 2576 I’rol.
1361 2535 1388 2574 r..
1427 2517 1500 2575 Inde

223 2607 354 2684 reliquos
383 2624 503 2683 quoque
533 2624 636 2664 versus
666 2608 716 2664 rix
744 2626 761 2663 a
789 2627 834 2665 me
863 2607 1021 2682 impetrare
1053 2607 1151 2683 potui,
1181 2609 1215 2663 ut
1243 2627 1279 2665 ne
1309 2610 1339 2663 et
1363 2607 1446 2681 ipsos
1470 2606 1500 2665 in

223 2696 359 2773 dipodius
378 2694 547 2753 dividerem.
585 2696 685 2771 Atque
705 2696 792 2754 facile
810 2695 866 2755 hoc
884 2694 947 2754 fieri
961 2699 1062 2771 potest
1076 2696 1105 2753 in
1121 2695 1228 2754 ultimo
1245 2713 1334 2753 versu
1348 2695 1501 2771 strophae,

224 2786 310 2847 modo
339 2804 407 2844 eum
431 2784 628 2843 acataleotum
653 2789 707 2843 aut
730 2784 827 2861 eapite
859 2803 913 2845 suo
946 2785 1098 2861 privatum
1126 2803 1188 2843 esse
1212 2784 1311 2843 ducas.
1358 2783 1442 2843 Idem
1465 2786 1502 2843 ut

223 2878 253 2936 in
281 2875 389 2934 ultimo
417 2893 505 2934 versu
533 2874 620 2949 epodi
648 2876 762 2934 lactum
789 2893 851 2933 esse
875 2876 1088 2951 statueremuS,
1119 2892 1242 2932 caesura
1269 2876 1338 2948 post
1361 2876 1502 2933 octavam

223 2965 371 3042 syllabam
398 2964 429 3021 in
457 2963 595 3022 omnibus
622 2965 751 3040 strophis
780 2967 899 3023 servata
926 2963 1047 3023 adducti
1078 2982 1189 3022 sumus.
1239 2961 1367 3021 Maiores
1399 2965 1501 3021 autem

224 3054 417 3115 difficultates
441 3050 526 3111 omne
550 3073 667 3112 carmen
692 3054 722 3111 in
746 3053 882 3130 dipodius
906 3052 1050 3111 dividenti
1074 3052 1209 3112 obiciunt
1231 3070 1335 3111 versus
1354 3051 1501 3127 septimus

224 3146 362 3221 strophae
395 3145 425 3201 33
458 3142 564 3200 tertius
597 3147 688 3220 atque
721 3146 847 3219 quartus
877 3141 977 3219 epodi,
1010 3161 1087 3219 quae
1120 3160 1304 3218 quamquam
1332 3140 1501 3199 artificiosis

224 3233 369 3293 machinis
392 3234 423 3289 et·
446 3231 566 3291 adscitis
591 3232 773 3308 temporibus
798 3232 936 3290 inanibus
959 3231 1103 3291 removeri
1127 3230 1330 3307 possunthoc
1354 3229 1457 3289 modo:

464 3372 906 3437 Ᾰ-υιυ-υυ;υ1-
960 3397 978 3419 .·.
1059 3408 1075 3417 .

580 3488 738 3528 υωυμ
801 3498 978 3525 semu:
1058 3516 1075 3524 -

626 3585 829 3635 nemost
884 3582 1278 3633 -υωυμῖυωυ-

227 3702 301 3760 nihil
322 3706 422 3759 tamen
441 3700 604 3759 diiudicare
624 3718 714 3757 ausus
734 3716 808 3774 sum,
824 3696 966 3772 quoniam
985 3716 1044 3755 non
1064 3695 1093 3752 in
1113 3712 1223 3770 pompa
1238 3712 1256 3751 a
1270 3692 1359 3750 choro
1378 3691 1502 3777 paribus

226 3792 377 3869 gressibus
400 3790 575 3864 procedente
599 3789 671 3847 haec
695 3787 752 3847 oda
776 3790 898 3846 3333333
922 3804 983 3844 esse
1006 3783 1134 3859 ridetur,
1158 3783 1209 3842 sed
1231 3782 1262 3839 in
1286 3781 1370 3840 curia
1389 3780 1432 3859 (v.
1453 3772 1502 3855 ⁷0)

226 3882 305 3939 inter
318 3880 431 3955 epulas,
455 3879 601 3956 Aeginam
617 3897 686 3936 vero
701 3880 790 3953 poeta
805 3895 864 3935 non
879 3874 942 3950 ipse
957 3893 1073 3933 carmen
1090 3873 1218 3948 advexit,
1233 3871 1283 3929 sed
1298 3869 1407 3928 Thebis
1422 3869 1503 3929 misit

227 3964 288 4049 (vv.
308 3982 334 4027 4.
355 3964 411 4047 Π).
448 3968 549 4027 Nihilo
570 3966 665 4027 secius
684 3970 784 4024 tamen
804 3965 926 4024 chorum
945 3964 1088 4021 iuvenum
1108 3954 1149 4041 (v.
1165 3973 1189 4019 4.
1206 3954 1255 4040 ou)
1270 3960 1311 4018 sic
1329 3957 1503 4034 loquentem

225 4060 304 4135 fecit,
328 4062 482 4133 tamquam
507 4057 570 4133 ipse
593 4055 697 4116 cantui
720 4055 874 4114 interesset
898 4053 1100 4128 victoremque
1124 4068 1263 4126 praesens
1289 4048 1502 4123 alloqueretur.

273 4246 312 4315 Ὠ
335 4253 453 4315 πότνια
479 4252 602 4330 Μοῖσα,
625 4256 725 4332 μᾶτερ
750 4243 899 4330 ἁμετέρα,
914 4284 928 4293 -
943 4246 1107 4326 λίσσομαι,
1298 4242 1378 4322 Eup.
1402 4237 1446 4303 α’.

280 4360 341 4423 τᾶν
364 4354 549 4433 πολυξέναν
572 4354 608 4420 ἐν
632 4356 802 4439 ἱερομηνίᾳ
817 4394 830 4401 -
845 4352 992 4435 Νεμεάδι

300 4589 379 4623 rrum
403 4588 506 4623 suerro.
548 4568 631 4621 luscr.
655 4582 709 4620 om.
733 4567 772 4633 B,
799 4559 995 4634 Ἀριστοκλείδᾳ]
1019 4559 1150 4631 Αἰγινήτῃ
1173 4565 1384 4628 παγκρατιαστῇ
1409 4558 1440 4611 D
1469 4588 1502 4597 -

230 4649 252 4697 l.
273 4638 294 4696 ὦ
314 4660 367 4697 om.
387 4642 414 4695 B
435 4672 465 4680 -
485 4646 510 4693 3.
530 4639 667 4703 notetus.
688 4638 752 4691 BD
771 4668 803 4677 -

300 4802 488 4838 3333333333,
527 4798 549 4835 v.
572 4788 594 4835 1.
624 4781 721 4835 schol:
751 4777 856 4849 μητέρα
884 4776 984 4830 ἑαυτοῦ
1013 4768 1072 4827 εἶπε
1099 4773 1152 4842 τὴν
1175 4776 1297 4826 Μοῦσαν
1325 4767 1506 4837 ὁΠΙνδαρος

229 4856 305 4911 drudo
331 4854 529 4924 ἐπιπνεύμενος
555 4852 585 4905 ἐκ
608 4860 663 4906 τῶν
682 4855 815 4905 Μουσῶν·
842 4849 873 4903 ἐκ
895 4845 948 4916 γάρ
971 4864 1014 4899 τοι
1037 4848 1161 4899 Μουσῶν
1185 4844 1233 4897 καὶ
1257 4839 1391 4914 ἑκηβόλον
1413 4838 1505 4895 uxot·
