3442 5550
216 422 279 485 134
688 424 836 475 Pinnem
854 422 1020 475 aermon.

267 586 382 672 ὀργαῖς
405 583 515 664 ἀτενὲς
538 585 717 651 ἀλωπέκων
740 592 850 652 ίκελοι.

267 695 383 780 κερδοῖ
403 690 439 758 δὲ
462 698 497 758 τί
516 694 603 778 μάλα
627 702 724 759 τοῦτο
748 692 926 781 κερδαλέον
949 692 1088 777 τελέθεις

267 802 323 866 ἅτε
345 802 408 887 γὰρ
433 801 578 866 εἰνάλιον

311 911 417 973 πόνον
440 907 582 992 ἐχοίσας
603 910 695 992 βαθὺ

216 1032 250 1078 80
269 1025 388 1092 σκευᾶς
411 1013 535 1101 ἑτέρας,
558 1014 662 1099 ἀβάπ-

311 1126 421 1200 τιστός
443 1125 508 1208 είμι
533 1124 653 1207 φελλὸς
676 1121 721 1199 ὣς
743 1118 826 1207 ὑπὲρ
850 1120 945 1207 ἕρκος
968 1123 1079 1206 άλμας.

268 1336 416 1401 άδύνατα
440 1335 472 1400 δ’
498 1339 576 1413 έπος
599 1335 748 1420 ἐκβαλεῖν
771 1338 930 1421 κραταιὸν
954 1335 990 1400 ἐν
1013 1334 1155 1417 ἀγαθοῖς
1274 1332 1357 1399 Ἀντ.
1381 1333 1425 1399 δ’.

268 1445 383 1509 δόλιον
406 1443 519 1508 άστόν·
544 1444 632 1527 ὅμως
654 1445 720 1528 μάν
1441 1457 1490 1505 150

312 1554 438 1615 σαίνων
460 1547 536 1614 ποτὶ
559 1550 699 1632 πάντας,
723 1548 809 1632 άγάν

312 1658 421 1741 πάγχυ
445 1654 620 1722 διαπλέκει.

269 1766 310 1830 οὕ
332 1770 387 1829 ίοι
410 1762 531 1849 μετέχω
556 1764 708 1850 θράσεος.
754 1768 855 1848 φίλον
878 1770 943 1847 εί-ιγ
967 1769 1090 1848 φιλεῖν·

270 1870 346 1938 ποτὶ
370 1871 401 1937 δ’
428 1872 552 1957 ἐχθρὸν
574 1870 625 1936 ἅτ’
651 1871 771 1958 ἐχθρὸς
794 1871 858 1936 ε’ὼν
881 1872 996 1936 λύκοιο
1019 1873 1117 1936 δίκαν
1139 1872 1386 1956 ὑποθεύσομαι,
1443 1888 1491 1935 155

219 1997 253 2043 aa
273 1977 346 2045 ἀλλ’
371 1981 487 2044 άλλοτε
510 1977 639 2043 πατέων
663 1977 754 2055 δδοῑς
776 1984 932 2054 σκολιαῖς.

272 2086 308 2152 έν
330 2087 438 2152 πάντα
461 2083 498 2151 δέ
521 2089 625 2170 νόμον
647 2086 884 2168 εὐθύγλωσσος
906 2085 990 2170 ἀνὴρ
1013 2084 1186 2171 προφέρει,

270 2195 359 2281 παρὰ
381 2194 570 2280 τυραννίδι,
593 2193 654 2278 χώ-

315 2305 420 2368 πόταν
443 2300 461 2366 δ
485 2301 622 2386 λάβ-ρος
645 2304 798 2386 στρατός,
1443 2318 1493 2367 160

291 2536 331 2585 78.
356 2532 453 2599 κερδοῖ
470 2528 541 2585 coni.
558 2530 702 2585 Huschke:
726 2530 819 2597 κέρδει
838 2530 918 2584 codd.
939 2562 971 2569 -
991 2528 1018 2584 τί
1035 2539 1117 2585 τοῦτο
1136 2530 1210 2600 μάλα
1231 2532 1303 2586 0-
1322 2528 1445 2585 τελέθειι
1468 2526 1494 2584 τί

219 2603 255 2671 δή
275 2603 301 2657 οἱ
320 2604 348 2656 Β
368 2634 400 2641 -
421 2607 462 2655 79.
483 2601 555 2655 ἐναλ.
577 2603 687 2667 ΒΟΗς
708 2601 872 2656 cf.0.1xss
892 2634 924 2641 ·—
945 2600 1055 2672 ἐχοίσας
1075 2603 1146 2658 OD:
1173 2600 1285 2673 ύχοίσας
1302 2604 1343 2669 Β,
1369 2600 1495 2673 ὀχεοίσας

220 2674 291 2730 coni.
314 2672 462 2728 Ahlwardt
487 2704 521 2712 -
548 2672 631 2744 βάθει
660 2672 729 2727 coni.
755 2673 898 2743 Hartung,
917 2675 1013 2746 βαθὺν
1032 2673 1124 2743 Bergk
1144 2706 1176 2713 -
1197 2678 1238 2728 80.
1260 2669 1315 2743 εἶμι
1333 2673 1495 2744 praeferunt

220 2744 332 2815 Berglr³
355 2747 384 2799 et
409 2743 553 2798 Schnitzer
580 2744 614 2798 de
638 2743 716 2798 Pind.
738 2743 845 2797 emend.
867 2760 893 2798 sa
916 2776 947 2784 —
970 2751 1012 2801 81.
1038 2746 1180 2800 delicatos
1202 2744 1229 2799 δ’
1251 2747 1281 2799 D
1301 2778 1332 2786 -
1352 2751 1394 2800 82.
1421 2744 1495 2815 ἀγδικ

219 2817 346 2873 Boeckh:
365 2815 439 2886 ἄγαν
459 2815 552 2883 codd,
581 2815 653 2869 ἄταν
681 2815 776 2885 Heyne
796 2848 828 2855 —
849 2812 980 2870 διάπλεκε
999 2836 1025 2871 v.
1044 2816 1062 2872 l.
1083 2817 1169 2873 schol.
1188 2820 1291 2872 recent.
1316 2848 1349 2857 -
1374 2820 1417 2872 84.
1445 2816 1495 2871 λδιτ

219 2888 351 2945 Huschke
370 2920 403 2929 -
423 2891 465 2942 87.
485 2892 587 2955 λαύρος
605 2887 668 2941 BD
686 2918 720 2928 -

220 3032 320 3088 schol:
346 3029 502 3101 ὑποφάτιες
527 3029 558 3084 δὲ
585 3031 646 3086 rivel
674 3039 723 3084 τοῦ
744 3030 906 3100 ἑρμηνευταλ
927 3030 1127 3103 solisadolus.
1174 3032 1215 3084 Ex
1234 3031 1288 3085 hac
1307 3031 1495 3101 explicatione

220 3123 276 3159 non
302 3121 365 3159 cum
392 3102 493 3157 Bet-hic
517 3103 682 3156 concludere
702 3103 791 3156 audeo
811 3102 993 3157 scholiastam
1012 3102 1041 3154 in
1061 3120 1110 3157 suo
1130 3102 1201 3157 libro
1227 3103 1406 3172 ύποφάτορες
1432 3120 1495 3159 exa·

219 3182 313 3231 ratum
338 3175 490 3239 invenirem
518 3173 602 3228 immo
628 3172 677 3228 ille
703 3174 854 3227 abstractis
879 3174 1036 3228 nominibus
1059 3177 1173 3244 poetam
1191 3192 1241 3245 pro
1261 3174 1398 3229 concretis
1417 3193 1495 3229 usur·

219 3264 302 3319 passe
328 3246 449 3314 monuit,
480 3246 555 3299 unde
580 3244 784 3299 calumniarum
810 3244 964 3299 delationes
991 3245 1066 3298 idem
1092 3245 1249 3315 significent
1276 3250 1362 3315 atque
1390 3245 1495 3301 calum·

220 3320 344 3373 uiatores
377 3322 406 3371 et
440 3316 588 3372 delatores.
634 3318 724 3371 Acnte
757 3320 851 3371 antem
883 3317 1058 3370 Hermannns
1090 3334 1184 3387 opusc.
1209 3337 1246 3370 mr
1275 3336 1311 3373 121
1341 3319 1451 3372 monuit
1479 3336 1497 3373 a

220 3390 342 3445 Pindaro
372 3388 530 3458 ιἰποφάτιας
554 3388 680 3457 eosdem,
704 3387 752 3457 qui
778 3387 923 3456 Syracusis
951 3386 1140 3459 ποταγωγίδες
1162 3388 1304 3457 audirent,
1329 3389 1496 3472 significata

221 3460 377 3516 convicium
403 3460 478 3514 enim
503 3458 591 3514 latere
617 3459 645 3512 in
671 3460 732 3530 ipso
758 3460 870 3513 nomine
896 3462 1088 3528 ποταγωγίδα,
1115 3477 1169 3528 qno
1195 3460 1267 3515 tales
1286 3461 1413 3516 hommes
1432 3478 1496 3516 cum

221 3531 414 3587 meretricibus
442 3534 679 3601 componerentur.
717 3532 758 3585 Dc
783 3548 812 3584 re
838 3530 898 3601 ipsa
925 3530 990 3584 ride
1013 3530 1321 3601 Aristot.polit.v11:
1348 3530 1409 3587 οἷον
1432 3534 1497 3602 περλ

222 3604 406 3672 Συρακούσας
425 3602 455 3656 αλ
473 3606 663 3673 ποταγωγίδες
682 3604 864 3672 καλούμεναι,
890 3604 938 3656 καλ
956 3604 1021 3666 τοὺς
1039 3603 1216 3667 ὠτακουστὰς
1235 3602 1387 3674 ἐξέπεμπεν
1402 3602 1497 3673 Ἱέρων

222 3676 292 3731 ὅπου
312 3696 353 3738 τις
372 3675 413 3743 εἴη
434 3672 567 3728 συνουσία
586 3676 634 3728 καλ
653 3674 794 3744 σύλλογος·
815 3675 848 3729 cf.
864 3674 944 3728 Phot.
959 3674 1011 3729 lex.
1027 3673 1226 3744 ποταγωγίδεςΙ
1247 3675 1354 3744 φάνται
1375 3673 1390 3744 ἦ
1410 3696 1497 3745 μηνυ·

223 3746 277 3813 ταί,
297 3750 326 3801 et
344 3745 419 3802 Plut.
433 3745 513 3799 Dion.
529 3764 563 3815 ει,
583 3746 617 3799 δε
637 3745 800 3799 curiositate
819 3764 845 3815 p.
861 3762 900 3800 aaa
919 3777 952 3786 -
974 3752 1014 3800 78.
1041 3748 1150 3813 κερδοῖ·
1177 3746 1255 3816 vulpi
1281 3746 1395 3801 fabulae
1422 3764 1496 3802 com-

233 3821 307 3873 iarat
325 3816 557 3871 calumniatorem
576 3818 612 3871 cb
632 3816 831 3884 calliditatem,
856 3834 920 3870 eum
943 3820 1039 3871 tamen
1061 3817 1133 3871 nihil
1152 3818 1283 3887 proficere
1303 3818 1396 3886 addit,
1421 3818 1497 3873 inco·

236 3907 327 3943 amem
343 3888 460 3943 enimse
476 3888 598 3942 evasisse
618 3906 651 3942 cx
670 3888 780 3942 insidiis
798 3888 1041 3943 calumniatorum.
1077 3890 1178 3943 Rerum
1199 3889 1272 3943 hunc
1287 3888 1357 3943 mihi
1371 3889 1497 3944 ordinem

225 3966 253 4015 et
272 3978 382 4014 cursum
400 3962 489 4029 fingo:
508 3960 629 4030 primum
647 3960 732 4015 Hiero
752 3960 904 4015 Pindarum
923 3977 1033 4029 quoque
1052 3961 1090 4014 acl
1108 3979 1188 4015 suam
1207 3961 1302 4014 aulam
1321 3961 1430 4031 regiam
1448 3962 1498 4015 ad·

225 4034 325 4087 ducere
352 4031 510 4101 cogitabat3
537 4034 598 4085 tuns
624 4031 722 4099 aulici,
750 4032 822 4087 inter
847 4050 917 4101 qnos
943 4032 1142 4102 Bacchylidem
1168 4049 1278 4101 quoque
1306 4032 1393 4086 t'nisse
1422 4032 1497 4086 hand

222 4102 409 4175 improbabile
432 4106 488 4173 est,
511 4106 544 4157 ut
565 4120 660 4173 regem
684 4105 720 4157 ab
744 4122 776 4159 eo
800 4104 916 4158 consilio
939 4105 1122 4172 deterrerent,
1146 4103 1299 4157 Pindarum
1318 4103 1394 4157 omni
1413 4103 1497 4159 modo

223 4175 483 4239 calumrriabantur3
504 4176 541 4229 ad
560 4179 731 4245 postremum
750 4178 845 4230 tamen
859 4175 943 4230 Hiero
962 4176 1073 4230 reiectis
1093 4175 1154 4229 istis
1173 4174 1417 4229 criminationibus
1432 4174 1498 4230 Pin-

223 4248 321 4301 darum
341 4264 391 4318 per
409 4245 519 4316 legatos
538 4246 683 4316 inritavit,
704 4251 735 4301 ut
758 4247 918 4316 victoriam,
942 4265 1027 4317 quam
1045 4264 1134 4317 nuper
1152 4246 1255 4301 Thebis
1274 4251 1497 4317 recuperaverat,

223 4338 274 4373 sira
298 4320 380 4373 Musa
403 4318 580 4388 praedicaret
603 4351 636 4358 -
661 4324 693 4372 79
709 4337 729 4373 s.
750 4318 848 4372 eodem
872 4318 1080 4388 comparatione
1107 4318 1194 4372 simili
1216 4319 1245 4372 in
1265 4335 1351 4373 causa
1369 4336 1436 4373 usus
1456 4324 1500 4373 est

222 4390 321 4445 Aesch.
337 4390 460 4459 Choeph.
475 4407 526 4445 ποτε
546 4393 645 4452 παῖδες
663 4389 716 4460 γὰρ
735 4390 819 4457 ἀνδρὶ
837 4388 970 4461 κλῃδόνες
989 4388 1117 4458 σωτήριοι
1133 4394 1137 4458 Ι
1153 4388 1282 4459 θανόντι,
1301 4392 1398 4458 φελλοὶ
1417 4389 1446 4445 δ’
1463 4390 1500 4454 ὣς

224 4463 323 4532 ἄγουσι
349 4460 471 4529 δίκτυον,
489 4464 492 4528 Ι
509 4460 558 4516 τὸν
585 4461 614 4515 ἐκ
640 4464 733 4533 βυθοῦ
759 4466 902 4530 κλωστῆρα
928 4462 1060 4525 σώζοντες
1084 4460 1162 4516 λίνον
1186 4494 1218 4503 -
1238 4461 1329 4533 βαθύ,
1355 4461 1410 4515 nisi
1436 4478 1500 4516 cum

225 4533 344 4605 lterglrio
371 4533 399 4586 in
426 4532 521 4606 βαθύν
547 4532 684 4602 corrigere
710 4535 848 4601 praestat,
868 4531 925 4585 vim
949 4532 1075 4586 adverbii
1102 4533 1200 4588 habet:
1227 4533 1310 4587 suber
1328 4532 1358 4586 in
1378 4549 1498 4602 aequore

223 4606 310 4659 maris
333 4607 426 4671 natat,
452 4604 518 4657 dnm
541 4604 650 4672 reliqua
672 4622 737 4673 pars
761 4604 828 4658 retis
847 4604 877 4657 in
895 4603 1064 4673 profundum
1082 4604 1168 4657 maris
1187 4605 1314 4658 demersa
1333 4603 1499 4675 piscationis

224 4676 320 4731 labore
343 4676 531 4746 premitur-
551 4681 593 4729 81.
618 4673 764 4743 κραταιόν,
784 4676 858 4744 quod
877 4674 973 4728 caleat
991 4691 1090 4729 nocere
1109 4675 1148 4745 ei,
1167 4676 1215 4744 qni
1234 4675 1314 4730 falsis
1334 4676 1499 4731 criminibus

244 4749 330 4803 etitur
355 4779 391 4788 -
416 4753 458 4801 82.
487 4746 561 4817 άγὰν
580 4746 734 4800 διαπλέκει·
762 4747 927 4817 metaphora
946 4763 963 4799 a
983 4764 1050 4800 cane
1070 4750 1100 4801 et
1117 4747 1260 4816 palaestra
1277 4747 1368 4818 petita
1388 4750 1499 4801 astutus

224 4766 306 4873 iiomo
326 4818 469 4872 adulando
488 4818 564 4871 omni
588 4817 671 4871 modo
695 4818 785 4872 sinum
810 4819 902 4873 facere
921 4822 950 4872 et
967 4834 997 4872 se
1016 4817 1158 4873 insinuare
1183 4819 1297 4888 dicitur,
1317 4820 1352 4874 cf.
1367 4819 1498 4874 Aeschin.

224 4891 254 4944 in
274 4890 346 4945 ths.
366 4910 404 4947 ra:
437 4886 645 4949 ἀντιδιαπλέκει
669 4890 739 4959 πρὸς
763 4898 845 4944 τοῦτο
879 4922 913 4931 -
948 4895 989 4945 86.
1016 4889 1047 4943 ἐν
1071 4889 1165 4946 πάντα
1191 4888 1289 4961 νόμον·
1315 4890 1353 4944 ad
1379 4890 1498 4960 quodvis
