3442 5550
441 423 476 475 11.
505 424 554 472 DE
573 422 667 473 ARTE
686 423 846 474 Marmor
866 422 1023 477 PINDARI.
1309 422 1372 478 LIII

84 765 136 830 sic
155 764 256 829 etiam
275 764 303 828 si
322 765 430 849 plures
450 763 600 847 deinceps
617 762 780 848 'tripediae
800 786 869 829 sese
888 763 1066 848 excipiunt,
1085 768 1190 829 totam
1204 765 1372 849 periodum

85 870 324 956 aequabilitate
343 870 488 954 primarii
507 871 592 935 ictus
612 870 825 954 tripodiarum
845 871 886 935 ad
902 870 1104 956 rhythmicos
1118 893 1269 937 numeros
1283 895 1372 938 revo-

85 1001 162 1044 care
185 977 323 1063 poteris,
346 982 383 1042 ut
406 977 628 1043 dochmiacam
651 977 819 1060 periodum
839 976 955 1042 Aesch.
981 976 1068 1062 Sept.
1088 980 1152 1043 219

201 1173 322 1259 μήποτ’
344 1174 423 1258 ἐμὸν
445 1172 517 1238 κατ’
538 1173 597 1257 all
619 1185 688 1238 ῶνα
712 1177 803 1239 λίποι
826 1181 918 1239 θεῶν
938 1179 942 1253 l
964 1174 1022 1238 ἅδε
1044 1175 1228 1261 πανάγυρις
1248 1174 1252 1261 I

200 1279 278 1367 μηδ’
300 1280 444 1365 ἐπίδοιμι
468 1279 562 1346 τάνδ’
585 1286 589 1360 I
611 1280 936 1367 ἀστυδρομουμέναν.

176 1406 317 1471 Maxime
335 1411 443 1470 autem
462 1427 502 1470 ne
519 1406 605 1470 ferro
619 1406 759 1492 igneque
775 1406 931 1491 tripediae
946 1406 1182 1492 impugnandas
1197 1430 1370 1495 censerem,

86 1514 239 1580 Plautina
251 1535 304 1578 ars
319 1513 454 1578 metrica
468 1536 519 1577 me
534 1513 717 1579 commorit.
749 1513 781 1579 Is
796 1513 882 1578 enim
898 1536 1103 1600 quamquam,
1118 1537 1200 1600 quae
1215 1520 1286 1580 tum
1301 1521 1371 1581 erat

86 1621 271 1707 rhythmica
289 1620 497 1704 consuetudo,
517 1642 628 1685 versus
648 1621 752 1705 quiin
767 1621 914 1706 dipodias
929 1622 980 1685 vel
995 1626 1099 1687 metra
1113 1621 1213 1687 dividi
1227 1627 1370 1707 possent,

86 1729 251 1812 dimetros,
273 1732 491 1812 tetrametros,
514 1726 728 1810 hexametros,
752 1727 845 1792 unice
865 1728 1039 1813 adamaret,
1061 1734 1170 1794 tamen
1187 1729 1221 1794 in
1241 1729 1368 1794 creticis

86 1835 219 1901 canticis
246 1834 338 1899 iuxta
365 1838 573 1899 tetrametros
601 1835 748 1899 versibus
777 1858 816 1899 ex
845 1835 969 1902 duabus
997 1837 1146 1921 tripudiis
1170 1836 1368 1904 catalecticis
1484 1869 1487 1875 v

92 1941 280 2027 compositis
304 1941 352 2006 uti
375 1964 441 2006 non
464 1962 597 2027 prorsus
621 1947 812 2026 aspernatus
835 1946 898 2024 est,
922 1948 959 2008 ut
982 1944 1017 2007 in
1039 1943 1190 2009 Bacchid.
1209 1945 1287 2009 645:

385 2070 469 2114 nanc
491 2050 614 2114 uocanti
636 2070 687 2114 ero
707 2054 711 2128 I
731 2048 797 2131 filio
819 2051 915 2133 senis,

386 2157 510 2238 quanm
533 2177 584 2237 epo
608 2156 684 2235 bibo,
705 2157 709 2239 1
729 2158 853 2238 paicnm
876 2159 930 2221 cdo
953 2163 982 2222 ct
1003 2178 1086 2237 enac,

385 2265 488 2345 reptos
511 2265 615 2344 coptos
635 2269 639 2341 Ι
660 2284 830 2345 carensque
853 2264 956 2328 obtuli.

170 2388 272 2455 Vides
297 2410 348 2452 me
370 2385 432 2453 hac
456 2409 583 2472 quoque
606 2387 640 2452 in
663 2392 755 2472 parte
779 2387 971 2453 difficillima
990 2412 1009 2453 a
1028 2390 1258 2455 circulatorum
1278 2414 1367 2476 prae-

87 2497 190 2583 stigiis
208 2497 306 2581 longe
325 2493 499 2559 abhorrere
513 2498 546 2559 et
560 2516 644 2578 quae
658 2493 725 2559 sint
739 2494 810 2559 riae
824 2495 931 2559 variae
955 2495 1164 2562 difficultates
1179 2499 1365 2563 removendi

86 2604 215 2669 candide
243 2602 377 2688 aperire.
422 2601 530 2686 Atque
556 2600 626 2665 fore
650 2601 810 2685 suspicor,
840 2602 895 2687 qui
919 2624 970 2666 me
994 2602 1074 2666 mihi
1097 2625 1164 2668 non
1187 2605 1267 2669 satis
1292 2628 1365 2671 con·

86 2717 168 2777 stare
201 2715 236 2776 et
263 2708 455 2776 adversariis
484 2709 557 2793 plus
587 2730 690 2793 aequo
719 2709 823 2773 latere
855 2710 930 2774 dare
962 2709 1207 2794 reprehendant.
1254 2712 1300 2776 At
1331 2713 1366 2778 in

85 2820 178 2885 rebus
200 2816 367 2883 historicis
391 2821 424 2881 et
446 2816 637 2900 praesertim
660 2816 695 2880 in
719 2838 872 2881 sonorum
895 2838 1169 2902 numerorumque
1189 2824 1258 2884 arte
1278 2820 1365 2884 volu-

86 2925 147 2990 bili
170 2947 211 2991 ne
243 2923 359 3011 riffl‘dis
388 2923 528 2988 modulis
559 2923 655 2988 unius
684 2923 871 3007 systematis
901 2924 1010 2989 omnia
1038 2925 1225 3009 metiamur,
1252 2926 1364 2991 sedulo

86 3032 258 3098 carendum
281 3035 340 3096 est.
376 3030 524 3114 Denique
549 3052 618 3094 esse
641 3030 677 3094 in
700 3030 818 3114 quibus
842 3029 941 3094 animi
961 3030 1118 3114 pendeam
1137 3031 1238 3095 libere
1260 3032 1365 3117 fateri,

85 3146 114 3204 et
143 3138 414 3206 Academicorum
446 3158 614 3202 assensum
647 3136 868 3201 cohibentium
902 3140 935 3201 et
966 3137 1001 3200 in
1033 3141 1205 3221 utramque
1237 3142 1363 3221 partem

85 3245 317 3332 disputantium
349 3245 459 3329 potius
492 3265 589 3329 quarn
619 3241 804 3309 Stoicorum
837 3243 1032 3329 pugnacium
1060 3247 1094 3308 ot
1121 3243 1362 3309 obstinatorum

85 3359 190 3437 partes
214 3352 306 3436 sequi
330 3350 499 3437 prudentis
522 3349 663 3414 hominis
688 3370 758 3414 esse
782 3349 872 3414 duco.

381 3566 427 3630 Do
450 3564 594 3648 strophis
618 3565 652 3629 et
673 3563 870 3647 temporibus
892 3563 1052 3629 inanibus.

166 3693 216 3757 De
231 3691 369 3778 singulis
384 3691 531 3757 versibus
546 3689 751 3754 dimetiendis
766 3694 941 3774 postquam
952 3687 1198 3775 disputavimus,
1212 3695 1315 3756 restat
1323 3696 1362 3757 ut

83 3799 117 3864 de
135 3799 216 3864 totis
234 3798 378 3882 strophis
397 3796 576 3863 dividendis
591 3817 793 3882 quaeramus.
824 3797 932 3881 Atque
948 3819 1021 3862 cum
1035 3797 1107 3882 ipsa
1121 3820 1229 3862 rerum
1244 3803 1362 3863 natura

81 3906 208 3990 probari
222 3905 370 3971 videatur
386 3926 498 3969 omnes
511 3926 624 3969 versus
638 3903 794 3988 strophae
807 3904 843 3968 in
856 3926 957 3969 unum
972 3895 1089 3989 corpus
1105 3905 1266 3990 cogendos
1281 3927 1361 3990 esse,

81 4013 181 4101 maffl's
210 4013 309 4078 etiarn
333 4010 464 4076 Pindari
488 4033 622 4076 aranos
647 4015 845 4095 commonet,
872 4015 972 4076 utne
997 4032 1109 4076 versus
1132 4011 1221 4096 ipsos
1245 4035 1303 4097 per
1326 4036 1360 4078 se

80 4125 268 4205 spectemus,
291 4119 347 4185 sed
365 4120 453 4184 inter
471 4140 505 4182 se
524 4118 695 4184 cohaerere
712 4118 788 4183 illos
809 4123 906 4202 atque
925 4119 1018 4202 qussi
1037 4118 1184 4184 membra
1203 4120 1360 4204 quaedam

82 4228 171 4294 unius
196 4226 343 4312 corporis
366 4249 436 4292 esse
461 4230 651 4291 statuamus.
690 4224 796 4302 Quid?
820 4226 906 4310 quod
929 4224 1025 4290 multi
1042 4248 1156 4291 versus
1174 4225 1209 4289 in
1228 4224 1360 4292 Pindari

80 4335 274 4400 carminibus
303 4337 491 4417 occurrunt,
519 4333 574 4418 qui
601 4354 667 4397 non
695 4333 728 4397 in
756 4355 790 4398 se
814 4332 957 4397 conclusi
981 4337 1014 4397 et
1037 4333 1172 4418 perfecti
1197 4332 1276 4418 sint,
1303 4335 1359 4399 sed

82 4464 149 4507 cum
177 4441 327 4507 versibus
357 4440 514 4524 proximis
543 4440 758 4505 continuitate
781 4462 990 4505 numerorum
1013 4440 1061 4505 ita
1085 4439 1293 4519 cohaereant,
1321 4446 1358 4505 ut

82 4548 249 4633 rhythmus
268 4548 304 4612 in
321 4548 385 4612 fine
403 4547 625 4631 praecedentis
642 4569 752 4613 versus
767 4546 939 4613 inchoatus
954 4547 1114 4633 principio
1130 4548 1358 4633 subsequentis

84 4675 187 4720 versus
207 4655 419 4740 compleatur,
438 4653 559 4739 quade
578 4676 612 4718 re
631 4677 729 4738 supra
746 4654 812 4719 iam
831 4679 861 4740 p.
876 4654 987 4719 XXIII
1008 4655 1219 4719 commentati
1238 4676 1356 4719 sumus.

85 4758 248 4828 Praeterea
273 4762 360 4827 idem
387 4782 595 4827 numerorum
625 4783 725 4846 genus
752 4783 810 4846 per
833 4767 935 4826 totam
960 4762 1126 4846 stropham
1151 4762 1199 4826 ita
1221 4782 1357 4847 regnare

89 4868 174 4955 solet,
200 4876 239 4934 ut
263 4876 376 4934 onmes
400 4891 511 4934 versus
535 4872 569 4933 et
592 4867 756 4952 versiculi,
782 4890 933 4934 numeros
958 4870 986 4933 si
1009 4875 1151 4955 spectas,
1177 4869 1299 4935 similes
1323 4872 1357 4932 et
