3442 5550
462 415 498 466 11.
527 415 575 465 DE
594 416 687 466 ARTE
706 416 865 467 Menalca
884 416 1041 470 PINDARl.
1317 414 1391 469 XLV

106 596 242 641 omnem
274 574 511 641 dubitationem
539 576 684 660 positum
712 581 777 661 est,
808 577 949 641 Pindaro
977 600 1104 662 quoque
1133 577 1294 643 vindicare
1323 579 1394 643 ausi

107 704 236 748 sumus.
282 681 389 765 Atque
417 687 455 747 ut
483 705 502 746 a
529 683 655 748 duabus
683 682 791 770 longis
815 684 937 749 trinum
960 689 1144 770 temporum
1167 707 1280 750 versus
1303 684 1394 771 loga·

107 789 242 854 oedicos
269 788 460 853 Thebanum
491 794 623 874 poetam
656 791 858 875 auspicatum
891 814 961 857 esse
994 797 1225 878 statueremus,
1257 791 1395 857 calearia

108 896 223 960 animo
248 895 391 960 subdidit
414 896 531 961 similis
553 920 631 962 usus
654 897 690 962 in
712 897 877 982 epitritico
901 921 997 963 versu
1020 899 1054 963 P.
1074 902 1139 966 13:

487 1151 663 1212 πείθονται
687 1144 718 1211 d’
740 1144 849 1211 ἀοιδοὶ
872 1146 1023 1231 σάμασιν.

204 1271 257 1335 De
289 1271 538 1371 epitritorum
567 1294 752 1338 mensura
799 1272 874 1336 Non
901 1272 1014 1336 eodem
1043 1294 1106 1357 quo
1134 1274 1169 1337 in
1197 1274 1394 1360 logauedicis

110 1378 264 1442 modom
261 1366 356 1442 dact
342 1362 492 1463 tyloepit
495 1378 598 1444 riticis
622 1376 768 1443 versibus
791 1378 889 1462 pedes
913 1378 1031 1442 diversi
1056 1380 1194 1465 generis,
1216 1380 1337 1466 dactyli
1360 1387 1393 1445 et

111 1483 275 1570 trochaei,
301 1485 469 1550 commixti
497 1490 581 1550 sunt
626 1482 697 1551 Illic
726 1484 812 1549 enim
839 1485 873 1548 iu
897 1485 1010 1549 eodem
1033 1485 1105 1550 colo
1130 1487 1250 1570 dactyli
1274 1492 1344 1552 ett
1345 1509 1394 1552 ro·

113 1591 206 1656 chaei
230 1592 407 1657 consociati
429 1596 518 1675 sunt,
541 1591 594 1656 hic
618 1591 834 1675 dactylit
763 1596 797 1656 et
820 1590 1015 1656 trochaeit
987 1592 1091 1656 rtain
1115 1594 1260 1658 membra
1283 1616 1394 1658 versus
1513 1621 1516 1624 ·

113 1698 283 1763 distributi
302 1704 390 1782 sunt,
409 1704 447 1763 ut
465 1698 529 1763 alia
547 1720 586 1762 ex
605 1698 756 1783 dactylis,
775 1698 839 1763 alia
857 1721 896 1762 ex
915 1698 1077 1763 trochaeis
1093 1704 1250 1763 constent.
1285 1699 1395 1784 Atque

113 1805 242 1870 facilius
269 1805 352 1870 hanc
379 1805 570 1870 mixtionem
593 1805 671 1870 ferri
694 1809 727 1869 et
750 1805 930 1869 mutatione
955 1802 1148 1891 (μεταβολῇ)
1174 1805 1320 1890 rhythmi
1344 1829 1394 1870 ex·

115 1913 220 1977 cusari
248 1934 344 1996 posse
371 1934 438 1976 non
464 1911 587 1975 infitias
613 1911 707 1976 imus.
750 1910 812 1976 Sed
840 1911 868 1975 si
895 1910 998 1977 nihilo
1027 1912 1131 1976 secius
1159 1913 1256 1997 pedes
1282 1934 1394 1978 omnes

116 2018 262 2084 omnium
292 2019 436 2104 partium
468 2040 579 2083 versus
612 2019 810 2103 exaequandi
842 2017 893 2082 vel
928 2018 1045 2083 saltem
1077 2019 1277 2083 assimilandi
1310 2024 1396 2104 sunt,

112 2125 282 2190 maiestate
313 2125 484 2191 modorum
515 2123 612 2188 huius
647 2125 773 2211 generis
806 2129 839 2189 et
871 2125 1077 2210 epitritorum
1110 2125 1203 2190 tarda
1233 2126 1393 2212 gravitate

113 2231 315 2319 adducimur,
337 2236 375 2296 ut
398 2230 569 2297 trochaeos
592 2232 703 2315 potius
727 2232 767 2295 ad
791 2231 950 2296 ambitum
974 2236 1114 2315 quatuor
1137 2236 1322 2316 temporum
1346 2255 1395 2297 ac·

113 2339 223 2404 cedere
247 2361 344 2423 quam
368 2337 513 2422 dactylos
537 2338 578 2402 ad
595 2337 764 2403 levitatem
782 2332 980 2422 cyclicorum
999 2338 1117 2422 pedum
1135 2339 1213 2405 reici
1233 2339 1395 2405 existime-

113 2466 193 2510 mus.
231 2443 324 2511 Unde
343 2445 513 2511 Meissneri
533 2449 566 2509 et
584 2445 719 2511 Henrici
734 2443 907 2510 Schmidtii
927 2445 1065 2531 vestigia
1083 2445 1229 2531 legentes
1249 2446 1392 2531 dactylo-

114 2553 293 2636 epitriticos
316 2575 427 2618 versus
450 2552 537 2617 hunc
560 2552 595 2616 in
617 2553 750 2618 modum
773 2552 953 2616 metiendos
977 2574 1047 2617 esse
1071 2553 1307 2618 existimamus:

431 2694 1071 2746 LUss-;W;WLUV‡-LU;·

114 2820 182 2889 Hoc
207 2826 317 2887 autem
341 2822 437 2887 modo
460 2820 607 2905 rhythmi
629 2820 747 2885 horum
770 2842 922 2885 versuum
945 2842 1018 2884 vere
1042 2820 1142 2905 ampli
1168 2818 1360 2908 (περίπλεω)
1369 2818 1393 2906 ¹)

115 2928 207 3012 finnt,
231 2929 264 2994 id
288 2929 374 3013 quod
396 2928 499 2993 indoli
521 2927 619 2992 huius
643 2928 770 3014 generis
794 2928 974 2993 carminum
996 2926 1091 3012 plane
1112 2928 1393 2994 accommodatum

115 3057 181 3101 esse
204 3057 300 3101 nemo
323 3057 392 3101 non
414 3036 507 3100 videt.
547 3033 708 3119 Epitritos
733 3055 807 3098 vero
831 3033 919 3098 ultra
941 3033 1102 3098 ambitum
1125 3040 1295 3119 septenum
1315 3038 1395 3098 tem·

115 3162 228 3225 porum
252 3141 423 3207 extendere
447 3146 480 3205 et
503 3142 638 3206 alteram
662 3141 730 3206 eius
754 3147 880 3225 partem
900 3140 994 3205 alteri
1014 3141 1207 3225 assimilare,
1230 3163 1268 3205 eo
1287 3140 1393 3227 magis

116 3249 206 3315 nobie
234 3248 331 3314 licere
360 3249 457 3334 duco,
484 3249 570 3333 quod
594 3271 740 3313 summus
764 3240 961 3313 Graecorum
985 3247 1141 3332 musicus,
1168 3247 1394 3331 Aristoxenus,
1444 3292 1449 3319 ;

1446 3151 1456 3285 l

117 3354 215 3421 Elem.
239 3356 382 3441 rhythm.
399 3380 431 3441 p.
446 3357 510 3420 302
525 3355 569 3420 M.
574 3357 720 3440 ,pedem
744 3360 868 3440 septem
892 3359 1077 3441 temporum
1099 3377 1169 3420 esse
1192 3355 1378 3442 negenite
1442 3392 1446 3417 r

116 3462 287 3549 Aristides,
311 3462 360 3526 De
381 3484 463 3527 mus.
481 3464 568 3546 135,
592 3462 763 3548 rhythmos
787 3461 824 3527 ἐν
847 3462 999 3550 ἐπιτρίτῳ
1024 3464 1111 3551 λόγῳ
1135 3484 1200 3526 non
1223 3463 1265 3526 ab
1290 3461 1393 3527 omni-
1380 3359 1446 3573 A*

117 3568 173 3632 bus
200 3573 350 3653 receptos
379 3573 413 3634 et
440 3569 667 3654 comprobatos
696 3592 766 3634 esse
793 3569 904 3635 tradit
950 3568 1072 3633 Verum
1100 3570 1186 3634 enim
1214 3559 1290 3633 iero
1319 3591 1394 3634 cum

114 3675 257 3762 plerique
291 3675 467 3761 rhythmici
499 3675 612 3760 epitrit
613 3699 668 3740 um
697 3677 812 3761 pedem
850 3680 975 3760 septem
1010 3679 1194 3760 temporum
1227 3697 1297 3739 esse
1331 3679 1394 3739 sta-

115 3782 247 3868 tuerint,
275 3782 344 3847 et
335 3805 444 3867 rpsum
471 3803 591 3847 nomen
618 3781 787 3868 ἐπιτρίτου
812 3785 847 3868 (3
862 3806 869 3845 :
884 3780 919 3869 4)
947 3780 1110 3847 hanet
1058 3805 1095 3846 ra
1096 3782 1259 3847 tionemne
1288 3781 1393 3846 dicam

115 3909 155 3952 an
185 3911 329 3954 errorem
361 3888 532 3973 antiquum
565 3892 597 3953 et
628 3888 845 3952 inveteratum
878 3909 948 3952 τετε
975 3889 1102 3974 doceat,
1134 3887 1394 3954 dubitationibus

115 3994 282 4061 hominurn
301 3997 471 4061 doctorum
490 3996 554 4061 hoc
572 3996 713 4060 dandum
732 4017 803 4060 esse
821 3996 1021 4080 putavimus,
1039 4000 1076 4060 ut
1094 4017 1192 4079 quam
1208 4016 1394 4060 mensuram

116 4109 268 4169 octonum
296 4108 480 4188 temporum
507 4125 606 4168 unam
632 4124 742 4167 veram
771 4124 840 4167 esse
869 4102 1042 4188 credimus,
1070 4124 1140 4167 eam
1167 4102 1256 4168 notis
1284 4108 1394 4168 tamen

115 4231 177 4275 uon
201 4210 463 4295 exprimeremus.
504 4208 651 4274 Arbitrio
675 4208 778 4295 igitur
796 4208 955 4274 lectorum
973 4207 1194 4295 permisimus,
1213 4232 1277 4294 quo
1296 4211 1393 4277 modo

114 4317 209 4401 pedes
236 4316 657 4402 dactylo-epititriticorum
684 4337 835 4381 versuum
863 4316 1037 4381 recitantes
1067 4338 1245 4401 exaequare
1269 4317 1395 4402 malint,

114 4424 259 4508 primane
290 4424 391 4512 longa
422 4424 573 4509 epititriti
606 4423 736 4509 longius
768 4423 928 4508 producta
960 4446 1000 4489 an
1033 4422 1171 4509 dactylis
1200 4424 1234 4487 in
1262 4423 1392 4487 brevius

115 4530 322 4596 intervallum
339 4531 515 4597 contractis
534 4553 576 4596 an
594 4531 659 4596 alio
678 4530 816 4614 denique
833 4552 1024 4616 quocunque
1039 4531 1147 4616 mode,
1168 4531 1393 4615 exaequandos

118 4643 222 4704 autem
251 4660 363 4703 omnes
390 4639 487 4723 pedes
514 4637 631 4703 horum
659 4660 810 4703 versuum
833 4623 902 4703 esse
926 4660 1021 4703 nemo
1045 4636 1221 4723 dubitabit,
1248 4636 1312 4700 nisi
1337 4635 1393 4719 qui

203 4872 230 4938 1)
248 4866 327 4923 conf.
347 4866 461 4924 Aristid.
481 4867 515 4922 de
534 4885 603 4923 mus.
619 4872 685 4922 134.
