3442 5550
772 389 904 439 riuum
923 390 968 441 vr.
1443 385 1506 449 183

234 557 392 633 cubuerat,
421 558 572 632 praeclare
603 556 749 616 aemulari
778 556 885 615 laudat
912 548 977 634 (144-
997 547 1056 637 46).
1102 555 1149 614 Ad
1178 558 1360 632 postremum
1390 555 1506 615 iuvenis

233 647 334 706 dilecti
358 652 471 705 ceteras
494 647 630 724 virtutes,
653 646 838 723 modestiam,
862 645 996 705 studium
1019 645 1179 723 poeticum,
1199 664 1315 704 morum
1333 645 1505 705 comitatem

231 736 385 813 praedicat
408 728 553 817 (ss-54).

322 824 461 903 Carmen,
489 826 569 901 quod
593 825 741 883 Pindarus
764 824 880 883 iuvenis
904 823 1021 902 panxit,
1045 823 1171 882 audacia
1194 824 1452 899 comparationum
1475 829 1506 884 et

231 917 347 973 tumore
372 914 515 973 orationis
546 915 706 974 iuvenilem
734 914 868 973 animum
895 916 1001 990 poetae
1029 912 1137 990 prodit.
1183 913 1263 971 Illud
1287 914 1399 991 ipsum,
1424 915 1504 990 quod

231 1004 453 1080 Thrasybulum
476 1024 529 1080 pro
553 1007 638 1079 patre
658 1023 751 1080 equos
772 1006 925 1081 regentem
943 1021 1011 1062 cum
1029 1002 1191 1061 Antilocho
1209 1022 1263 1079 pro
1281 1008 1367 1079 patro
1386 1004 1506 1063 fortiter

230 1093 389 1153 dimicante
409 1097 439 1152 et
457 1096 583 1153 mortem
602 1093 793 1153 occumbente
813 1092 1007 1169 comparavit,
1027 1092 1122 1151 iustos
1142 1090 1214 1151 fines
1232 1092 1438 1152 similitudinis
1456 1114 1504 1153 cx·

231 1182 332 1241 cedere
360 1183 487 1242 videtur.
532 1183 634 1241 Nihilo
663 1185 762 1241 tamen
791 1182 899 1258 secius,
927 1182 953 1241 si
984 1183 1039 1241 hoc
1066 1201 1185 1241 carmen
1216 1181 1407 1241 Pindaricum
1436 1203 1504 1243 cum

230 1272 448 1349 antiquissimo,
467 1272 499 1330 P.
519 1291 547 1348 x,
566 1272 735 1350 contuleris,
756 1291 935 1349 magnopere
959 1271 1063 1348 paucis
1087 1270 1173 1329 annis
1197 1274 1292 1330 artem
1311 1276 1418 1347 poetae
1437 1293 1503 1349 pro-

231 1364 347 1421 vectam
370 1364 410 1443 et⁴
423 1361 644 1421 corroboratam
668 1380 730 1420 esse
754 1361 895 1422 invenies.

772 1497 817 1563 Dc
840 1497 962 1563 metris.

318 1628 465 1688 Carminis
488 1630 577 1688 huius
601 1630 717 1687 numeri
739 1629 855 1689 Aeolici
878 1631 949 1687 sunt
972 1628 1122 1703 paeonicis
1144 1629 1240 1701 mixti,
1262 1630 1341 1689 unde
1364 1650 1418 1706 pro
1442 1634 1502 1691 tro·

229 1718 332 1778 chaica
361 1719 482 1795 dipodia
509 1738 596 1795 saepe
625 1719 751 1778 creticus
780 1722 810 1777 et
837 1719 885 1777 vel
912 1717 1073 1793 paeonicus
1101 1736 1152 1794 pes
1179 1722 1344 1794 usurpatus
1368 1722 1421 1777 est.
1467 1720 1502 1779 In

229 1808 378 1884 dipodius,
409 1828 484 1884 quas
514 1808 544 1866 in
575 1808 737 1867 embaterio
767 1807 897 1867 carmine
928 1826 1020 1882 quam
1050 1807 1176 1866 maxime
1206 1811 1369 1886 exspectas,
1401 1829 1502 1869 omnes

231 1917 333 1957 versus
357 1897 530 1956 dividendos
554 1897 664 1974 curavi,
689 1897 769 1973 quod
792 1900 828 1955 ut
851 1897 881 1955 iu
904 1896 1055 1972 plerisque
1073 1897 1207 1955 versibus
1232 1897 1318 1956 facile
1342 1898 1439 1976 cessit,
1459 1900 1502 1959 ita

230 1987 259 2045 in
283 1987 419 2046 versibus
443 1987 548 2063 quinto
572 1991 603 2045 et
626 1992 708 2046 sexto
732 1985 920 2047 dimetiendis
943 1985 1135 2063 gravissimas
1159 1985 1352 2046 difficultates
1375 1989 1503 2068 paravit,

229 2096 306 2153 quae
330 2077 558 2152 cumpluribus
581 2076 676 2136 modis
699 2076 831 2152 expediri
857 2079 991 2152 possent,
1020 2095 1101 2152 eum,
1130 2075 1183 2151 qui
1211 2075 1284 2134 mihi
1313 2077 1413 2152 potior
1439 2097 1502 2138 esso

227 2166 393 2242 videbatur,
416 2166 448 2223 in
471 2167 620 2225 schemate
644 2166 700 2225 hoc
722 2165 845 2225 metrico
869 2164 998 2241 exhibui,
1022 2165 1150 2223 alterum
1175 2165 1501 2244 inProl.p.1.v1pro·

228 2255 322 2331 posui.
369 2253 508 2313 Ceterum
535 2256 636 2314 confer
663 2273 740 2331 quae
769 2255 804 2314 de
834 2253 982 2313 similibus
1009 2254 1145 2313 versibus
1173 2272 1264 2330 supra
1291 2255 1329 2313 ad
1354 2254 1387 2315 O.
1407 2275 1426 2313 x
1451 2258 1501 2317 ad-

228 2345 405 2403 notavimus.
425 2377 464 2385 —-
479 2346 604 2403 t'arinen
619 2348 774 2403 cantat-um
793 2362 855 2403 esse
871 2343 991 2402 videtur
1004 2343 1129 2418 Delphis
1148 2350 1216 2419 post
1234 2343 1330 2421 ipsam
1343 2345 1501 2405 victoriam

227 2434 256 2492 in
280 2453 389 2510 pompa
413 2435 450 2493 ad
475 2433 620 2509 templum
644 2434 793 2509 Apollinis
817 2453 835 2492 a
858 2432 1046 2508 Thrasybulo
1075 2432 1199 2509 eiusque
1227 2434 1387 2494 comitibus
1417 2436 1501 2495 insti-

228 2527 296 2581 tuta
320 2518 379 2602 (vv.
403 2516 493 2603 1—4).
539 2523 618 2582 Nam
641 2523 745 2599 primis
768 2522 908 2582 cauninis
931 2522 1066 2580 versibus
1095 2522 1218 2581 chorum
1246 2523 1345 2599 ipsum
1373 2525 1404 2583 in
1433 2527 1501 2585 Dol-

225 2611 314 2687 phica
332 2632 401 2671 area
421 2613 542 2671 choreas
562 2613 719 2671 ducentem
738 2613 840 2672 audire
856 2614 886 2672 et
900 2615 1034 2687 spectare
1054 2611 1139 2671 nobis
1157 2612 1301 2672 videmur.
1334 2614 1500 2690 Aptissima

225 2721 294 2760 vero
314 2701 461 2761 incedenti
480 2703 568 2761 choro
588 2702 647 2760 suit
666 2702 907 2778 monestrophiea
931 2701 1106 2776 compositio
1131 2701 1282 2781 carminis,
1305 2723 1333 2761 v.
1353 2703 1430 2763 Prol.
1452 2724 1498 2765 ux.

224 2789 330 2866 Neque
354 2791 470 2850 ultimis
493 2792 633 2850 cauninis
655 2792 769 2869 verbiS,
793 2791 902 2867 quibus
932 2791 1085 2866 epularem
1111 2790 1350 2851 comissationem
1377 2793 1414 2851 ad
1440 2795 1500 2855 vic·

224 2879 335 2939 teriam
358 2880 564 2939 celebrandam
588 2882 698 2940 factam
722 2881 847 2940 indicari
871 2880 1039 2939 ltoechhius
1063 2880 1191 2958 putavit,
1215 2899 1233 2938 a
1256 2882 1411 2956 proposita
1434 2901 1499 2943 scn-

223 2969 321 3029 tcntia
348 2990 477 3029 revocor.
523 2970 652 3029 Possunt
682 2971 760 3029 enim
788 2970 841 3027 illa
870 2968 961 3028 verba
991 2968 1082 3027 etiam
1111 2970 1149 3027 ad
1178 2989 1295 3028 morum
1326 2971 1497 3032 comitatem

222 3058 405 3134 Thrasybuli
433 3059 602 3119 universam
630 3064 685 3117 aut
712 3060 750 3118 ad
773 3060 878 3134 epulas
905 3059 974 3134 post
1001 3077 1142 3134 pompam
1170 3059 1358 3135 apparandus
1386 3064 1499 3121 referri.

434 3248 623 3315 Ἀκοόσατ’·
650 3245 667 3332 ἦ
691 3288 705 3298 -
729 3250 791 3333 γὰρ
815 3246 1010 3325 ἑλικώπιδος
1031 3247 1227 3334 Ἀφροδίτας
1308 3255 1387 3337 Στρ.
1411 3253 1454 3318 α’.

440 3359 587 3441 ἄρουραν
610 3356 630 3439 ἢ
655 3360 806 3441 Χαρίτων

437 3463 688 3547 ἀναπολίζομεν,
712 3463 865 3547 ὀμφαλὸν
888 3461 1065 3547 ἐριβρόμου

438 3572 562 3654 χθονὸ,ἱ
586 3569 618 3646 ἐς
641 3611 653 3619 -
679 3571 774 3633 νόιόν
796 3572 1062 3654 προσοιχόμενοι·

294 3800 375 3833 saura
395 3800 497 3835 terrio
538 3783 581 3835 lu
570 3800 619 3836 cr.
657 3780 825 3849 Ξενοκράτει
848 3779 1086 3869 4κραγαντίνςο
1068 3786 1218 3851 ripparii
1190 3784 1218 3835 ll
1231 3782 1310 3835 D—
1328 3783 1461 3840 Schola
1453 3784 1497 3854 γε’-

215 3872 342 3933 γραπται
363 3853 533 3943 Ξενρκρτίτιι
551 3851 751 3934 Ἀκραγαντῖνοι
770 3852 928 3922 νενικηκότι
947 3853 1019 3907 κατὰ
1038 3853 1088 3922 τὴν
1107 3853 1154 3907 κδ’
1174 3853 1326 3915 Πυθιάδας
1350 3856 1421 3911 conl.
1443 3856 1460 3909 l.
1476 3876 1495 3909 ιι

216 3922 353 3978 inscr-
370 3932 394 3977 .·4.
396 3925 629 4005 ἀναπολήσομεν
648 3925 717 3979 roni.
734 3914 895 3979 ¹Schmid-
911 3931 935 3978 4.
958 3924 1038 3979 ιόιον
1056 3925 1126 3978 coni
1143 3925 1297 3981 Hermann:
1319 3927 1388 3981 vair
1407 3928 1496 3985 codd..

217 3997 320 4050 lasciv
339 3995 412 4049 coni.
427 3996 519 4066 Bergk
537 4029 572 4036 -

292 4157 481 4192 couusrramr.
515 4158 540 4193 v.
557 4144 580 4192 1.
600 4138 749 4192 ἀκούσατε·
771 4138 904 4192 Horatius
919 4139 947 4193 C.
962 4158 994 4191 111
1008 4156 1029 4207 -ι,
1043 4156 1055 4193 s
1070 4139 1194 4194 raucidis?
1213 4158 1250 4193 aa
1271 4157 1310 4194 rur
1329 4142 1400 4195 haiil
1419 4160 1493 4195 οιιιιι-

214 4210 282 4265 br‘ls's
307 4212 439 4264 insanio?
462 4212 559 4265 cadim
582 4217 607 4263 et
627 4212 717 4264 ridcor
732 4213 797 4279 pios
815 4228 907 4265 crrerc
921 4228 973 4279 per
992 4212 1066 4265 lacos
1084 4228 1140 4263 non
1158 4214 1233 4265 recte
1248 4210 1384 4265 Graecum
1404 4230 1494 4266 enem-

214 4283 282 4352 plar
295 4281 446 4363 expressit3
465 4280 569 4335 etenim
584 4281 723 4335 ἀκούσατε
738 4299 792 4335 non
812 4284 856 4335 cst
874 4281 1049 4351 interrogant
1037 4281 1082 4347 t,is
1102 4282 1151 4336 scd
1171 4283 1323 4336 admonent
1324 4282 1348 4335 is
1368 4283 1494 4337 homines

236 4353 364 4407 meronie
384 4352 449 4419 ritu,
469 4356 499 4405 ut·
518 4352 685 4406 audiant-ct
703 4352 807 4421 linguis
826 4352 988 4407 famma-
969 4326 1307 4436 -Ἆφρίιδίταςᾶρουρτιμ
1323 4352 1338 4422 ἡ
1353 4354 1494 4423 lophos

244 4424 338 4479 oneris
358 4426 386 4478 et
405 4424 566 4477 Gratiarum
586 4442 655 4477 arva
673 4428 786 4509 poetam
805 4427 833 4478 ct
851 4424 965 4479 chorum
984 4427 1131 4479 canentem
1150 4425 1297 4479 orbiculat'
1277 4430 1328 4479 tim
1345 4443 1494 4496 peragrare

216 4497 316 4562 (schol.
336 4496 391 4549 ὑπὸ
411 4496 442 4548 τὸ
461 4494 562 4565 χωρίον
581 4494 829 4565 ἁνυστρεφόμιθιό
848 4500 932 4566 pocta
951 4495 1029 4550 dicit.
1009 4496 1173 4551 tVeneris
1197 4502 1247 4551 aut
1248 4516 1292 4551 em
1311 4498 1399 4550 hortis
1420 4497 1494 4550 idem

214 4567 323 4637 poesim
347 4571 504 4635 comparat,
533 4568 608 4635 quod
633 4586 650 4621 u
652 4572 780 4648 tmquef
774 4568 945 4621 amoenitate
968 4567 1109 4623 excellunt
1097 4568 1180 4637 crof
1201 4570 1231 4622 P.
1251 4585 1313 4622 ιιι
1337 4572 1365 4621 ct
1390 4570 1420 4623 tr.
1441 4573 1494 4635 siit·

217 4639 276 4694 noli
295 4638 370 4693 enim
390 4656 453 4691 cum
472 4612 601 4692 llissenio
620 4640 655 4693 dc
674 4638 797 4693 carmine
811 4638 948 4693 arnstorio
963 4640 1136 4707 cogitare-
1152 4646 1176 4694 3.
1196 4640 1325 4709 turpaldo
1345 4612 1494 4711 ἐριβρόμου

218 4710 324 4779 χθονὸς
342 4709 370 4772 ἐς
388 4709 482 4763 νάιον
502 4710 531 4763 in
550 4710 682 4763 umbilico
702 4710 776 4763 orbis
796 4714 933 4763 terrarum
947 4710 1112 4779 Delphicum
1127 4711 1263 4782 templum
1276 4710 1400 4782 positum
1415 4712 1490 4765 credi

219 4785 287 4837 nota
306 4798 350 4835 res
370 4783 426 4848 est,
446 4783 479 4833 ‹le
499 4800 555 4849 qua
573 4783 654 4835 sodes
674 4782 800 4835 conferas
819 4781 849 4836 P.
864 4799 930 4849 rvr,
951 4780 1094 4853 ἐρίβρομος
1113 4786 1208 4837 autem
1226 4783 1272 4835 hic
1291 4783 1368 4835 locus
1388 4782 1492 4838 dicitur

220 4853 323 4921 partim
351 4857 464 4922 propter
491 4853 612 4907 rivorum
641 4870 824 4922 curruumque
849 4826 1009 4924 strepitum,
1035 4854 1139 4924 lrartim
1161 4857 1275 4924 propt-cr
1298 4870 1490 4923 repercussam
