3442 5550
313 426 398 481 XLVI
813 429 1090 482 PROLEGOMENA.

312 613 441 656 ormrem
472 591 537 655 vim
569 590 715 675 rhythmi
744 589 777 654 in
807 590 999 676 gravissimo
1028 590 1091 655 hoc
1121 611 1238 675 genere
1266 591 1446 656 carminum
1474 592 1597 658 Dorico

315 698 519 782 pessumdari
553 721 655 782 aequo
689 697 797 761 animo
830 697 950 761 tulerit.
998 696 1202 781 Quamquam
1234 698 1296 764 hoc
1325 700 1421 764 modo
1451 701 1599 765 nondum

315 827 427 870 omnes
451 805 594 870 rationes
618 804 821 890 rhythmicae
845 803 1229 888 dactylo-epitriticorum
1253 828 1405 870 versuum
1427 807 1598 891 expeditae

316 917 407 999 sunt3
439 917 566 978 restant
594 912 803 998 gravissimae
832 917 865 975 et
892 911 1104 976 difficillimae
1135 912 1342 996 quaestiones
1375 914 1413 977 de
1448 914 1598 997 pluribus

314 1021 450 1104 pedibus
479 1020 681 1104 simplicibus
708 1020 742 1084 in
771 1019 931 1083 unitatem
959 1019 1049 1104 pedis
1078 1019 1252 1103 compositi
1279 1019 1599 1106 comprehendendis,

315 1128 353 1191 de
378 1127 497 1211 quibus
519 1132 635 1211 postea
657 1127 905 1211 disputabimus.

405 1235 459 1299 De
477 1257 665 1320 paeonum
685 1255 870 1299 mensura.
903 1233 1072 1299 Paeonicis
1091 1234 1126 1297 in
1145 1235 1293 1300 versibus
1309 1235 1492 1300 trochaicae
1507 1234 1597 1320 dipo-

314 1341 385 1405 diae
417 1363 517 1426 purae
550 1338 581 1427 (
600 1383 619 1409 υ
636 1402 653 1410 ,
671 1339 703 1426 υ)
737 1341 864 1406 creticis
897 1341 1034 1425 pedibus
1067 1340 1093 1425 (
1117 1386 1134 1408 c
1152 1339 1184 1428 )
1215 1343 1377 1407 admixtae
1406 1347 1483 1407 sunt
1511 1340 1547 1406 Ο.
1571 1360 1597 1405 11

315 1454 372 1513 str.
392 1450 420 1513 8.
450 1471 497 1532 ep.
517 1450 546 1512 6.
579 1447 613 1511 Ρ.
633 1466 656 1511 v
680 1454 735 1512 str.
756 1449 785 1511 2.
812 1450 861 1512 11.
889 1470 938 1533 ep.
959 1451 986 1512 1.
1032 1447 1120 1512 ltaro
1144 1448 1274 1532 quidem
1298 1449 1377 1515 hacc
1406 1450 1596 1514 commixtio

314 1555 349 1619 in
372 1554 503 1619 Pindari
528 1555 727 1620 carminibus
750 1555 929 1640 invenitur,
953 1555 1008 1618 sed
1033 1556 1146 1619 crebro
1169 1555 1203 1618 in
1223 1554 1456 1640 Aristophanis
1475 1556 1597 1621 Plauti-

314 1684 375 1745 que
404 1662 538 1743 labulis,
565 1684 669 1746 neque
698 1660 770 1725 aliis
797 1663 935 1726 modulis
960 1662 1062 1745 lyrica
1084 1684 1188 1746 pauca
1212 1684 1309 1746 quam
1333 1663 1460 1728 scenica
1484 1663 1599 1728 crebra

313 1769 461 1854 exempla
483 1769 692 1853 astringenda
716 1791 786 1833 esse
809 1773 909 1853 patet.
946 1767 1014 1834 Iam
1039 1792 1190 1834 versuum
1214 1792 1253 1835 ex
1276 1771 1456 1853 paeonibus
1481 1776 1514 1834 et
1532 1776 1598 1835 tro·

315 1875 436 1940 chaicis
461 1876 600 1960 dipodiis
624 1876 800 1940 mixtorum
825 1877 952 1941 easdem
976 1877 1119 1941 rationes
1143 1878 1244 1941 fuisse
1268 1882 1365 1961 atque
1388 1900 1538 1942 versuum
1557 1900 1597 1941 ex

313 1984 454 2067 epitritis
478 1988 511 2047 et
534 1982 671 2068 dactylis
700 1984 875 2048 mixtorum
905 1988 1023 2069 quotus
1053 1984 1189 2068 quisque
1219 1983 1281 2047 erit
1310 1983 1365 2067 qui
1393 1984 1461 2048 reri
1490 1984 1596 2048 simile

313 2112 383 2154 esse
411 2090 531 2174 neget?
581 2089 653 2155 Hoc
682 2096 791 2156 autem
820 2091 847 2155 si
875 2091 1066 2176 probamus,
1096 2090 1177 2154 illud
1205 2090 1343 2155 alterum
1372 2091 1532 2175 sequitur,
1560 2096 1597 2154 ut

314 2196 518 2280 dipodiarum
550 2196 789 2262 trochaicarum
821 2197 992 2262 intervalla
1025 2197 1066 2261 ab
1099 2197 1278 2261 intervallis
1312 2198 1507 2263 ereticorum
1541 2203 1598 2262 aut

314 2303 396 2367 nihil
425 2310 482 2368 aut
508 2327 610 2389 paene
638 2305 720 2369 nihil
750 2305 932 2390 discrepare
955 2305 1178 2369 concedamus.
1225 2304 1347 2369 Verum
1371 2305 1403 2369 in
1427 2305 1597 2391 angustias

317 2411 553 2498 compellimur]
581 2413 667 2496 quod
694 2434 761 2476 non
790 2412 896 2476 solum
924 2416 1048 2476 veteres
1076 2411 1254 2495 rhythmici
1281 2434 1422 2497 paeones
1446 2412 1597 2495 quinque,

314 2540 381 2582 non
409 2540 464 2583 sex
493 2526 676 2603 temporum
700 2542 770 2584 esse
795 2520 925 2605 docent,
951 2520 1006 2583 sed
1030 2519 1129 2583 etiam
1152 2524 1268 2604 poetae
1291 2519 1440 2584 ultimam
1464 2518 1597 2605 longam

315 2627 405 2711 pedis
421 2626 532 2692 cretici
547 2650 642 2711 saepe
656 2627 690 2690 in
706 2627 784 2691 duas
800 2627 913 2691 breves
929 2627 1103 2691 solverunt.
1136 2623 1213 2691 Inde
1227 2627 1398 2710 quomodo
1413 2625 1596 2691 trochaicae

314 2733 462 2817 dipodiae
488 2739 521 2797 et
544 2734 692 2817 paeonici
716 2734 813 2817 pedes
837 2733 1035 2816 exaequandi
1058 2733 1109 2796 vel
1131 2733 1332 2798 assimilandi
1358 2739 1480 2816 essent,
1509 2733 1597 2797 notis

314 2840 443 2925 signare
472 2840 567 2904 veriti
595 2863 706 2905 sumus
735 2845 768 2904 ct
797 2843 966 2904 cantorum
994 2840 1104 2925 potius
1133 2840 1318 2905 dexteritati
1347 2862 1412 2926 quo
1440 2845 1536 2924 pacto
1564 2840 1597 2904 id

313 2947 457 3012 facerent
488 2947 703 3032 permisimus.
751 2944 787 3010 Id
821 2946 926 3011 solum
960 2947 1137 3011 curandum
1165 2970 1235 3012 esse
1262 2948 1465 3033 putavimus,
1496 2952 1533 3011 ut
1563 2946 1598 3011 in

314 3055 459 3120 metricis
487 3055 660 3120 schematis
688 3076 828 3141 paeones
859 3060 892 3118 et
919 3054 1102 3119 trochaicae
1127 3054 1274 3139 dipodias
1298 3076 1401 3138 aequo
1424 3054 1597 3119 intervallo

314 3162 435 3228 distare
459 3163 717 3249 significaremus

404 3482 552 3548 Licentia
571 3483 637 3548 ista
655 3486 825 3567 poetarum
844 3482 878 3547 in
897 3482 1095 3548 carminibus
1114 3483 1279 3567 paeonicis
1297 3502 1357 3567 pro
1376 3483 1456 3565 pede
1477 3482 1597 3547 cretico

314 3589 514 3655 trochaicam
539 3590 702 3675 dipodiam
723 3590 914 3675 usurpandi,
937 3596 1104 3672 tamquam
1124 3590 1230 3675 sex(
1248 3633 1267 3656 o
1283 3588 1347 3674 m),
1369 3609 1435 3651 non
1455 3588 1598 3671 quinque

315 3693 346 3782 (-
364 3741 383 3764 a
402 3696 432 3783 )
457 3702 641 3782 temporum
665 3697 801 3761 creticus
826 3719 882 3781 pes
906 3702 1004 3779 esset,
1032 3696 1094 3760 hoc
1121 3695 1271 3780 inprimis
1299 3694 1430 3758 nomine
1455 3694 1600 3781 offendit,

316 3805 401 3887 quod
434 3809 551 3869 natura
583 3826 791 3868 numerorum
822 3804 969 3889 flagitare
997 3803 1139 3887 videtur,
1172 3810 1208 3867 ut
1236 3802 1307 3866 sola
1334 3801 1435 3887 longa
1461 3801 1598 3866 duarum

315 3932 480 3975 morarum
504 3910 627 3998 (μακρὰ
650 3910 817 3997 ὃίσημος),
839 3934 906 3977 non
929 3911 1027 3976 etiam
1051 3910 1151 3996 longa
1170 3911 1271 3974 trium
1290 3930 1456 3974 morarum
1475 3907 1599 3996 (μακρὰ

314 4016 486 4104 τρίσημος)
514 4017 548 4081 in
577 4018 655 4081 duas
684 4018 798 4082 breves
827 4017 982 4082 solvatur.
1028 4017 1137 4102 Atque
1168 4016 1278 4082 nescio
1306 4038 1348 4081 an
1376 4016 1437 4081 hac
1464 4016 1536 4100 ipsa
1563 4038 1598 4080 re

316 4129 440 4190 veteres
465 4125 581 4189 musici
606 4125 736 4189 adducti
760 4124 840 4208 sint,
862 4128 900 4188 ut
922 4147 1079 4210 paeonem
1098 4126 1184 4189 inter
1204 4124 1367 4208 simplices
1386 4123 1483 4208 pedes
1502 4124 1600 4188 refer-

316 4236 389 4296 rent
413 4252 550 4314 eumque
573 4254 694 4296 novum
718 4253 820 4317 genus
843 4229 1003 4315 rhythmi,
1027 4231 1162 4315 ῥυθμὸν
1185 4230 1353 4315 ἡμιόλιον,
1384 4230 1512 4295 efficere
1537 4235 1600 4294 sta·

316 4343 453 4403 tuerent.
488 4337 551 4403 Sed
570 4339 717 4423 quamvis
736 4338 802 4402 ista
819 4337 871 4401 lex
890 4342 1007 4401 natura
1025 4337 1097 4420 ipsa
1115 4338 1176 4402 niti
1191 4338 1341 4402 rideatur
1355 4337 1436 4400 etin
1452 4337 1599 4402 versibus

317 4467 356 4509 ex
380 4445 506 4510 duobus
529 4445 684 4509 membris
708 4444 905 4510 catalecticis
925 4443 1117 4527 compositis
1137 4442 1301 4530 (versibus
1322 4443 1539 4531 syncopatis),
1562 4450 1600 4508 ut

314 4552 350 4616 in
372 4556 576 4636 pentametro
600 4550 743 4638 elegiaco
767 4556 800 4615 et
823 4553 1013 4616 tetrametro
1037 4549 1177 4615 iambico
1200 4534 1443 4635 Aristophaneo

672 4688 867 4727 .².w-w-
923 4687 1119 4726 Lam-w-

317 4896 444 4959 semper
471 4897 491 4938 a
517 4873 624 4958 poetis
653 4873 827 4939 observata
854 4878 917 4959 est,
944 4876 1054 4937 tamen
1080 4894 1118 4937 ea
1139 4894 1206 4937 non
1228 4872 1303 4937 inde
1327 4896 1347 4937 a
1368 4872 1527 4958 principio
1550 4871 1598 4934 ita
