3442 5550
744 422 970 474 FRAGMENTA.

837 579 884 633 111.

728 687 993 754 ΠΑΙΑΝΕΣ.

630 833 690 884 ΕΙΣ
710 832 917 883 ΑΠΟΛΛΩΝΔ
936 831 1089 885 melon.

788 948 828 1005 σε
855 939 934 1024 [24].

588 1223 822 1309 Ἀμφιπόλοισι
844 1181 1055 1312 μαρνάμενον

593 1341 728 1417 μοιριᾶν
751 1330 826 1416 περί
849 1343 962 1416 τι-μᾶν
986 1330 1200 1398 ἀπολωλέναι.

591 1730 609 1754 υ
649 1750 653 1754 .
680 1731 699 1754 υ
731 1748 736 1757 .
775 1748 780 1757 .
820 1747 824 1756 .
859 1748 875 1756 -
903 1735 921 1756 .ι.
946 1730 965 1756 υ
991 1722 1009 1756 δί

592 1796 735 1881 Χρύσεαι
759 1794 791 1860 δ’
818 1793 969 1880 ἐξύπερθ’
998 1797 1108 1860 αἰετοῦ

593 1904 706 1967 ἄειδον
731 1904 928 2004 Κηληδόνες.

309 2160 396 2219 Paus.
420 2177 439 2217 x
465 2171 511 2236 16,
534 2171 564 2217 2:
591 2156 643 2218 τὸν
671 2154 702 2218 δὲ
730 2155 789 2218 ene
812 2161 939 2235 Δελφῶν
965 2157 1150 2236 καλούμενον
1173 2153 1309 2236 ὀμφαλὸν
1332 2158 1422 2219 λίθου
1444 2181 1494 2221 πε-

221 2246 385 2326 ποιημένον
412 2251 535 2325 λευκοῦ,
562 2253 647 2307 τοῦτο
676 2239 751 2307 εἰναι
779 2245 810 2307 τὸ
838 2244 871 2306 έν
898 2245 975 2332 μέσῳ
1002 2255 1057 2327 γῆς
1079 2247 1176 2324 πύσης
1199 2245 1287 2308 αύτοί
1306 2270 1335 2309 τε
1359 2246 1495 2329 λέγουσιν

221 2338 252 2398 οἱ
272 2337 399 2416 Δελφοί,
429 2335 479 2396 καί
507 2335 540 2398 έν
571 2331 633 2421 ᾠδῇ
663 2358 722 2396 τινι
750 2335 902 2415 Πίνδαρος
931 2333 1133 2417 ὁμολογοῦντά
1161 2353 1263 2414 σφισιν
1290 2334 1427 2416 έποίησεν
1451 2372 1494 2380 -

222 2428 319 2487 Strab.
342 2446 373 2485 nx
396 2448 424 2503 p.
448 2437 513 2485 419:
543 2424 592 2485 καὶ
615 2424 755 2486 ἐκάλεσαν
778 2434 830 2505 τῆς
852 2434 907 2506 γῆς
931 2422 1082 2504 ὀμφαλόν,
1105 2425 1343 2505 προσπλεύσαντες
1364 2426 1416 2487 καλ
1438 2436 1493 2506 μύ-

220 2521 296 2593 θον,
323 2514 359 2576 δν
386 2533 462 2594 φησι
488 2515 656 2596 Πίνδαρος,
684 2513 728 2575 ὅτι
755 2512 931 2594 συμπέσοιεν
959 2514 1093 2576 ἐνταῦθα
1115 2516 1147 2576 οί
1167 2508 1258 2576 αἰετοί
1281 2515 1314 2577 ολ
1332 2513 1494 2593 ἀφεθέντες

220 2605 279 2666 ύπδ
303 2615 355 2666 τοῦ
373 2604 457 2681 Διός,
480 2601 496 2664 δ
519 2601 573 2683 μὲν
596 2602 654 2665 ἀπὸ
677 2612 730 2683 τῆς
753 2605 875 2683 δύσεως,
899 2601 914 2664 δ
938 2597 966 2664 δ’
988 2602 1046 2665 ἀπὸ
1069 2612 1121 2682 τῆς
1139 2602 1292 2684 ἀνατολῆς.
1316 2605 1360 2666 cf.
1374 2607 1406 2667 P.
1421 2619 1492 2668 1v4.

783 2770 824 2827 55
866 2768 929 2825 28.

310 2873 405 2934 Sehol.
428 2873 532 2932 Aeseh.
556 2874 643 2934 Eum.
668 2885 698 2932 2:
725 2763 879 2952 Πίνδαρδς
906 2763 980 2950 δφησι
1007 2870 1081 2951 πρὸς
1104 2873 1175 2952 βίον
1197 2880 1339 2952 κρατῆσαι
1361 2876 1492 2946 Πυθοῦς

220 2960 270 3022 τὸν
291 2955 473 3040 Ἀπόλλωνα,
497 2960 543 3021 διὸ
566 2960 615 3022 καὶ
638 2970 819 3041 ταρταρῶσαι
841 2959 931 3022 αὐτὸν
955 2958 1046 3038 έζίμει
1068 2957 1088 3039 ἡ
1111 2964 1164 3039 Γῆ.

831 3124 881 3182 56.

309 3231 420 3290 Himer.
441 3250 481 3289 or.
500 3248 535 3287 111
556 3242 584 3288 1:
604 3231 696 3308 Χαῖρε
714 3229 803 3306 φίλον
827 3228 918 3306 φύος
941 3229 1097 3308 χαρίεντι
1121 3227 1283 3306 μειδιόον
1305 3230 1491 3316 προσώπῳ·

221 3318 305 3400 μέλος
324 3319 379 3400 γάρ
397 3341 424 3378 τι
443 3315 541 3398 λαβὼν
559 3315 591 3378 ἐκ
609 3327 661 3396 τῆς
681 3319 770 3398 λύρας
790 3318 832 3390 εἰς
850 3316 904 3396 τὴν
924 3316 981 3395 σήν
998 3316 1158 3396 ἐπιδημίαν
1181 3313 1377 3403 προσᾴσομαι,
1399 3314 1493 3395 ἡδέως

220 3406 273 3488 μέν
296 3406 335 3468 διν
357 3408 460 3479 πείσας
482 3407 531 3468 καί
555 3401 775 3490 αὐτοὺςο(ίοτί.
795 3400 898 3488 αὐτός)
925 3406 995 3480 τοὺς
1023 3406 1128 3487 λόγους
1156 3407 1249 3487 λύραν
1276 3430 1327 3487 μοι
1353 3406 1493 3488 γενέσθαι

219 3497 268 3559 καί
286 3499 418 3576 ποίησιν,
442 3496 491 3557 ἵνα
512 3519 540 3557 τι
562 3496 635 3557 κατὰ
659 3505 713 3557 σοῦ
737 3497 961 3574 νεανιεύσωμσι,
984 3493 1087 3569 ὁποῖος
1106 3497 1279 3575 Σιμωνίδης
1302 3495 1322 3576 ἢ
1340 3498 1492 3577 Πίνδαρος

219 3587 293 3648 κατὰ
317 3587 476 3647 Διωνύσου
503 3585 552 3645 καὶ
577 3579 768 3659 Ἀπόλλωνος.
793 3619 834 3629 -
858 3587 940 3647 Idem
964 3606 1005 3646 or.
1029 3606 1085 3645 xm
1110 3598 1138 3646 τι
1165 3585 1199 3646 τὰ
1227 3582 1258 3646 δέ
1281 3584 1319 3646 σὰ
1342 3596 1400 3648 νῦν
1424 3585 1492 3649 δέον

219 3676 270 3738 καλ
293 3675 372 3760 αὐτῷ
396 3681 436 3759 τῷ
456 3673 636 3760 Μουσηγέτη
660 3676 838 3753 εἰκάζεσθαι,
861 3669 926 3736 οἷον
949 3673 1040 3736 αὐτὸν
1063 3674 1112 3736 καλ
1130 3673 1248 3753 Σαπφὼ
1270 3674 1321 3736 καλ
1339 3676 1492 3757 Πίνδαρος

289 3883 333 3937 Fr.
354 3888 458 3936 52-56
477 3881 595 3951 paeanii
613 3881 752 3951 Apollinis
771 3881 867 3964 Pythii
886 3885 952 3935 sunt
970 3881 1086 3952 Delphis
1105 3881 1182 3950 facti,
1203 3881 1281 3935 cuiue
1301 3882 1387 3936 etiam
1404 3883 1438 3936 fr.
1453 3898 1492 3938 εεσ

219 3972 279 4009 esee
299 3953 394 4008 docuit
411 3953 553 4007 Luebbert
572 3953 699 4008 deludis
718 3953 828 4022 Pythns
848 3952 985 4022 Sicyoniis
1003 3973 1030 4024 p.
1045 3970 1065 4008 ε.

289 4024 331 4078 Fr.
353 4030 394 4080 52.
433 4024 523 4079 Βολεοὶ.
544 4024 623 4078 Pind.
643 4024 676 4079 N.
694 4044 732 4078 vn
751 4042 788 4080 οιε
808 4026 1011 4095 ἀπολογεῖσθαι
1031 4025 1160 4097 βούλεται
1178 4021 1341 4094 (Πίνδαρος)
1359 4025 1490 4093 περὶτοῦ

219 4095 416 4167 Νεοπτολέμου
434 4095 565 4150 θανάτου
583 4096 653 4164 πρὸς
671 4097 736 4160 τοὺς
753 4096 912 4165 Αἰγινήτας·
939 4095 1041 4150 έκεῖνοι
1060 4095 1114 4166 γὰρ
1133 4093 1250 4166 ᾐτιῶντο
1269 4096 1318 4149 τὸν
1338 4093 1490 4164 Πίνδαρον,

217 4167 260 4223 δτι
274 4167 327 4237 μροί
352 4188 391 4221 ων
403 4171 523 4236 Δελφοῖς
536 4168 585 4221 τὸν
599 4177 708 4221 παιᾶνα
724 4167 790 4236 ἔφη·
809 4166 1037 4237 ἀμφιπόλοισι
1052 4211 1057 4221 .
1075 4211 1080 4221 .
1097 4211 1102 4221 .
1118 4163 1338 4221 ἀπολωλέναι.
1364 4166 1491 4245 Respicit

218 4239 304 4295 schol.
348 4258 407 4293 .vn
428 4256 465 4293 150
484 4271 518 4279 -
537 4247 650 4307 μοιριᾶν
668 4238 794 4305 Boeckh,
813 4259 850 4307 μυ
869 4241 916 4294 ίαν
935 4239 1020 4310 vulgo
1041 4271 1076 4278 -
1096 4238 1318 4293 remoratione
1337 4238 1413 4292 haud
1432 4237 1490 4292 ecio

218 4328 255 4365 an
273 4314 357 4380 poeta
376 4309 436 4380 ipse
455 4327 521 4364 neus
541 4310 590 4376 eit3
610 4313 732 4364 ceterum
751 4310 822 4364 conf.
871 4355 875 4364 .
891 4330 930 4363 vn
948 4328 1008 4381 arg.

288 4382 331 4435 Fr.
352 4388 393 4438 53,
430 4381 512 4436 Pane.
532 4401 548 4434 x
567 4398 588 4450 σ,
609 4399 645 4436 12:
671 4381 707 4434 τὰ
724 4381 753 4445 ές
771 4381 820 4444 τὰς
839 4380 928 4454 ᾠδοὺς
950 4381 1001 4445 τὰς
1023 4389 1138 4451 χρυσᾶς,
1164 4379 1183 4434 ἃ
1206 4381 1241 4450 δὴ
1261 4377 1404 4448 Πίνδαρος
1424 4375 1491 4451 ᾖσεν

217 4452 263 4509 ἐπ’
285 4450 382 4525 ἐκείνῳ
405 4458 442 4525 τῷ
466 4458 524 4526 ναῷ
549 4453 712 4523 (Delphico).
750 4453 891 4522 χρύσεαι
914 4457 970 4507 κτλ.
990 4452 1080 4507 Galen
1098 4455 1118 4507 t.
1137 4470 1217 4518 xm,
1243 4469 1308 4521 pare
1329 4469 1352 4519 ι,
1371 4467 1436 4538 pag.
1451 4468 1490 4507 σω

217 4526 260 4581 ed.
275 4525 388 4580 Kiihne:
407 4525 455 4578 καί
470 4525 484 4578 δ
499 4522 642 4591 Πίνδαρός
661 4542 748 4594 φησιν
768 4525 798 4578 έν
815 4533 873 4588 τοῖς
891 4532 991 4578 παιᾶσι
1005 4527 1075 4593 (ταῖς
1090 4523 1224 4578 Πλειάσιν
1238 4521 1345 4592 vulgo)·
1366 4540 1490 4592 χρυσεα

217 4596 246 4652 δ’
267 4597 436 4664 δξύπτερα
456 4597 571 4650 αἰετοῦ
591 4596 709 4650 ἄειδον
729 4597 902 4665 κληδόνες·
922 4595 1038 4665 respicit
1051 4595 1151 4650 Athen.
1163 4613 1201 4647 vn
1215 4596 1289 4648 εοοΕ
1304 4624 1337 4633 -
1353 4591 1488 4662 ἐξύπερθ’

216 4669 311 4723 αἰετοῦ
330 4668 435 4738 Bergk:
456 4667 484 4734 έξ
503 4665 638 4735 ὑπερέτου
653 4671 703 4721 eui
716 4667 745 4733 ἐξ
759 4665 899 4735 ὑπαρέτου
913 4667 1005 4735 Pane,
1024 4666 1161 4735 δξύπτερα
1176 4666 1271 4719 αἰετοῦ
1286 4663 1357 4730 Gal„
1377 4663 1405 4730 ἓξ
1421 4664 1489 4734 ὑπὲρ

216 4741 311 4795 αἰετοῦ
331 4738 525 4794 Schneidewin
544 4738 644 4793 Philol.
659 4759 676 4792 v
693 4756 739 4794 aee.
759 4755 798 4793 ωε
813 4756 833 4793 e.
853 4769 886 4777 —
906 4736 1065 4808 Κηληδόνες
1084 4737 1176 4809 Bergk
1195 4735 1298 4790 collato
1318 4736 1382 4792 eth,
1397 4753 1437 4791 νου
1452 4740 1489 4792 Εε

216 4812 370 4881 κηλήμονες
388 4811 483 4877 Pane,
503 4809 635 4879 κληδόνες
653 4809 729 4877 Ga1.;
752 4828 808 4864 non
827 4809 938 4880 integra
956 4809 1042 4864 verba
1060 4812 1161 4880 poetae
1180 4807 1271 4862 relata
1289 4824 1350 4862 ense
1368 4812 1489 4862 metrum

216 4882 381 4954 paeonicum
400 4882 544 4936 turbatum
563 4881 664 4952 arguit.
