3442 5550
225 421 290 486 436
784 427 934 478 PINDARl

824 596 896 654 280.

314 700 401 760 Philo
422 699 457 759 de
476 700 561 760 oarit.
580 712 628 761 κστ
652 699 748 760 ἔπειτα
772 693 803 760 δ’
824 699 867 760 ὅτι
894 700 1084 780 φρονήματος
1106 700 1260 773 ὑπόπλεως
1286 697 1399 782 ἀλόγου
1421 700 1507 782 γενό

228 811 316 869 μενος
344 799 403 862 πᾶς
432 786 546 860 ἀλαζὼν
577 787 644 850 οὔτε
672 787 768 870 άνδρα
798 787 866 851 οὔτε
893 785 1021 869 ἡμίθεον
1044 794 1152 869 μᾶλλον
1175 788 1195 870 i)
1219 783 1265 873 (δὲ
1288 791 1364 851 coni.
1389 784 1508 873 Bergk)

229 879 356 958 δαίμονα
382 877 456 939 κατὰ
485 877 537 939 τὸν
560 879 715 961 Πίνδαρον
745 878 946 960 ὑπολαμβάνει
975 877 1096 958 ἑαυτόν,
1127 877 1201 960 ὑπὲρ
1231 879 1300 952 τοὺς
1330 879 1421 962 ὅρους
1453 890 1507 960 τῆς

225 965 420 1048 ἀνθρωπίνης
443 968 562 1046 φάσεως
585 965 676 1041 ἀξιῶν
698 969 823 1050 βαίνειν.

828 1150 900 1210 281.

317 1251 418 1334 [Philo
442 1255 477 1314 de
501 1255 741 1331 provid.11113:
763 1275 818 1332 pro
841 1256 951 1316 honore
974 1255 1077 1335 igitur,
1099 1259 1137 1314 nt
1158 1255 1234 1315 dixit
1255 1256 1326 1316 oiim
1345 1256 1506 1335 Pindarus,

226 1343 380 1404 silentium
402 1344 601 1404 laetabundus
625 1340 809 1424 suscipiam]

767 1526 829 1584 ess
855 1517 958 1603 [110].

316 1630 412 1690 Schol.
427 1630 512 1690 Aret.
528 1641 594 1690 282:
613 1627 754 1710 ὑδροχόος
774 1625 805 1689 δὲ
824 1621 912 1702 οὗτος
931 1629 1017 1691 δοκεῖ
1030 1634 1192 1709 κεκλῆσθαι
1209 1627 1267 1691 άπὸ
1286 1638 1338 1709 τῆς
1355 1630 1503 1712 πράξεως·

226 1718 299 1800 ἔχων
322 1718 378 1801 γὰρ
401 1717 521 1798 ἕστηκεν
545 1719 683 1798 οἰνοχόην
705 1717 755 1779 καί
778 1716 895 1799 ἔκχυσιν
918 1718 1029 1798 πολλήν
1052 1724 1176 1780 ποιεῖται
1200 1719 1312 1801 ὑγροῦ,
1334 1719 1400 1798 ήτις
1423 1721 1503 1782 είκά-

225 1810 300 1881 ζεται
322 1815 362 1870 τῶ
386 1807 503 1889 νέκταρι
525 1817 578 1870 τοῦ
601 1811 631 1868 Γ
627 1807 810 1886 ανυμήδους.
843 1807 895 1869 τὸν
918 1808 1103 1889 Γανυμήδην
1129 1807 1185 1890 γάρ
1213 1808 1303 1871 αὐτὸν
1332 1808 1448 1889 ἔφασαν
1473 1813 1502 1871 οί

224 1897 289 1980 περί
316 1872 472 1979 Πίνδαρον
502 1896 801 1979 ἓκατοντόργυιον
828 1890 1103 1980 (ἑκατοντορόγυιον
1132 1899 1207 1959 coni.
1231 1892 1346 1982 Bergk)
1374 1898 1502 1981 άνδρι·

224 1989 325 2066 άντα,
349 1982 403 2066 ἀφ’
429 1981 466 2050 οὗ
489 1997 542 2065 τῆς
563 1987 706 2065 κινήσεως
729 1996 788 2048 τῶν
805 1986 908 2048 ποδῶν
926 1986 978 2048 τὸν
997 1990 1109 2048 Νεῖλον
1126 1992 1321 2069 πλημμυρεῖν.
1358 1989 1500 2050 Philostr.

225 2079 278 2138 vie
302 2079 401 2155 Apoll.
426 2079 519 2153 Tyen.
543 2097 575 2139 Vl
597 2089 645 2137 26:
672 2075 727 2154 τήν
755 2074 786 2136 δὲ
814 2075 913 2158 πρόσω
941 2073 1013 2139 δδδν
1041 2076 1096 2155 τήν
1120 2074 1167 2138 int
1189 2076 1242 2150 τὰς
1264 2077 1380 2154 πρώτας
1404 2077 1502 2160 πηγὰς

225 2159 366 2249 (Νείλου)
384 2163 518 2247 άγουσαν
536 2164 651 2246 άπορον
665 2163 719 2245 μὲν
737 2164 838 2226 ἐλθεῖν
855 2184 957 2245 φασιν,
976 2164 1090 2246 άπορον
1111 2163 1142 2226 δὲ
1160 2165 1388 2246 ἐνθυμηθῆναι·
1408 2166 1501 2228 πολλὰ

224 2255 280 2336 γάρ
298 2254 348 2316 καί
366 2254 433 2337 περί
452 2255 603 2336 δαιμόνων
621 2251 756 2338 ᾅδουσιν,
776 2249 824 2316 οία
841 2255 891 2316 καί
905 2256 1048 2341 Πινδάρῳ
1066 2254 1139 2316 κατδι
1159 2256 1270 2334 σοφίαν
1287 2256 1418 2335 ίίμνηται
1434 2256 1500 2338 περί

225 2354 279 2405 τοῦ
299 2345 451 2424 δαίμονος,
469 2341 506 2405 dv
525 2351 587 2417 ταῖς
605 2351 714 2425 πηγαῖς
732 2345 850 2418 ταάταις
868 2343 1022 2423 ἐφίστησιν
1036 2343 1110 2425 ὑπὲρ
1124 2346 1301 2426 συμμετρίας
1315 2355 1368 2407 τοῦ
1378 2347 1500 2408 Νείλου.

225 2434 308 2495 Coos.
332 2434 472 2495 Philostr.
496 2435 590 2513 Imag.
615 2455 625 2493 1
649 2446 680 2512 ὅ,
709 2438 740 2494 et
762 2435 922 2512 Porphyrii
945 2436 1055 2495 librum
1077 2432 1144 2513 περί
1166 2444 1225 2496 τῶν
1247 2433 1320 2496 κατὰ
1343 2436 1501 2517 Πίνδαρον

224 2531 276 2583 τοῦ
301 2523 411 2583 Νείλου
433 2531 545 2603 πηγῶν.
591 2524 773 2600 Interpretes
800 2523 924 2583 Pindari
952 2518 999 2607 (οί
1022 2523 1087 2604 περί
1115 2518 1285 2607 Πίνδαρον)
1312 2522 1500 2607 ἓνατοντορό·

223 2634 310 2692 γυιον
333 2609 509 2692 ἀνδριάντα,
537 2633 625 2690 quem
651 2613 800 2672 Pindarus
823 2613 957 2673 fontibus
984 2615 1048 2672 Nili
1075 2614 1194 2674 edstere
1222 2615 1252 2673 in
1280 2616 1391 2691 hymno
1419 2616 1499 2676 Iovis

220 2701 377 2762 Ammonis
400 2693 450 2783 (fr.
474 2694 524 2784 36)
547 2702 675 2781 dixerat,
699 2702 902 2778 Ganymedem
926 2703 1116 2780 interpretati
1139 2722 1202 2763 esse
1225 2705 1371 2765 videntur.

762 2885 824 2942 ees
851 2876 953 2961 [111].

315 2989 442 3049 Photins
464 2990 533 3049 Lex.
553 2991 584 3049 et
603 2988 711 3049 Suidas
734 3010 760 3049 v.
782 2984 878 3068 Ἥρας
900 2988 1027 3067 δεσμοὺς
1049 2987 1108 3049 ὑπὸ
1132 2987 1212 3061 υίίος
1231 2982 1322 3070 (Plat.
1343 2990 1378 3050 de
1398 3011 1458 3069 rep.
1478 3011 1500 3050 11

224 3100 251 3156 p.
278 3091 329 3139 378
354 3071 402 3161 Β).
448 3076 527 3160 παρὰ
551 3077 695 3162 Πινδάρῳ
714 3073 793 3159 Ἥρα
825 3076 884 3138 ὑπὸ
912 3072 1076 3155 Ἡφαίστου
1109 3078 1276 3158 δεσμεάεται
1307 3076 1340 3139 ίν
1371 3085 1412 3165 τῷ
1444 3075 1496 3140 ὑπ’

224 3166 318 3229 αὐτοῦ
341 3165 607 3228 κατασκευασθέντι
630 3166 747 3250 θρόνῳ·
771 3166 788 3227 d
810 3189 886 3240 τινες
909 3164 1106 3248 ἀγνοήσαντες
1129 3168 1296 3249 γράφουσιν
1320 3163 1390 3229 (ὑπὸ
1406 3165 1498 3242 Διός’.

221 3258 274 3318 καί
295 3274 369 3336 φασι
393 3257 520 3336 δεθῆναι
542 3255 636 3335 αὐτήν
663 3254 916 3336 ἐπιβουλεύουσαν
939 3252 1083 3336 Ἡρακλεῖ.
1131 3257 1299 3336 Κλήμεντος
1325 3253 1346 3336 ή
1375 3256 1498 3338 ἱστορία,

221 3345 272 3408 καί
291 3344 371 3426 παρὰ
387 3340 555 3431 Ἐπιχάρμῳ
570 3344 603 3406 ἕν
616 3348 792 3424 Κωμασταῖς
806 3341 995 3432 ήἩφαίστφ.
1022 3347 1191 3407 Boeckhius
1204 3347 1327 3406 Pindari
1341 3348 1496 3408 historiam

222 3437 261 3496 ed
283 3437 415 3514 primum
437 3437 583 3513 hymnum
604 3436 736 3513 rettulit,
764 3438 890 3496 fortasse
919 3456 985 3495 eam
1012 3436 1119 3513 respici
1143 3436 1180 3495 sb
1203 3437 1334 3497 Aristide
1358 3449 1427 3496 149
1451 3458 1498 3498 ex·

221 3526 307 3602 ponit
329 3526 544 3604 Wilemowitz,
567 3525 761 3604 Hephaistos,
784 3525 892 3585 Nechr.
917 3525 943 3584 d.
968 3525 1049 3585 Gdtt
1074 3525 1139 3586 Ges.
1165 3529 1248 3588 1895
1273 3546 1301 3603 p.
1325 3537 1385 3585 218.

760 3706 823 3764 see
848 3697 951 3783 [141]

312 3811 408 3871 Schol.
434 3811 472 3870 ed
495 3810 582 3870 Hom.
602 3810 635 3868 Il.
655 3805 762 3874 Ξ319ι
786 3809 861 3888 αδτη
885 3807 917 3871 δὲ
941 3802 1086 3893 (Δανάη),
1110 3810 1150 3882 ὥς
1173 3827 1248 3888 φησι
1269 3810 1424 3891 Πίνδαρος
1447 3811 1495 3874 καλ

221 3897 303 3960 άλλοι
326 3897 413 3979 τινές,
431 3898 553 3979 ἐφθάρη
576 3897 635 3958 ὑπὸ
658 3908 710 3959 τοῦ
733 3897 940 3980 πατραδέλφου
959 3899 1050 3979 αὐτῆς
1069 3900 1212 3979 Προίτου,
1231 3899 1305 3960 ὅθεν
1324 3899 1428 3973 αὐτοῖς
1446 3901 1496 3963 καί

221 3989 319 4061 στάσις
342 3987 478 4068 ἐκινήθη.
514 3989 679 4067 Vulgarem
697 3988 732 4049 de
751 3990 821 4050 Iove
845 4009 898 4066 per
920 3990 1055 4067 pluviem
1079 4009 1201 4049 eureem
1219 3990 1355 4050 Dsnsem
1379 3992 1495 4053 visente

219 4078 354 4139 fabulam
378 4079 515 4156 sequitur
537 4078 686 4138 Pindarus
708 4079 741 4138 P.
765 4097 808 4137 x11
833 4090 874 4138 17.
920 4079 957 4138 N.
981 4099 1000 4138 x
1025 4092 1066 4138 11.

821 4260 894 4319 285.

306 4365 445 4442 Fulgent.
470 4364 594 4439 Mythol.
619 4383 629 4421 1
654 4374 701 4422 12:
724 4363 755 4422 in
781 4363 873 4423 huius
900 4356 1078 4445 (Apollinis)
1106 4365 1198 4425 etiem
1219 4365 1348 4424 tutelam
1371 4386 1496 4429 corvum

220 4457 337 4530 ponunt
363 4500 369 4511 .
394 4503 400 4514 .
426 4501 431 4512 .
456 4453 518 4513 sive
551 4452 632 4529 quod
655 4500 661 4512 .
686 4498 692 4510 .
716 4498 722 4510 .
747 4498 753 4510 .
778 4453 941 4513 seeundum
972 4453 1136 4514 Pindarum
1168 4455 1248 4514 solus
1281 4455 1359 4514 inter
1391 4477 1495 4518 omnes

219 4562 288 4603 eves
316 4543 472 4621 sexaginte
501 4545 632 4618 quatuor
655 4541 886 4621 significationes
908 4542 1000 4603 hebet
1022 4563 1136 4604 vonum.
1182 4543 1264 4604 Hseo
1287 4564 1322 4603 ex
1345 4565 1494 4607 commen-

217 4633 303 4691 tariis
326 4632 365 4692 ed
386 4633 418 4691 P.
442 4650 477 4690 111
501 4643 534 4690 28
558 4631 654 4708 petite
676 4650 739 4691 esse
761 4632 910 4691 videntur.

216 4752 428 4761 -—....——.

288 4820 332 4874 Fr.
352 4826 412 4874 281.
449 4818 683 4874 Wilemowitzins
706 4820 764 4874 Ind.
784 4819 848 4875 leet.
868 4820 943 4875 Gott.
966 4826 1034 4875 1889
1059 4840 1085 4892 p.
1105 4838 1131 4876 es
1153 4821 1206 4876 hoc
1230 4820 1406 4879 referendum
1431 4842 1492 4881 esse

218 4890 314 4946 docuit
333 4891 370 4946 ad
389 4890 540 4946 Simonidis
560 4891 591 4946 fr.
609 4908 644 4961 ee,
662 4908 718 4946 non
736 4890 861 4961 Pindari,
880 4900 977 4963 σιγᾶς
995 4890 1183 4948 ἀκίνδυνον
1200 4891 1308 4964 γέρας.
