3442 5550
623 413 667 465 lv.
696 412 746 462 DE
765 413 848 463 VITA
870 413 1028 466 PINDARI.
1409 411 1468 466 clx

276 571 384 659 [Ἔστι
404 569 440 636 δὲ
458 573 499 636 τά
516 571 674 657 Ὀλύμπια
694 573 784 655 ἀγὼν
803 576 851 650 είς
867 575 927 639 τόν
940 577 1019 658 Δία,
1038 575 1078 638 τά
1098 576 1215 639 Πύθια
1235 573 1325 658 ἀγὼν
1344 576 1391 651 είς
1409 576 1468 640 τὸν

183 678 387 762 Ἀπόλλωνα,
415 681 455 744 τά
479 678 589 765 Νέμεα
618 680 709 763 ἀγὼν
737 679 791 745 καὶ
820 682 920 758 αὐτὸς
947 684 994 758 είς
1020 683 1079 746 τὸν
1101 685 1185 759 Δία,
1213 682 1252 745 τά
1281 679 1468 767 δέ’Ίσθμια

189 786 278 869 ἀγὼν
297 790 344 864 είς
362 788 421 852 τὸν
440 789 650 852 Ποσειδῶνα·
669 789 709 852 τά
728 786 760 851 δ’
777 791 907 854 ἔπαθλα
926 791 1055 854 τούτων
1074 787 1175 874 ἐλαία,
1194 788 1316 873 δάφνη,
1336 787 1467 854 σέλινον

187 893 288 978 ξηρόν
311 918 345 959 τε
368 893 422 959 καὶ
446 895 598 980 χλωρόν]
641 895 725 960 ἀλλά
748 894 823 983 περὶ
846 893 907 981 μέν
929 908 996 961 τῶν
1015 898 1127 961 ἀλλων
1145 883 1189 960 ού
1204 899 1297 980 χρεία
1315 905 1381 961 νῦν
1400 896 1467 962 έστι

189 1000 297 1083 λέγειν
319 1000 373 1066 καὶ
396 1003 436 1066 τά
460 1002 679 1086 ἐπιβάλλοντα
698 1005 828 1079 τούτοις
845 1004 986 1088 ὕστερον
1005 1002 1154 1089 ἐροῦμεν,
1177 1012 1242 1069 νῦν
1261 1001 1297 1069 δὲ
1316 1002 1391 1090 περὶ
1410 1013 1501 1087 τηςο

188 1107 313 1185 θέσεως
335 1121 401 1174 τῶν
422 1108 608 1194 Ὀλυμπίων
631 1109 770 1176 λεκτέον.
811 1107 900 1187 τινὲς
921 1108 982 1195 μὲν
1004 1119 1107 1175 ταῦτα
1130 1112 1177 1187 είς
1201 1113 1278 1187 τοὺς
1297 1111 1467 1195 Οἰνομάου

188 1213 243 1279 καὶ
258 1214 410 1292 Πέλοπος
427 1215 633 1301 ἀναφέρουσι
651 1221 802 1303 χρόνους.
840 1218 949 1302 [ἄλλοι
969 1216 1008 1282 δέ
1024 1235 1129 1303 φασιν
1147 1217 1193 1294 ὡς
1208 1218 1314 1295 οὕτως
1328 1219 1468 1303 αίσχρδν

189 1319 293 1387 οὖσαν
311 1325 372 1407 τὴν
390 1322 489 1388 θέσιν
508 1324 569 1389 οὐκ
588 1323 630 1389 ἀν
644 1324 870 1409 διεφύλαξαν]
903 1324 1008 1409 ἕτεροι
1024 1327 1060 1389 δὲ
1070 1322 1229 1409 Ἡρακλεῖ
1240 1324 1467 1409 ἀνατιθέασιν,

187 1429 205 1492 ὃ
228 1428 283 1494 καὶ
305 1430 476 1514 Πίνδαρος
499 1429 595 1514 λέγει,
619 1431 832 1517 ἐνδοξότερον
855 1445 961 1498 ποιῶν
983 1433 1042 1497 τὸν
1065 1431 1186 1514 ἀγῶνα.
1228 1430 1296 1497 ἐπεὶ
1319 1434 1383 1516 γάρ
1407 1435 1468 1517 τὴν

190 1537 334 1618 Αὐγείου
352 1541 478 1621 κόπρον
497 1537 639 1625 ἐκάθηρε
656 1537 793 1604 καὶτῶν
808 1539 1056 1624 ἐπηγγελμένων
1071 1540 1132 1604 οὐκ
1147 1543 1249 1624 ἔτυχε,
1268 1541 1468 1623 συναγαγὼν
1488 1558 1520 1606 10

184 1645 292 1708 πολὺν
318 1647 461 1731 στρατὸν
488 1650 547 1713 τόν
574 1671 608 1711 τε
632 1647 780 1729 Αὐγείαν
803 1649 938 1732 φονεύει
961 1646 1015 1711 καὶ
1039 1648 1101 1731 τὴν
1119 1641 1217 1712 Ἦλιν
1239 1649 1466 1731 παρεστήσατο

184 1749 239 1814 καὶ
266 1752 371 1816 πολλοὶ
399 1754 534 1838 λάφυρα
561 1755 760 1837 συναγαγὼν
789 1753 901 1836 ἀγῶνα
924 1757 1037 1837 τίθησι
1061 1765 1131 1830 τοῖς
1153 1752 1223 1838 μετ’
1244 1756 1348 1820 αὐτοῦ
1370 1760 1466 1821 πολε-

184 1860 343 1942 μήσασιν,
376 1859 459 1925 ὅθεν
486 1859 541 1926 καλ
568 1863 605 1927 τὸ
633 1864 713 1937 έθος
739 1861 911 1946 διέμεινεν.
960 1859 1047 1944 [ἀλλ’
1073 1857 1153 1925 οὐδὲ
1180 1862 1263 1945 αὕτη
1292 1865 1419 1947 ἔμεινεν
1446 1864 1466 1947 ἡ

184 1964 293 2047 θέσις,
321 1964 389 2031 ἐπεὶ
417 1976 475 2051 τῆς
503 1969 673 2053 συμβάσης
701 1969 815 2045 αὐτοῖς
839 1971 1030 2052 δυσχερείας
1052 1967 1237 2053 ὑπόμνησις
1259 1964 1324 2053 ἦν]
1371 1972 1465 2035 ἀλλοι

186 2072 226 2136 δέ
255 2090 374 2158 φασιν,
406 2074 451 2150 ὡς
469 2073 597 2159 Ἴφιτός
628 2100 678 2153 τις
709 2074 764 2141 καὶ
791 2076 984 2161 Εὐρύλοχος
1010 2078 1089 2153 τοὺς
1116 2080 1301 2160 Κιρραίους
1327 2080 1466 2162 πολεμή-
1488 2093 1519 2142 15

186 2196 304 2256 σαντες
332 2177 441 2267 (οὗτοι
469 2179 504 2246 δὲ
533 2177 618 2264 ἦσαν
647 2185 681 2248 οί
706 2185 767 2267 τὴν
794 2184 957 2268 παράλιον
984 2192 1042 2266 τῆς
1067 2185 1221 2261 Φωκίδος
1248 2183 1364 2269 λησταὶ
1391 2209 1466 2250 κατ-

186 2285 341 2375 έχοντες),
364 2287 419 2352 καὶ
442 2291 547 2353 πολλὰ
571 2290 704 2374 λάφυρα
728 2293 972 2374 συναγαγόντες
994 2287 1092 2374 ὁμὲν
1105 2289 1233 2375 Ἴφιτος
1251 2293 1291 2356 τά
1308 2290 1466 2377 Ὀλύμπια

186 2397 424 2479 συνεστήσατο,
452 2396 470 2460 ὁ
498 2393 535 2461 δέ
558 2398 754 2482 Εὐρύλοχος
780 2398 820 2463 τά
844 2399 970 2462 Πύθια.
1016 2396 1071 2462 καλ
1099 2397 1134 2463 έκ
1157 2400 1277 2464 τούτου
1302 2397 1465 2484 ἐπιμεῖναι

185 2505 222 2568 τὸ
245 2507 326 2580 ἔθος
349 2502 482 2587 συνέβη.

272 2610 413 2695 τέθνηκε
440 2609 476 2676 δὲ
504 2611 523 2677 ό
552 2612 723 2697 Πίνδαρος
750 2612 782 2690 ἓξ
810 2611 865 2678 καί
894 2611 1050 2695 ἑξήκοντα
1078 2611 1160 2682 ἐτῶν
1187 2615 1346 2697 γεγονώς,
1374 2612 1394 2697 ἢ
1422 2615 1466 2689 ὥς
1485 2630 1519 2678 20

185 2743 287 2802 τινες,
313 2718 528 2802 ὀγδοήκοντα,
551 2717 603 2784 ἐπὶ
627 2723 756 2795 Βίωνος
779 2722 939 2806 ίίρχοντος
961 2721 1043 2784 κατά
1067 2722 1128 2804 τὴν
1150 2719 1248 2804 ἕκτην
1270 2719 1324 2785 καὶ
1348 2720 1465 2803 ὀγδοη-

185 2828 307 2911 κοστὴν
327 2825 538 2911 Ὀλυμπιάδα.
575 2826 737 2911 ἀκροατὴς
761 2822 796 2890 δέ
819 2826 934 2909 γέγονε
955 2829 1158 2913 Σιμωνίδου.
1196 2828 1213 2894 ὁ
1238 2825 1273 2893 δὲ
1297 2827 1465 2909 έπινίκιος,

186 2930 226 3000 οὗ
254 2934 274 3018 ἡ
303 2933 399 3019 ἀρχή·
423 2932 606 3018 ’Ἀριστον
632 2929 701 3017 μὲν
727 2933 847 3018 ὕδωρ,
874 2933 1089 3018 προτέτακται
1117 2934 1182 3000 ὑπὸ
1207 2933 1466 3021 Ἀριστοφάνους

187 3050 246 3106 τοῦ
274 3039 496 3118 συντάξαντος
522 3042 562 3105 τά
586 3039 776 3125 Πινδαρικὰ
804 3041 860 3104 διὰ
887 3042 923 3105 τὸ
946 3041 1110 3127 περιέχειν
1132 3051 1192 3107 τοῦ
1216 3041 1344 3124 ἀγῶνος
1366 3041 1465 3123 ε’γκώ-

185 3173 262 3232 μιον
285 3147 340 3214 καλ
363 3149 403 3212 τά
425 3145 500 3233 περὶ
523 3155 583 3212 τοῦ
605 3145 766 3228 Πέλοπος,
791 3147 827 3224 ὃς
849 3161 978 3231 πρῶτος
1001 3147 1037 3213 έν
1050 3148 1168 3214 Ἤλιδι
1190 3149 1389 3232 ἠγωνίσατο·
1413 3147 1465 3231 γέ·
1484 3167 1518 3215 κο

185 3278 326 3341 γραπται
355 3253 392 3320 δὲ
415 3253 539 3343 Ἱέρωνι
567 3258 698 3340 βασιλεῖ
719 3258 962 3341 Συρακουσίων
990 3252 1042 3342 (αλ
1067 3253 1104 3321 δὲ
1128 3257 1343 3344 Συράκουσαι
1371 3259 1466 3332 πόλις

185 3373 243 3447 τῆς
261 3361 442 3451 Σικελίας),
466 3363 503 3440 ὃς
525 3360 579 3427 καὶ
599 3365 731 3445 κτίστης
749 3368 874 3445 Αίτνης
898 3361 1025 3445 ἐγένετο
1044 3367 1180 3446 πόλεως,
1203 3363 1345 3428 ἀπὸτοῦ
1365 3364 1465 3447 ὄρους

185 3471 290 3555 αὐτὴν
315 3471 420 3548 οὕτως
443 3470 621 3555 ὀνομάσας·
650 3470 845 3546 ἀποστείλας
867 3471 930 3555 γὰρ
954 3466 1051 3548 οὗτος
1073 3471 1195 3548 ἵππους
1218 3473 1265 3547 είς
1285 3469 1464 3555 Ὀλυμπίαν

188 3577 315 3663 ἐνίκησε
339 3579 457 3663 κέλητι.

810 3790 841 3844 Ε.

529 3917 608 3983 vita
631 3936 670 3982 ex
694 3915 935 4007 suidaorlexieo
959 3919 1121 4000 excerpta„

273 4066 444 4148 Πίνδαρος
469 4065 604 4146 Θηβῶν,
628 4064 836 4126 Σκοπελίνον
860 4062 947 4143 υίός,
974 4063 1057 4126 κατά
1080 4060 1119 4126 δέ
1139 4084 1232 4137 τινας
1254 4059 1463 4144 Δαϊφάντου,
1482 4077 1516 4125 30

185 4169 276 4235 ὃκαὶ
294 4175 421 4256 μᾶλλον
440 4168 574 4254 ἀληθές·
594 4169 612 4235 δ
632 4170 694 4252 γάρ
714 4171 923 4233 Σκοπελίνον
944 4165 1033 4233 έστλν
1052 4165 1274 4253 ἀφανέστερος
1291 4166 1347 4232 καὶ
1365 4184 1464 4253 προσ-

184 4279 281 4363 γενὴς
300 4278 488 4362 Πινδάρου·
507 4274 595 4354 τινὲς
613 4273 650 4341 δὲ
669 4274 723 4340 καὶ
743 4276 946 4357 Παγωνίδου
966 4276 1144 4361 ἱστόρησαν
1163 4275 1274 4341 αὐτόν.
1311 4276 1463 4359 μαθητὴς

276 4532 298 4579 1.
319 4525 421 4582 ἔστι..
439 4532 487 4581 ..4
508 4529 579 4597 χρλω
581 4523 614 4580 όν
628 4525 692 4578 add
708 4524 768 4578 cod
782 4526 807 4576 Τ
824 4555 855 4562 -
878 4529 943 4591 ῑεη.
964 4523 1081 4578 ἄλλοι..
1093 4522 1289 4611 ,διεφύλαξαν
1308 4539 1360 4575 om
1380 4520 1460 4574 codd.

184 4596 311 4666 plerique
328 4598 475 4652 Abeliif
492 4605 533 4651 13.
549 4602 691 4667 διαμεῖναι
706 4595 786 4650 codd.
799 4593 948 4648 Abelii—
963 4594 1060 4649 ἀλλ’..
1096 4589 1130 4663 ἦν
1145 4610 1198 4648 om
1214 4593 1294 4647 codd.
1309 4591 1460 4646 Abelii.--

187 4675 226 4723 18.
250 4669 285 4722 τά
309 4672 385 4751 ΠιιθΙ
406 4671 473 4739 Είρ.
498 4670 591 4738 codd.
615 4685 682 4722 corr.
702 4667 966 4721 Westermann-
989 4671 1032 4720 20
1056 4616 1200 4753 Ιλίνδαρος
1223 4665 1262 4720 όλ.
1286 4663 1333 4730 ξς’
1354 4662 1459 4716 ἔναι’
1432 4685 1447 4732 γ

184 4743 318 4832 γεγονώς
322 4740 393 4795 coni.
409 4742 570 4806 Mommsen,
590 4740 726 4794 Pindaros
745 4758 771 4808 p.
788 4744 882 4792 27.-
903 4746 945 4792 ‘A
963 4737 1088 4823 Ἀβίωνος
1107 4740 1136 4791 et
1151 4734 1268 4799 Βίαντος
1283 4734 1372 4803 codd„
1392 4751 1460 4788 corr.

184 4764 318 4883 Heynes'
310 4816 439 4885 Αβροινος
453 4814 524 4868 coni
538 4811 784 4867 Wilamowitzae-
801 4816 842 4863 23.
855 4808 1069 4880 Ἀριστοφάντου
1083 4829 1158 4863 συντ.
1174 4808 1304 4862 codd.-
1319 4812 1361 4861 31.
1376 4825 1461 4876 προσ-

184 4887 279 4957 γενίχςε
297 4885 512 4956 προγενέστερος
530 4884 601 4939 coni.
621 4882 908 4952 Bernhardyoe-ffl.
928 4881 1086 4952 Παγώνδου
1106 4879 1176 4936 coni
1196 4879 1337 4935 Gaisford
