3442 5550
234 399 299 461 212
700 403 846 454 mansur
865 403 1031 455 namon.

246 578 280 626 95
300 574 408 639 κεῖνος
431 565 538 628 αἰνεῖν
560 560 615 628 καὶ
639 565 697 629 τὸν
720 563 844 648 έχθρὸν

299 669 398 735 παντὶ
421 677 520 759 θυμῷ
545 672 608 736 σύν
631 694 667 753 γε
690 672 767 758 δίκα
788 673 872 736 καλὰ
895 670 1016 756 ῥέζοντ’
1045 674 1188 737 ἔννεπεν,
1462 692 1517 741 170

298 784 433 843 πλείστα
456 778 637 844 νικάσαντά
661 796 697 843 σε
720 777 774 843 καὶ
797 784 940 855 τελεταῖς

300 885 414 969 ὡρίαις
437 885 473 950 έν
496 887 673 962 Παλλάδος
697 880 802 969 εἶδον,
825 887 958 969 ἄφωνοί
978 884 1012 950 θ’
1040 886 1085 962 ὡς
1108 884 1241 951 ἕκασται
1265 890 1431 969 φίλτατον

298 990 498 1076 παρθενικαὶ
521 997 620 1059 πόσιν
644 992 664 1076 ἢ
1461 1014 1515 1062 175

231 1116 280 1163 100
299 1101 375 1165 υίὸν
398 1099 538 1185 εὔχοντ’,
561 1097 586 1166 ὦ
616 1105 858 1187 Τελεσίκρατες,
883 1103 996 1185 ἔμμεν,

300 1332 335 1397 έν
355 1329 562 1418 Ὀλυμπίοισί
582 1331 693 1397 τεκαὶ
716 1336 934 1417 βαθυκόλπου
1307 1337 1388 1418 Στρ.
1413 1333 1454 1398 ε’.

300 1442 366 1517 Γᾶς
389 1438 538 1520 ἀέθλοις,
562 1443 599 1504 ἔν
621 1464 655 1504 τε
679 1438 734 1505 καὶ
756 1449 858 1505 πᾶσιν

299 1546 494 1632 ἐπιχωρίοις.
540 1543 594 1631 ε’μέ
618 1545 647 1610 δ’
676 1543 725 1611 ὧν
748 1571 797 1623 τις
820 1546 939 1611 ἀοιδὰν

298 1654 410 1731 διψόδ’
438 1654 629 1739 ἀκειόμενον
652 1654 790 1737 πράσσει
814 1654 908 1738 χρέος
931 1650 1024 1730 αὖτις
1048 1653 1169 1739 ἐγεῖραι
1456 1672 1512 1721 180

299 1872 341 1920 96.
356 1866 407 1920 σόν
422 1885 451 1934 γε
467 1867 537 1920 coni.
555 1864 680 1920 Boeckh:
696 1864 748 1918 σιἰν
761 1884 790 1918 τε
805 1865 885 1919 codd.
901 1867 929 1919 ct
943 1864 1028 1919 schol.
1044 1897 1077 1904 —
1093 1870 1134 1919 07.
1150 1863 1239 1932 νικήσ.
1253 1864 1317 1919 BD
1331 1896 1364 1903 -
1380 1869 1424 1920 98.
1441 1864 1510 1921 ἔνια·

227 1956 288 1991 σται
304 1938 343 1993 B:
364 1937 465 1991 ἑκάστα
480 1938 510 1991 D
528 1970 561 1976 —
582 1944 624 1992 99.
642 1941 805 2010 παρθενικᾷ
824 1936 916 2005 Bergk
935 1967 968 1975 -—
988 1934 1005 2004 ἢ
1023 1936 1117 1991 codd:
1138 1935 1168 1988 αἱ
1187 1933 1214 1988 δ’
1231 1935 1301 1989 coni.
1317 1935 1453 2007 Hartuug
1474 1970 1509 1978 -

228 2015 286 2064 101.
308 2008 337 2062 έν
351 2007 377 2062 τ’
392 2007 443 2063 Ὀλ.
458 2009 561 2077 BDE,
581 2008 606 2062 τ’
624 2009 690 2062 eice.
706 2010 774 2078 Bps.
789 2040 825 2047 —
841 2014 899 2063 103.
919 2006 947 2061 d’
964 2003 1003 2061 ὦν
1017 2007 1173 2062 Hermann:
1193 2005 1220 2060 δ’
1238 2003 1289 2060 odo
1303 2007 1408 2075 RBE,
1422 2006 1454 2061 δ’
1472 2010 1509 2064 οὔ

227 2081 330 2134 lemma
349 2081 410 2134 cod.
429 2081 456 2134 B
474 2113 509 2121 -
527 2079 630 2134 ἀοιδὰν
656 2078 758 2147 διψόδ’
780 2098 813 2133 ex
839 2078 924 2133 schol.
944 2079 1098 2133 Hermann:
1124 2080 1227 2132 ἀοιδᾶν
1252 2075 1342 2146 δίψαν
1366 2079 1450 2132 codd.
1471 2112 1510 2121 -

227 2223 263 2276 ab
282 2223 401 2277 Homero
420 2222 451 2278 ΙΙ.
467 2240 599 2287 xvn11u3
619 2240 715 2277 versus
734 2222 818 2277 Nerei
837 2221 897 2292 ipse
916 2240 971 2275 non
991 2226 1118 2276 servatus
1136 2224 1227 2275 est-
1243 2226 1285 2275 96.
1305 2220 1356 2275 σόν
1370 2240 1401 2290 γε
1420 2219 1506 2297 δίκᾳ·

226 2295 313 2348 etiam
333 2295 524 2349 adversarium
543 2294 655 2347 laudari
673 2297 791 2364 oportet,
811 2293 834 2345 si
854 2294 968 2362 quidem
989 2310 1051 2345 eum
1073 2293 1184 2347 iustitia
1202 2291 1348 2363 praeclara
1361 2291 1456 2347 faciat
1471 2326 1506 2335 -

226 2371 268 2419 98.
282 2370 403 2429 τελεταῖς
417 2364 513 2433 ὡρίαις
528 2365 558 2419 ἐν
572 2366 729 2428 Παλλάδος·
745 2364 957 2419 Panathenaica
971 2381 1051 2418 saera
1066 2366 1111 2433 (cf.
1122 2364 1153 2419 Ο.
1168 2383 1200 2416 m
1213 2368 1251 2432 ιι)
1265 2363 1407 2433 intellegit
1420 2365 1506 2421 scho-

224 2436 319 2503 liasta,
334 2441 417 2503 recte,
432 2441 464 2490 ut
477 2437 546 2490 mihi
561 2437 674 2505 quidem
690 2437 809 2504 videtur,
824 2435 1052 2505 quandoquidem
1071 2438 1100 2489 in
1119 2434 1280 2490 domesticis
1299 2435 1373 2489 ludis
1392 2435 1505 2505 Libyae

225 2508 424 2562 'l'elesicratem
437 2509 592 2562 vincentem
602 2508 740 2561 Pindarus
754 2508 849 2562 videre
859 2525 915 2562 non
924 2509 1026 2577 potuit,
1035 2508 1151 2561 verbum
1164 2509 1258 2561 autem
1274 2502 1359 2575 eidos,
1374 2506 1399 2560 si
1414 2509 1505 2563 tertia

225 2597 345 2650 persona
370 2579 476 2633 dictum
503 2583 587 2647 esset,
615 2579 690 2633 omui
716 2579 810 2650 gratia
836 2579 1041 2634 destitueretur.
1079 2578 1283 2632 Difficillimum
1301 2594 1366 2632 vero
1391 2578 1429 2633 ad
1453 2596 1504 2635 ex-

224 2651 392 2720 plorandum
417 2655 472 2717 est,
498 2668 634 2719 quosnam
660 2650 742 2705 ludos
766 2653 852 2720 poeta
877 2650 1010 2720 proximis
1036 2650 1130 2703 verbis
1156 2649 1186 2704 έν
1209 2647 1379 2720 Ὀλυμπίοισί
1402 2669 1431 2704 τε
1451 2653 1501 2706 καλ

224 2721 407 2793 βαθυκόλπου
423 2726 480 2785 Γᾶς
498 2721 612 2785 ἀέθλοις
631 2722 839 2792 significaverit.
867 2722 1042 2776 Hermannus
1061 2721 1174 2789 quidem
1193 2738 1286 2791 opusc.
1301 2740 1340 2774 vn
1359 2738 1398 2776 isi
1417 2721 1503 2778 ludos

225 2794 385 2863 Olympicos
407 2793 612 2863 Delphicosque
631 2793 795 2864 intellegere
814 2810 870 2847 non
887 2792 1037 2847 dubitavit.
1071 2795 1110 2847 At
1128 2795 1161 2845 ut
1174 2792 1287 2846 mittam
1301 2792 1501 2849 obscurissime

223 2865 315 2919 verbis
340 2869 397 2928 Γᾶς
420 2864 603 2938 βαθυκόλπων
627 2865 777 2935 Delphioos
796 2864 878 2919 ludos
896 2864 1029 2931 indicari,
1048 2880 1084 2918 ne
1104 2864 1185 2933 Olym
1206 2864 1264 2919 icos
1283 2864 1399 2932 quidem
1417 2864 1500 2920 ludos

223 2937 461 2992 commemorandi
488 2940 570 3007 aptus
598 2937 644 2991 hic
672 2936 749 2990 locus
777 2940 852 3003 erat;
880 2936 1024 2989 verissime
1053 2935 1127 2988 enim
1155 2882 1307 2989 scioliasm
1335 2936 1499 2993 adnotavit:

220 3006 390 3079 Ὀλυμπίοις
418 3010 451 3062 οὐ
476 3017 533 3070 τοῖς
560 3008 589 3062 ἐν
608 3006 681 3079 Πίσῃ
708 3017 771 3061 νῦν·
799 3009 831 3061 οὐ
852 3007 904 3076 γὰρ
924 3005 960 3061 ἃν
979 3005 1066 3069 οὕτως
1085 3006 1200 3074 ἔρριψεν
1218 3006 1313 3069 ἁπλῶς
1330 3006 1497 3077 τὸνλόγον·

222 3098 277 3149 quo
292 3080 409 3148 accedit,
424 3081 499 3148 quod
514 3079 651 3133 Pindarus
667 3078 827 3148 Olympicos
847 3079 928 3133 ludos
947 3095 1085 3147 nusquam
1100 3077 1244 3147 Ὀλύμπια,
1258 3078 1308 3131 sed
1324 3076 1498 3149 Ὀλυμπιάδα

223 3153 268 3206 vel
286 3151 434 3222 Ὀλυμπίας
456 3154 553 3221 ἀγῶνα
577 3151 654 3205 dicit.
693 3152 770 3215 Qsiae
793 3154 888 3203 autem
907 3150 981 3204 idcm
1001 3149 1154 3203 scholiasta
1173 3148 1285 3202 addidit
1303 3150 1373 3203 ἀλλὰ
1391 3158 1451 3214 τοῖς
1468 3150 1498 3205 έν

220 3221 363 3291 Ἀθήναις,
388 3224 417 3277 ἐκ
437 3231 533 3277 κοινοῦ
553 3223 707 3290 νικήσαντα
727 3218 803 3275 εἶδον
827 3224 872 3275 καλ
899 3222 929 3275 ἐν
952 3230 1009 3285 τοῖς
1028 3220 1176 3290 ἀγομένοις
1194 3222 1281 3289 ἀγῶσι
1298 3228 1332 3308 tp
1353 3225 1407 3292 Γῇ,
1426 3218 1497 3291 λέγει

222 3296 252 3349 δὲ
269 3296 299 3348 έν
314 3293 459 3360 Ἀθήναις
479 3297 510 3348 τὸ
529 3293 560 3348 δὲ
580 3303 637 3364 γῆς,
658 3292 699 3347 ὅτι
718 3295 766 3346 καὶ
785 3294 870 3360 αὐτῆς
888 3294 965 3362 ἀγὼν
984 3294 1082 3361 ἄγεται
1100 3291 1131 3346 ἐν
1147 3291 1284 3359 Ἀθήναις,
1304 3312 1341 3355 ως
1360 3310 1431 3361 φησι
1450 3294 1496 3347 Δί·

222 3370 321 3435 δυμος.
340 3366 410 3419 haec
428 3384 527 3435 parum
548 3365 617 3418 mihi
635 3366 797 3434 probantur,
817 3363 1045 3433 quandoquidem
1064 3381 1127 3417 cum
1146 3363 1283 3433 Olympiis
1303 3364 1391 3417 sacris
1410 3364 1496 3419 Athe·

223 3437 365 3490 aiensibus
385 3435 466 3491 ludos
485 3437 648 3490 coniunctos
667 3436 762 3501 fuisse,
781 3436 853 3488 nihil
867 3435 1017 3489 memoriae
1031 3436 1174 3505 proditum
1189 3439 1232 3488 est
1246 3433 1495 3503 (r.Prol.r.xxx1x)‚

222 3512 251 3560 et
269 3525 336 3561 num
351 3508 520 3577 epheborum
535 3512 675 3561 certamen
690 3506 788 3561 Scirris
804 3507 966 3560 institutum
980 3512 1015 3575 (v.
1026 3507 1127 3561 Athen.
1137 3526 1167 3559 ,τι
1180 3525 1206 3575 p.
1217 3523 1256 3561 sss
1265 3507 1296 3575 f.)
1311 3506 1348 3559 ad
1363 3505 1495 3562 Thesmo-

222 3579 322 3649 phoria
341 3579 400 3632 sive
419 3596 499 3633 sacra
517 3580 637 3649 Magnae
658 3579 726 3632 (leisc
745 3579 856 3632 trahere
876 3578 968 3645 liceat,
988 3578 1041 3631 viri
1061 3578 1137 3631 docti
1156 3577 1294 3631 dubitant.
1333 3576 1383 3631 Sin
1402 3582 1496 3634 autem

221 3650 405 3704 Athenienses
424 3651 505 3704 ludos
521 3649 665 3720 Olympios
685 3654 713 3703 et
726 3650 960 3719 Thesmophorios
979 3648 1142 3717 intellegere
1161 3649 1261 3702 merito
1280 3648 1406 3717 dubitas,
1426 3648 1495 3705 nihil

220 3721 389 3790 relinquitur
411 3740 495 3790 quam
519 3725 551 3775 ut
573 3722 646 3775 inter
671 3721 752 3775 ludos
777 3722 944 3775 domesticos
969 3725 998 3775 et
1020 3720 1139 3788 Libycos
1159 3721 1204 3787 (cf.
1219 3739 1244 3774 ν.
1261 3722 1297 3789 το)
1316 3719 1404 3775 etiam
1423 3722 1495 3776 Iocis

221 3793 344 3862 Olympii
363 3797 391 3846 et
406 3793 525 3846 Telluris
545 3792 626 3848 ludos
646 3793 739 3861 irrisae,
759 3797 789 3847 et
807 3794 922 3848 verbum
938 3788 1022 3858 εἶδον,
1041 3809 1103 3844 cum
1117 3791 1228 3862 proprie
1243 3791 1279 3844 ad
1294 3791 1496 3848 Panathenaea

221 3867 337 3934 spectet,
348 3865 435 3919 etium
449 3865 487 3917 ad
500 3868 607 3919 ceteros
620 3865 701 3918 ludos
714 3868 860 3933 zeugmate
873 3868 986 3934 aposta
997 3866 1119 3916 tractum
1132 3881 1191 3917 esse
1204 3865 1314 3917 statuas
1324 3894 1360 3903 -—
1370 3869 1413 3919 00.
1427 3883 1496 3931 παρ-

220 3938 335 3989 θενικαὶ
349 3935 439 4003 πόσιν,
457 3934 472 4003 ἢ
488 3940 638 4005 (γυναῖκες)
652 3937 715 3991 olba
735 3935 845 4006 εὔχοντ’
862 3936 957 4005 ἔμμεν·
978 3935 1065 3988 menti
1079 3938 1181 4004 poetae
1194 3933 1400 3989 obversabatur
1418 3935 1495 3989 Nau·

220 4007 297 4060 siena
317 4008 391 4077 apud
411 4008 490 4061 Hom.
511 4008 561 4061 Od.
582 4025 610 4061 vr
631 4024 670 4061 ιιι
690 4009 803 4077 optans:
831 4007 861 4060 αἰ
879 4006 932 4076 γὰρ
952 4006 1009 4075 ἐμοὶ
1031 4007 1139 4060 τοιόσδε
1158 4003 1238 4069 πόσις
1257 4005 1425 4076 κεκλημένος
1444 4006 1494 4075 εἴη.

292 4085 342 4131 103
358 4097 391 4131 ει,
420 4078 594 4148 lepidissima
619 4078 717 4132 fabula
742 4080 776 4132 de
795 4078 961 4132 Alexidamo
984 4076 1072 4131 filiam
1092 4078 1194 4131 Antaei
1217 4078 1373 4131 mercedem
1398 4094 1494 4132 cursus

219 4150 397 4204 nanciscente
421 4167 533 4204 carmen
555 4150 772 4231 pulcherrimum
796 4150 944 4203 clauditur.
981 4149 1040 4202 Hac
1064 4167 1127 4203 cum
1150 4149 1249 4202 fabula
1272 4148 1396 4203 conferre
1415 4149 1495 4204 iurat

219 4221 444 4275 narratiunculas
467 4222 502 4276 de
525 4222 716 4292 Hippodamia
738 4221 780 4290 (Ο.
800 4240 810 4273 1
829 4239 854 4275 ιο
870 4224 916 4289 ss.)
938 4221 1080 4291 Penelopa
1103 4221 1195 4289 (Paua.
1210 4239 1240 4272 ur
1260 4235 1298 4288 ra,
1315 4224 1338 4289 e)
1357 4221 1494 4275 Atalanta

219 4310 327 4347 necnon
350 4310 422 4362 quae
447 4293 481 4347 de
504 4294 581 4347 Indis
603 4294 690 4348 refert
712 4292 813 4347 Strabo
832 4313 867 4345 xv
886 4312 911 4363 p.
928 4309 981 4346 rrr:
1004 4292 1036 4345 τὸ
1055 4291 1105 4355 τὰς
1123 4291 1286 4360 παρθένους
1304 4286 1397 4346 ἆθλον
1415 4290 1493 4359 παρά

218 4384 273 4419 τισι
286 4368 456 4433 προκεῖσθαι
470 4371 507 4437 τῷ
521 4366 633 4434 πυγμὴν
648 4364 793 4431 νικήσαντι
808 4398 841 4404 -
858 4371 915 4418 103.
937 4362 1059 4431 διψάδα·
1080 4362 1269 4431 scholiastam,
1285 4380 1348 4415 curn
1363 4367 1493 4427 διψῶσαν

219 4436 295 4509 ᾠδήν
313 4438 520 4506 interpretetur,
545 4438 647 4491 ἀοιδὰν
667 4436 777 4503 διψάδα
795 4454 845 4506 pro
864 4437 968 4489 ἀοιδᾶν
986 4433 1076 4501 δίψαν
1095 4434 1196 4504 legisse
1216 4438 1298 4487 acute
1317 4434 1492 4489 Hermannus

218 4509 372 4579 perspexit,
397 4509 471 4577 quod
491 4526 523 4563 eo
542 4509 633 4577 magis
657 4508 726 4561 mihi
750 4510 897 4577 probatur,
921 4507 996 4575 quod
1021 4506 1108 4559 etiam
1131 4507 1213 4560 alteri
1236 4506 1311 4575 parti
1335 4506 1492 4561 sententiae

218 4581 302 4635 lectio
321 4580 407 4634 ιἰοιδίι
426 4579 513 4647 διψέις
530 4597 615 4648 quam
634 4581 737 4633 ἀοιδᾶν
756 4582 828 4647 δίψα
848 4578 941 4649 aptior
958 4581 1002 4631 est
1022 4610 1054 4617 —
1074 4595 1128 4640 τις·
1154 4577 1348 4645 ΑΙοτίδυιυυο,
1374 4578 1397 4632 si
1417 4576 1491 4633 codi-

218 4670 281 4705 cum
301 4651 498 4706 auctoritatem
518 4656 629 4705 secutus
647 4660 717 4705 τεῶν
737 4651 895 4720 scripseris,
914 4649 1107 4715 Telcsicrates,
1127 4649 1151 4703 si
1169 4649 1329 4703 Hermanno
1348 4650 1420 4704 duce
1439 4650 1492 4705 ἑῶν

218 4722 383 4793 praetuleris
404 4755 436 4762 -
457 4730 515 4777 104.
543 4722 622 4793 χρέος
640 4720 723 4785 αότις
749 4723 865 4791 ἐγεῖραι·
891 4739 992 4774 munus
1017 4720 1087 4773 mihi
1112 4720 1268 4774 iniunctum
1293 4722 1434 4791 postulat,
1460 4724 1491 4774 ut

218 4813 311 4849 rursus
331 4795 463 4849 suscitem
482 4812 602 4854 carmen.
618 4794 696 4847 cuius
711 4794 788 4848 sitim
803 4795 859 4847 ium
874 4793 1062 4849 exstincturus
1077 4809 1161 4861 eram,
1177 4795 1206 4846 et
1219 4791 1339 4863 gloriam
1353 4792 1490 4848 maiorum

217 4867 339 4921 carmine
357 4866 553 4921 illustrandam
577 4900 607 4907 -
