3442 5550
640 425 775 496 [anans
795 423 854 495 xa]

164 589 260 671 ἰσχὺν
283 589 414 652 οἰκείων
436 585 648 673 παρέσφαλεν
670 593 781 651 καλῶν

162 694 270 779 χειρὸς
292 693 412 760 ἕλ-κων
435 693 561 759 ὀπίσσω
584 695 694 778 θυμὸς
717 695 858 778 ἄτολμος
881 692 952 757 ἐών.

164 894 345 975 συμβαλεῖν
367 893 433 976 μὰν
456 887 594 975 εὐμαρὲς
616 886 658 972 ἦν
681 893 718 955 τό
742 913 775 954 τε
800 888 1011 974 Πεισάνδρου
1034 889 1135 953 πάλαι
1189 893 1268 973 Στρ.
1287 886 1330 972 μ’.

163 989 231 1081 αἷμ’
257 997 320 1062 ἀπὸ
345 998 515 1081 Σπάρτας·
536 995 743 1081 Ἀμύκλαθεν
766 997 828 1081 γὰρ
853 999 911 1080 ἔβα
935 998 999 1061 σὺν
1019 993 1151 1083 Ὀρέστα

109 1120 143 1167 35
163 1104 313 1169 Αἰολέων
336 1106 494 1189 στρατιὰν
517 1103 692 1188 χαλκεντέα
716 1101 807 1187 δεῦρ’
833 1102 980 1185 ἀνάγων·
1348 1121 1383 1167 45

161 1209 216 1275 καλ
239 1209 316 1296 παρ’
340 1209 492 1296 Ἰσμηνοῦ
515 1212 598 1298 ῥοᾶν
621 1209 821 1297 κεκραμένον

162 1317 197 1382 έκ
220 1319 550 1403 Μελανίπ-ποιο·μά-

196 1449 309 1512 τρωος.
357 1425 489 1510 ἀρχαῖαι
513 1424 542 1490 δ’
572 1423 684 1510 ἀρεταὶ

162 1620 342 1708 ἀμφέροντ’
368 1622 608 1707 ἀλλασσόμεναι
632 1632 760 1704 γενεαῖς
783 1619 916 1707 ἀνδρῶν
940 1621 1075 1699 σθένος·
1183 1620 1268 1689 Ἀντ.
1287 1620 1330 1706 γ’.

163 1727 199 1793 έν
222 1739 326 1817 σχερῷ
351 1727 382 1793 δ’
408 1728 478 1795 οὔτ’
505 1726 552 1795 ὧν
575 1727 726 1814 μέλαιναι
749 1731 877 1815 καρπὸν
900 1729 1028 1794 ἔδωκαν
1050 1730 1206 1815 ἀρουραι,
1350 1748 1383 1794 σο

108 1853 143 1898 40
163 1834 302 1921 δένδρεά
325 1835 354 1901 τ’
380 1837 441 1902 οὐκ
465 1836 571 1902 ἐθέλει
595 1837 715 1913 πάσαις
738 1836 837 1902 ἐτέων
858 1837 1013 1922 περόδοις

162 1944 268 2019 ἀνθος
291 1943 413 2021 εὐῶδες
435 1943 550 2030 φέρειν
572 1945 705 2032 πλούτῳ
728 1947 839 2026 fleca,

129 2047 131 2050 ’
163 2049 231 2115 ἀλλ’
260 2049 296 2115 έν
320 2050 512 2136 ἀμεί-βοντι.
558 2049 614 2116 καὶ

206 2159 334 2223 θνατὸν
357 2158 462 2235 οὕτως
485 2162 585 2234 ἔθνος
607 2159 679 2241 ἀγει

180 2337 223 2386 33.
249 2332 305 2402 μὰν
331 2333 402 2387 coni.
422 2334 519 2389 Pauw:
544 2332 609 2389 λίαν
627 2336 694 2389 BD
712 2337 742 2389 et
760 2335 845 2391 schol.
866 2367 899 2376 -
918 2340 960 2390 36.
987 2332 1138 2405 χαλκεντέα
1163 2334 1234 2390 coni.
1254 2334 1381 2390 Schmid:

126 2403 234 2458 αλκέων
256 2423 286 2458 τε
309 2406 348 2473 Β,
372 2402 544 2475 χαλκεντέων
567 2406 597 2461 D
615 2439 649 2446 —
668 2406 782 2461 ἀνάτων
806 2408 834 2460 D
854 2439 885 2447 —
905 2413 947 2461 ³6.
974 2407 1056 2477 λσμιν.
1077 2409 1107 2462 D
1126 2438 1158 2447 -
1183 2403 1254 2477 βοᾶν
1277 2406 1382 2477 Bergk:

109 2425 180 2543 ἀοὰν
199 2475 284 2546 vulgo
304 2508 337 2515 —
357 2481 398 2530 38.
419 2478 513 2531 ἀλασσ.
533 2477 563 2532 D
581 2511 614 2517 -
634 2483 677 2533 40.
700 2477 769 2533 πάσ’
791 2477 873 2533 ἐτέων
892 2480 918 2533 Β
936 2510 972 2518 -
989 2476 1121 2545 περόδοις
1140 2477 1266 2534 Schmidt
1289 2477 1383 2544 περιό-

110 2549 170 2671 δριές
193 2548 310 2672 BIBJD—
330 2555 372 2602 41.
397 2549 507 2623 πλούτῳ
526 2566 579 2605 om.
598 2551 626 2605 B
645 2583 678 2590 -
698 2555 740 2603 tt.
765 2547 851 2614 οὕτως
874 2549 959 2614 ἔθνος
981 2566 1014 2604 er
1040 2548 1153 2604 scholiis
1177 2550 1286 2619 ileyne:
1311 2546 1382 2604 odra

110 2636 126 2671 0
165 2638 212 2681 9ος
314 2651 347 2660 *-

111 2742 168 2796 vim
182 2742 246 2796 huic
260 2745 345 2799 verbo
360 2745 461 2799 tribuit
474 2745 554 2828 Diog.
569 2746 660 2801 Laert.
676 2767 703 2800 m
718 2764 756 2816 ιη
774 2746 824 2801 sed
839 2763 901 2799 cum
916 2747 1048 2814 aequales
1063 2747 1211 2817 scriptores
1226 2746 1384 2800 Herodotus

110 2814 289 2884 Thucydides
309 2816 457 2886 Euripides
477 2820 580 2871 nonsto
600 2816 750 2889 ἐμέμφθην
763 2819 821 2872 vim
835 2817 958 2872 activam
972 2819 1107 2887 tribuant,
1127 2817 1173 2872 hic
1211 2834 1302 2886 uoque
1321 2834 1384 2871 eum

110 2886 258 2968 intellego,
281 2887 330 2955 qui
353 2888 426 2941 vires
451 2904 516 2942 suas
540 2888 600 2971 ipse
623 2889 702 2943 flocci
725 2889 794 2943 iecit
811 2921 847 2930 —
865 2895 907 2943 32.
932 2890 1023 2959 χειρὸς
1041 2888 1140 2944 ἕλκων·
1160 2908 1179 2959 p
1211 2889 1278 2942 chre
1296 2891 1384 2942 meta·

110 2958 199 3027 phora
218 2958 361 3028 ignaviam
380 2959 461 3029 lingit
480 2960 601 3014 bominis
616 2977 729 3013 manum
743 2961 961 3030 prehendentem
976 2977 1094 3029 cumque
1108 2964 1258 3014 retrorsum
1273 2960 1385 3014 trahen-

110 3034 168 3083 tem
182 3061 218 3068 -
231 3036 273 3083 33.
293 3033 443 3112 συμβαλεῖν
457 3031 515 3100 μὰν
534 3031 650 3101 εὐμαρὲς
665 3028 712 3101 ἦν·
732 3032 812 3099 atqui
826 3032 909 3086 facile
924 3030 979 3084 luit
993 3032 1029 3084 ad
1043 3031 1236 3099 divinandum,
1255 3030 1324 3099 quid
1343 3030 1386 3085 vir

111 3101 146 3154 de
164 3118 214 3154 san
255 3101 300 3155 ine
319 3101 449 3156 Prsandri
468 3105 545 3156 ortus
564 3106 762 3156 consecuturus
782 3106 867 3169 esset,
887 3103 910 3156 si
929 3102 1049 3170 Pythica
1066 3102 1112 3156 vel
1132 3101 1278 3172 Olympiae
1296 3104 1385 3156 certa-

111 3172 218 3226 minao
239 3172 319 3226 iisset
337 3206 371 3214 -
390 3172 421 3227 τό
440 3193 469 3227 τε
488 3173 665 3241 Πεισάνδρου
685 3170 754 3239 alpe
766 3219 771 3228 .
784 3217 788 3228 .
801 3217 806 3228 .
817 3175 865 3227 καλ
883 3172 952 3241 παρ’
970 3172 1095 3245 Ἰσμηνοῦ
1110 3170 1181 3244 όοᾶν
1200 3173 1384 3243 κεκραμένον·

111 3242 288 3298 accusativus
308 3244 419 3308 obiecti,
440 3244 497 3298 vim
516 3245 636 3301 obtinet:
656 3244 739 3299 facile
757 3248 818 3299 erat
836 3244 961 3299 conicere
981 3249 1010 3300 et
1027 3245 1200 3328 praesentire
1219 3244 1385 3327 sanguinem

110 3314 239 3369 Pisandri
255 3319 284 3370 et
296 3316 460 3386 Melanippi,
474 3316 527 3370 hoc
542 3320 585 3370 est
599 3316 725 3371 divinare
740 3317 808 3386 quid
818 3316 926 3371 valeret
940 3334 1055 3387 sanguis
1068 3317 1180 3387 paterni
1194 3316 1240 3371 avi
1254 3315 1384 3370 Pisandri

110 3386 320 3442 Lacedaemone
339 3391 416 3442 ortus
435 3392 465 3442 et
490 3406 553 3443 cnm
575 3388 703 3443 Thebani
726 3387 804 3442 fluvii
823 3388 925 3443 Ismeni
943 3388 1052 3458 liquore
1075 3406 1109 3443 ex
1131 3393 1260 3443 materna
1278 3387 1386 3458 origine

110 3458 215 3512 mixtus
231 3491 263 3497 -
279 3465 320 3513 34.
338 3457 508 3529 Ἀμύκλαθεν
524 3503 528 3514 .
545 3503 551 3515 .
567 3503 573 3513 .
589 3459 645 3516 daci
664 3477 714 3515 ων·
770 3479 783 3514 r
802 3460 981 3531 parenthesin
1000 3460 1094 3514 media
1111 3459 1259 3514 interiecta
1272 3462 1338 3513 sunt
1352 3492 1386 3499 -

112 3532 164 3583 σὺν
186 3527 310 3604 Ὀρέστᾳ·
338 3531 395 3584 iam
422 3531 548 3587 Orestem
574 3532 611 3585 ab
637 3483 727 3586 lieres
741 3532 794 3585 rdis
820 3548 870 3585 suo
895 3549 981 3601 regno
1007 3531 1119 3602 pulsum
1144 3531 1251 3586 incolas
1277 3534 1386 3585 veteres

111 3600 297 3670 Peloponnesi
316 3619 333 3655 a
351 3602 560 3657 Lacedaemone
580 3606 608 3657 et
626 3603 751 3672 Mycenis
771 3603 800 3657 in
819 3620 897 3656 oram
915 3603 1000 3657 Asiae
1018 3602 1133 3658 minoris
1153 3602 1314 3670 deduxisse,
1337 3619 1386 3672 pa·

111 3690 173 3726 rum
198 3675 273 3726 reste
299 3677 382 3743 poet-a
408 3678 511 3729 narrat.
549 3675 640 3742 idem,
658 3691 721 3728 cum
740 3673 788 3743 qui
814 3692 848 3728 ex
873 3674 922 3728 illo
949 3678 1073 3745 tempore
1097 3675 1240 3729 Tenedum
1264 3672 1387 3728 insulam

112 3743 259 3813 tenebant,
284 3744 383 3798 Aeoles
403 3749 509 3814 essent,
528 3746 655 3800 Achaeos
674 3762 798 3815 quoque,
822 3744 871 3814 qui
891 3763 953 3798 cum
971 3746 1115 3813 Penthilo,
1139 3746 1245 3800 Orestis
1263 3745 1335 3814 filio,
1358 3744 1388 3797 in

111 3815 209 3869 Asiam
232 3814 435 3885 migraverant,
455 3816 555 3871 Asoles
578 3816 671 3871 dicere
696 3834 752 3871 uon
772 3816 967 3871 dubitavit-
987 3823 1029 3871 36.
1048 3818 1168 3872 Boeotos
1187 3816 1274 3871 fuisse
1293 3816 1387 3871 condi·

112 3889 187 3941 tores
206 3887 312 3941 Tenedi
331 3888 416 3956 vulgo
440 3888 592 3942 credebant
618 3892 654 3959 (v.
673 3889 758 3943 Thus.
778 3908 816 3941 ru
835 3894 884 3957 ss),
910 3888 1107 3957 similitudine,
1133 3887 1245 3958 opinor,
1272 3887 1387 3942 dialecti

113 3957 245 4012 Aeolicae
265 3961 294 4012 et
312 3959 461 4013 Boeoticae
480 3960 624 4026 commoti;
650 3960 768 4015 meliora
791 3963 885 4015 autem
904 3959 1042 4014 Pindarus
1062 3959 1155 4025 docet,
1182 3958 1283 4028 quiex
1302 3963 1387 4013 stem·
1431 3953 1438 3967 '

114 4029 237 4084 malibus
263 4029 400 4084 nobilium
428 4031 555 4101 gentium
582 4031 691 4085 insulae
720 4034 892 4101 compertum
921 4030 1057 4099 habebat,
1086 4030 1194 4085 incolas
1221 4030 1326 4084 Tenedi
1355 4047 1388 4084 ex

113 4101 234 4156 Achaeis
253 4105 282 4156 et
301 4101 413 4156 Boeotis
431 4102 534 4157 mixtos
553 4103 639 4157 inisse
660 4136 691 4143 —
711 4101 780 4170 παρ’
801 4101 929 4173 Ἰσμηνοῦ
948 4099 1018 4173 βοᾶν
1038 4120 1101 4156 cum
1120 4101 1239 4183 Bergkio
1258 4118 1308 4171 pro
1327 4100 1388 4154 vul·

113 4176 182 4243 gata
204 4172 273 4242 παρ’
301 4171 426 4256 ’λσμιχνοῦ
446 4170 516 4242 doda
535 4174 706 4229 exarandum
725 4173 834 4243 curavi,
858 4177 890 4227 ut
913 4173 1028 4243 sanguia
1052 4173 1181 4227 Pisaudrs
1205 4190 1238 4227 ex
1257 4172 1387 4241 coniugio

115 4243 191 4299 filiae
216 4245 372 4316 Melanippr
398 4245 507 4314 aliquid
532 4246 649 4314 liquoris
675 4246 802 4301 Thebani
830 4245 933 4300 Ismeni
959 4245 1115 4299 admixtum
1141 4242 1240 4298 tulisse
1265 4243 1387 4303 dicatnr;

114 4333 203 4385 neque
223 4320 319 4371 tamen
337 4316 491 4386 quidquam
511 4335 614 4371 causae
633 4321 688 4386 est,
715 4335 764 4372 cur
782 4317 908 4371 Achaeos
927 4317 1048 4386 primurn
1077 4333 1111 4371 ex
1139 4315 1331 4385 Peloponneso
1358 4314 1389 4367 in

114 4387 260 4442 Boeotiam
279 4387 449 4442 concessisse
469 4392 498 4443 et
517 4388 617 4443 dcinde
637 4406 773 4443 sinaeum
793 4388 934 4460 indigenis
953 4388 1065 4442 Boeotis
1090 4388 1118 4440 in
1138 4386 1235 4441 Asiam
1284 4384 1290 4396 ”
1327 4401 1388 4439 asse

115 4461 272 4513 statuamus
299 4493 331 4500 -
358 4466 400 4514 38.
428 4460 544 4514 eandem
570 4460 739 4515 sentent-iam
764 4460 799 4514 de
824 4459 934 4514 vicibus
962 4458 1144 4513 fecunditatis
1172 4462 1201 4512 et
1229 4457 1296 4511 steri
1308 4457 1389 4511 itatis

115 4547 245 4600 agrorum
263 4534 293 4585 ct
310 4532 453 4586 hominum
472 4531 610 4585 Pindarus
629 4532 658 4585 in
677 4531 818 4602 prooemio
842 4530 974 4585 carminis
999 4530 1034 4584 N.
1054 4549 1081 4582 vr
1100 4529 1188 4583 fusius
1207 4547 1240 4584 ex
1262 4528 1337 4582 osuit
1355 4560 1388 4568 -

114 4608 156 4656 40.
176 4601 307 4669 περόδοις
326 4620 375 4672 pro
395 4600 549 4671 περιόδοις,
573 4621 645 4672 quae
665 4603 763 4658 eadem
782 4603 872 4658 forma
891 4603 920 4656 in
939 4601 1023 4655 titulo
1042 4600 1177 4671 Delphico
1197 4600 1230 4655 01
1258 4645 1264 4655 .
1284 4616 1344 4668 rasa,
1364 4617 1388 4655 ra

114 4674 247 4737 occurrit:
272 4674 306 4729 cf.
327 4675 357 4729 Ο.
378 4693 406 4726 vr
425 4692 451 4728 aa
471 4707 502 4713 -
522 4682 565 4727 λι).
586 4675 616 4730 ἐν
635 4677 790 4747 ἀμείβοντι·
810 4692 873 4728 cum
891 4676 956 4744 post
974 4672 1077 4736 πάσαις
1095 4671 1237 4740 περιόδοις
1255 4670 1389 4743 poetata

114 4745 296 4827 ἀμειβοάσαις
309 4744 452 4813 περιόδοις
467 4746 685 4800 ‘alternantibus
699 4746 882 4815 temporibus'
899 4745 991 4800 dicere
1005 4744 1155 4813 debuisset,
1174 4746 1273 4797 neutro
1289 4758 1389 4814 genere

113 4816 258 4943 participii
277 4817 308 4872 ἐν
327 4815 470 4889 ἀμείβοντι
488 4816 530 4869 uti
550 4817 663 4886 maluit,
688 4817 728 4873 sic
753 4815 826 4870 enim
849 4818 922 4871 hanc
941 4817 1089 4870 formulam
1109 4815 1287 4886 interpretari
1305 4831 1389 4883 quam

129 4908 170 4943 τει
189 4889 318 4959 supplere
337 4891 464 4960 praestat
482 4921 515 4928 —

1125 4977 1177 5032 21·
