3442 5550
760 429 883 478 Nemas
902 428 951 480 111.

221 605 254 653 κο
275 589 369 674 βοάς·
393 589 457 676 ὅπᾳ
471 629 484 637 -
499 592 667 673 πόμπιμον
690 586 860 671 κατέβαινε
883 589 1019 652 νό-στου
1044 586 1146 667 τέλος,

273 693 327 759 καὶ
351 705 414 777 γᾶν
437 696 616 780 φράδασσε.
652 694 755 779 θυμέ,
779 698 853 759 τίνα
876 694 959 778 πρὸς
981 693 1172 758 ἀλλοδαπὰν

272 804 377 887 όίκραν
401 802 480 887 έμὸν
503 807 607 868 πλόον
629 804 859 892 παραμείβριιμ

273 911 386 997 Αἰακῷ
410 926 445 974 σε
469 909 554 994 φαμὶ
578 909 665 992 γένει
689 933 722 974 τε
747 913 897 974 Μαί-σαν
920 906 1044 993 φέρειν.

271 1015 381 1080 ἕπεται
405 1013 440 1081 δέ
465 1019 551 1105 λόγῳ
576 1019 670 1094 δίκας
692 1018 796 1092 άιστος
820 1016 913 1092 ἐσλὸς
936 1017 1055 1080 αἰνεῖν·

218 1248 252 1294 30
272 1229 345 1296 οὐδ’
371 1231 556 1315 ἀλλοτρίων
579 1235 697 1317 ἔρωτες
720 1228 817 1316 άνδρί
837 1228 952 1314 φέρειν
967 1270 981 1278 -
995 1227 1177 1314 κρέσσονες.

272 1344 408 1402 οἰκοθεν
430 1338 558 1422 μάτευε.
595 1341 780 1422 ποτίφορον
803 1334 839 1401 δέ
863 1339 1003 1420 κόσ-μον
1027 1338 1139 1418 ἔλαβες

271 1447 376 1527 γλυκύ
399 1470 430 1509 τι
454 1444 626 1530 γαρυέμεν.
662 1451 848 1510 παλαι-αἷσι
873 1441 902 1508 δ’
931 1443 967 1508 έν
991 1442 1121 1527 ἀρεταῖς

271 1552 394 1634 γέγαθε
417 1555 565 1635 Πη-λεὺς
588 1552 669 1630 άναξ
691 1551 879 1636 ὑπέραλλον
902 1551 1037 1635 αἰχ-μάν
1061 1551 1186 1633 ταμών·

271 1659 307 1736 ὃς
329 1658 384 1724 καί
407 1660 560 1725 Ριισλκὸν
582 1651 647 1724 εἷλε
670 1662 772 1743 μόνος
794 1660 874 1723 ἄνευ
897 1667 1061 1742 στρατιάς,

217 1784 251 1830 35
270 1764 324 1829 καί
347 1769 487 1830 ποντιάν
513 1764 610 1830 Θέτιν
632 1764 838 1850 κατέμαρψεν

272 1872 432 1955 ἐγκονητί.
472 1870 685 1956 Λαομέδοντα
709 1870 740 1935 δ’
767 1870 988 1956 εὐρυσθενὴς

276 1981 430 2064 Τελαμὼν
451 1977 536 2066 Ἰόλᾳ
558 1978 767 2064 παραστάτας
790 1978 854 2043 ἐὼν
878 1981 1027 2063 ἔπερσεν·

271 2199 328 2260 καί
348 2217 425 2260 ποτε
449 2192 646 2278 χαλκότοξον
667 2190 852 2277 Ἀμαζόνων
875 2191 944 2276 μετ’
969 2192 1074 2258 άλκίιν
1284 2192 1349 2258 'Era
1369 2192 1412 2277 β’.
1459 2211 1492 2257 ιιι

271 2301 364 2366 ἕπετό
387 2308 454 2365 λοι·
478 2299 560 2366 οὐδέ
580 2303 637 2384 μίν
660 2322 738 2365 ποτε
761 2302 866 2383 φόβος
889 2299 1100 2385 ἀνδροδάμας

318 2412 459 2473 ἔπαυσεν
483 2406 606 2491 άκ-μίιν
629 2419 771 2492 φρενῶν.

288 2606 330 2655 25.
351 2598 407 2654 όιτα
426 2600 506 2656 codd.
522 2633 555 2641 -
571 2607 613 2655 26.
629 2600 757 2669 φράδασε
772 2601 834 2655 BD
849 2632 882 2640 -
898 2605 940 2656 29.
956 2600 1031 2664 ἐσλὸς
1045 2601 1083 2666 D,
1098 2600 1176 2655 ἐσλὸν
1190 2602 1229 2668 Βς
1250 2601 1349 2657 schol:
1368 2601 1400 2656 τὸ
1417 2601 1493 2665 ἐσλὸς

218 2672 282 2726 ἀντὶ
299 2680 355 2726 ποῦ
373 2671 467 2735 έσλοάς
481 2704 514 2713 -
530 2679 572 2727 30.
587 2671 716 2741 κρέσονες
729 2673 759 2726 D
774 2704 806 2711 -
822 2678 864 2724 31.
879 2692 959 2741 μανι.
974 2673 1004 2726 D
1020 2705 1051 2712 -
1068 2672 1161 2741 ἔλαχες
1175 2689 1209 2726 ex
1223 2671 1338 2726 scholiis
1351 2672 1444 2743 Bergk
1459 2705 1491 2713 -

218 2749 260 2797 ³4.
285 2741 369 2809 μόνος
392 2744 475 2814 Epa:
503 2752 606 2814 μοῦνος
628 2743 691 2798 BD
718 2776 754 2783 —
781 2749 823 2798 36.
849 2743 968 2813 ἐγκονιτὶ
993 2743 1102 2797 mavult
1124 2743 1229 2814 Bergk,
1258 2741 1393 2816 άγκόνησι
1421 2745 1492 2799 coni.

217 2813 357 2869 Matthiae
372 2814 517 2885 eleganter
531 2848 564 2855 —
579 2821 621 2868 37.
639 2813 710 2889 ’λόλρι
727 2817 762 2870 Z:
782 2814 844 2868 ἰόλα
858 2815 921 2868 BD
936 2847 968 2853 -
984 2820 1025 2868 38.
1041 2812 1210 2883 χαλκότοξον
1229 2816 1300 2871 VX:
1319 2816 1493 2885 χαλκοτόξων

218 2886 280 2940 BD
298 2918 326 2926 -
344 2891 385 2939 33.
402 2885 496 2956 άιιμίιν
515 2887 574 2942 VX
590 2886 707 2941 Mosch:
727 2885 835 2955 άλκμίιν
851 2886 878 2939 Β
885 2886 923 2953 Ι),
942 2884 1047 2955 αἰχμὰν
1064 2885 1134 2940 coni.
1150 2886 1259 2954 Heyne:
1279 2887 1342 2940 sort.
1358 2888 1491 2950 ἀλκᾶς-

289 3035 332 3084 35.
351 3027 495 3100 πόμπιμον
514 3026 614 3083 νόστον
633 3026 717 3096 τέλος,
737 3028 888 3082 secundum
906 3027 1015 3082 itineris
1034 3029 1132 3093 finem3
1152 3028 1423 3095 ci.Tibull.1v1‚oa
1443 3031 1493 3084 ι’ἰία

214 3118 267 3170 μιν
284 3103 393 3170 ignotas
411 3103 506 3155 audax
525 3102 657 3155 erraverit
673 3101 761 3166 artes,
779 3117 833 3169 ηαο
851 3102 937 3154 suario
954 3104 1080 3155 extremis
1098 3102 1177 3154 tellus
1194 3101 1348 3154 includitur
1361 3102 1444 3154 uvidis
1458 3133 1492 3140 —

217 3171 365 3243 κατέβαινε
387 3214 437 3226 ...
456 3173 613 3240 φράδασσε·
634 3169 703 3224 mire
722 3170 833 3224 aoristis
852 3173 937 3240 poeta
955 3171 1149 3242 imperfectum
1168 3170 1332 3238 immiscuit;
1352 3174 1448 3225 tamen
1467 3172 1493 3226 ei

217 3243 271 3298 hoc
289 3259 400 3313 quoque
419 3244 479 3297 loco
499 3243 572 3298 inest
590 3241 632 3296 vis
652 3241 771 3296 actionis
790 3241 856 3295 dum
876 3242 966 3296 altera
990 3246 1023 3296 h't
1047 3242 1173 3296 durantis
1198 3275 1230 3282 ·-
1254 3250 1308 3312 γᾶν
1331 3241 1491 3311 φράδασσε·

218 3312 318 3382 locum,
343 3331 487 3383 quousque
506 3313 690 3384 pervenisset.
711 3312 846 3367 columnis
865 3313 965 3382 positis
985 3313 1120 3384 signarit3
1145 3314 1184 3368 sic
1203 3314 1276 3368 enim
1296 3314 1396 3369 Graeci
1419 3313 1492 3369 falso

218 3385 300 3456 signa
319 3385 419 3439 summi
438 3385 484 3440 dei
502 3385 652 3439 l'hoenicei
671 3385 929 3454 interpretabantur
948 3418 980 3425 -

289 3464 323 3510 26
340 3475 374 3511 ss.
395 3457 431 3510 ab
451 3456 577 3511 Herculis
596 3456 786 3524 navigatione,
806 3456 842 3509 nd
861 3473 946 3524 quam
961 3456 1130 3510 narrandam
1145 3456 1285 3511 mentione
1300 3456 1492 3511 columnarum

217 3528 345 3584 Herculis
364 3528 441 3582 facta
460 3529 593 3598 abreptus
612 3533 681 3594 erat,
700 3527 737 3581 ad
757 3526 854 3580 laudes
873 3527 988 3582 victoris
1008 3532 1037 3582 et
1055 3527 1163 3582 insulae
1178 3527 1302 3609 Aeginae
1321 3545 1351 3582 sc
1369 3533 1492 3595 revocat,

218 3616 273 3668 quo
297 3599 383 3653 simili
406 3600 488 3653 modo
514 3606 544 3654 u.
564 3620 592 3652 nr
606 3616 632 3655 os
650 3600 686 3653 ab
706 3598 832 3653 Herculis
858 3599 1030 3654 facinoribus
1054 3599 1091 3653 ad
1117 3600 1283 3654 domestrces
1302 3598 1400 3653 laudes
1420 3600 1494 3654 redit

219 3702 252 3712 -
282 3675 323 3724 28.
348 3675 462 3725 Μοῖσαν
490 3669 599 3739 φέρειν·
629 3670 776 3725 humiliore
800 3670 911 3724 dicendi
939 3687 1041 3740 genere
1069 3689 1135 3725 usus
1159 3670 1189 3726 0.
1209 3688 1277 3724 rxss
1300 3669 1373 3724 dixit
1396 3670 1493 3740 φέροις

217 3747 354 3813 γλῶσσαν·
383 3743 549 3812 metaphora
576 3758 671 3795 musae
696 3745 725 3795 et
748 3741 823 3795 altae
846 3745 965 3796 naturae
988 3742 1071 3796 huius
1094 3742 1165 3797 odae
1188 3742 1288 3796 melius
1311 3743 1442 3796 convenit
1465 3746 1494 3797 et

218 3814 331 3886 egregie
349 3813 488 3884 principio
508 3813 638 3868 canninis
658 3817 692 3880 (v.
711 3819 730 3880 1)
750 3813 961 3867 accommodata
981 3818 1075 3868 est-
1096 3820 1137 3869 29.
1158 3813 1234 3876 έσλδς
1252 3813 1381 3867 Aeolicus
1400 3830 1491 3869 accus.

218 3890 262 3940 est
279 3903 329 3956 pro
349 3886 456 3953 ἐσλούς,
476 3890 508 3939 ut
527 3885 610 3947 νάσος
628 3901 678 3954 pro
697 3884 800 3946 νάσσας
819 3883 849 3938 0.
869 3904 890 3936 ιι
904 3901 942 3949 ⁷⁸3
966 3885 1121 3939 infinitivus
1140 3885 1231 3940 αἰνεῖν
1250 3886 1344 3939 autem
1364 3885 1492 3945 subiecti.

218 3956 307 4020 ἄιστος
321 3955 402 4020 δίκας
416 3956 572 4026 praedicati
590 3956 646 4009 vim
661 3955 782 4010 obtinet:
802 3955 904 4024 probos
919 3956 1035 4010 laudare
1054 3957 1175 4011 orationi
1193 3973 1303 4009 summa
1320 3956 1431 4011 iustitia
1450 3961 1493 4011 cst

217 4060 252 4068 -
279 4036 322 4082 30.
342 4028 462 4082 similem
486 4027 653 4081 sententiam
677 4026 765 4080 habes
789 4026 818 4081 P.
838 4045 868 4078 111
882 4045 921 4094 νος
945 4027 990 4082 hic
1014 4031 1109 4082 autem
1132 4031 1217 4097 poeta
1239 4031 1327 4081 semet
1350 4027 1410 4098 ipse
1429 4028 1491 4082 hor·

216 4103 301 4168 tatur,
321 4104 353 4153 ut
371 4100 496 4169 palmam
515 4116 547 4152 ex
567 4097 728 4152 domesticis
747 4097 879 4151 laudibus
894 4097 949 4152 sibi
964 4103 1114 4170 comparet,
1133 4116 1252 4168 quarum
1267 4099 1351 4153 decus
1367 4098 1492 4169 amplum

217 4173 246 4225 et
259 4170 342 4225 dulce
357 4173 392 4225 ad
408 4171 565 4226 canendum
580 4169 634 4222 sibi
649 4169 861 4239 suppeditatum
875 4169 956 4222 sit-
967 4176 1008 4223 32.
1019 4171 1315 4236 παλαιαῖοινάρεταις·
1331 4169 1492 4239 virtutibus,

216 4242 314 4313 quales
329 4243 415 4312 prisci
434 4246 463 4296 et
481 4241 586 4296 heroici
603 4240 666 4294 aevi
684 4239 814 4311 propriae
829 4243 910 4294 eraut
923 4273 958 4281 -
973 4246 1014 4295 33.
1029 4243 1136 4312 ταμών·
1155 4240 1271 4312 respicit
1284 4240 1422 4296 Pindarus
1437 4242 1492 4295 Ho-

216 4331 323 4369 merum
338 4314 369 4368 Π.
385 4334 431 4366 ιιιιι
445 4331 496 4369 oso:
516 4313 646 4382 Πηλιάδα
661 4309 764 4381 μελίην,
780 4312 831 4380 την
844 4313 930 4380 πατρί
944 4309 1014 4384 φίλῳ
1028 4312 1096 4383 τάμε
1111 4311 1231 4381 Χείρων·
1251 4330 1422 4400 quamquam
1437 4330 1493 4367 non

217 4385 365 4441 Chironem
384 4386 433 4439 sed
448 4384 562 4438 Peleum
575 4383 668 4454 ipsum
682 4384 793 4437 hastam
812 4383 867 4436 sibi
884 4386 1026 4437 secantem
1040 4384 1109 4439 iacit
1124 4416 1156 4425 -
1171 4391 1213 4438 34.
1228 4404 1312 4452 μονος
1327 4384 1396 4438 ἄνευ
1411 4402 1492 4452 στρα-

216 4466 288 4521 τιᾶς·
314 4456 414 4511 schol:
439 4455 514 4521 δόξει
538 4455 569 4510 δὲ
594 4455 608 4509 δ
632 4454 776 4523 Πίνδαρος
799 4453 846 4508 διὰ
872 4455 921 4508 τὸν
941 4454 1090 4525 Αἰγινήτην
1115 4460 1193 4525 (corr.
1214 4455 1262 4508 διὰ
1286 4455 1317 4508 τὸ
1338 4456 1492 4524 Αἰγινήτην

217 4524 300 4582 εἰναι)
320 4527 484 4597 χαρίζεσθαι
507 4532 544 4599 τῷ
564 4531 665 4595 Πηλεῖ·
691 4528 723 4580 οὐ
746 4525 799 4594 γὰρ
819 4523 903 4594 μόνος
922 4523 975 4579 εἰλε
995 4527 1044 4579 τὸν
1060 4525 1178 4594 Ἰωλκόν,
1201 4527 1270 4581 ἀλλὰ
1291 4525 1350 4594 μετ’
1370 4525 1492 4589 Ἰάσονος

216 4601 264 4654 καλ
286 4609 343 4654 τῶν
369 4602 566 4666 Τυνδαριδῶν,
595 4601 631 4660 ὡς
650 4596 753 4665 ἱστορεῖ
776 4598 935 4664 Φερεκύδης
957 4600 998 4666 (et
1021 4598 1148 4668 Apollod.
1168 4617 1198 4651 ιιι
1214 4601 1276 4667 ιιι),
1299 4597 1373 4651 unde
1397 4597 1492 4652 rhetor

217 4669 270 4726 Dio
289 4671 430 4739 Chrysost,
447 4688 485 4725 or.
501 4690 510 4722 ι
528 4690 555 4740 p.
571 4687 596 4723 σι
617 4670 648 4723 lt.
665 4668 845 4723 Pindaricum
863 4665 947 4736 μόνος
966 4668 1035 4722 ἄνευ
1050 4679 1180 4737 στρατιᾶς
1198 4669 1298 4723 irridet
1315 4700 1350 4708 —
1369 4675 1411 4723 35.
1427 4690 1492 4722 κατ-

217 4740 358 4813 έμαρψεν,
377 4742 526 4812 prehendit
545 4740 647 4795 Thetin
666 4740 759 4793 varias
779 4740 882 4792 formas
902 4739 1066 4793 animalium
1085 4740 1249 4796 induentem
1268 4771 1301 4780 -
1321 4746 1364 4796 36.
1383 4738 1492 4811 Λαομέ·

216 4815 304 4869 δοντα
324 4858 329 4868 .
351 4858 356 4868 .
377 4857 382 4869 .
403 4813 512 4882 ἔπερσε
532 4830 588 4866 non
607 4811 718 4875 evertit,
742 4810 789 4864 sed
809 4809 933 4880 perdidit
951 4814 980 4864 et
997 4811 1152 4880 interemit;
1172 4812 1206 4866 cs.
1227 4810 1257 4865 0.
1278 4831 1295 4863 x
1313 4829 1347 4867 ιι.
1371 4812 1401 4867 Ρ,
1421 4832 1448 4865 ιιι
1467 4831 1490 4868 u

218 4916 249 4925 -
279 4891 321 4941 37.
346 4886 453 4940 lolaum
479 4885 525 4938 hic
548 4883 686 4938 Pindarus
709 4881 868 4951 Telamoni,
896 4898 952 4936 non
975 4881 1088 4937 Herculi
1111 4901 1211 4937 munus
1235 4883 1350 4953 aurigae
1373 4884 1492 4939 admini-
