3442 5550
393 417 416 470 1.
444 417 493 468 Da
513 417 706 469 CODICIBUS
726 415 978 481 SUBSIDIISQUE
997 417 1160 471 CRITIOIS.
1364 417 1415 472 Vll

135 583 304 644 exaratum
329 579 445 663 fuisse,
468 578 537 644 eius
559 579 606 644 rei
630 579 825 645 documento
849 584 926 644 sunt
948 581 1048 645 verba
1070 580 1155 646 falso
1179 603 1274 665 saepe
1297 581 1419 666 partim

134 687 299 751 disiuncta
321 686 442 771 partim
465 686 637 753 coniuncta
660 691 693 752 et
714 686 844 751 litterae
864 693 896 751 A
915 692 948 752 et
967 692 1011 771 A,
1040 691 1070 752 Τ
1088 692 1121 753 et
1144 691 1176 753 Γ
1194 688 1229 753 in
1252 687 1418 753 codicibus

134 794 271 879 nostris,
299 794 491 879 praesertim
517 793 552 858 in
579 793 810 860 vetustissimis
838 794 931 859 libris
954 794 1172 860 Ambrosiano
1199 799 1232 860 et
1254 794 1417 861 Vaticano

135 901 250 966 crebro
275 905 500 967 commutatae.

226 1008 277 1073 Ex
296 1008 472 1094 archetypo
490 1008 563 1093 illo,
586 1030 652 1072 non
669 1008 757 1093 ipso,
778 1009 834 1073 sed
854 1008 1051 1094 apographis
1071 1009 1139 1074 eius
1159 1013 1192 1073 et
1209 1008 1290 1094 ipsis
1310 1009 1418 1094 deper-

136 1115 216 1180 ditis
249 1115 408 1202 originem
440 1117 601 1181 duxerunt
633 1115 759 1182 codices
792 1119 930 1198 veteres,
964 1115 1083 1200 quibus
1112 1120 1279 1200 tamquam
1306 1115 1419 1181 funda-

136 1229 248 1288 mento
271 1223 306 1287 in
330 1222 435 1287 verbis
458 1228 574 1307 poetae
596 1223 798 1288 recensendis
817 1221 868 1287 uti
886 1243 946 1286 nos
966 1227 1103 1307 oportet.
1141 1220 1224 1287 Sunt
1242 1227 1352 1287 autem
1370 1222 1418 1288 hi:

135 1334 169 1394 A
194 1361 235 1383 =
255 1328 491 1394 Ambrosianus
509 1327 535 1394 (l
554 1330 630 1414 122,
652 1351 734 1394 saec.
749 1329 812 1394 XII
819 1382 828 1415 ,
850 1329 997 1394 continet
1015 1328 1173 1394 0.1-x11
1192 1352 1266 1394 cum
1285 1328 1419 1394 scholiis

191 1436 333 1522 propriis
346 1435 587 1522 Ambrosiams,
604 1437 689 1501 idem
709 1437 895 1521 frequenter
912 1437 1012 1502 habet
1026 1435 1133 1500 varias
1149 1436 1306 1502 lectiones
1320 1459 1420 1521 supra

190 1544 310 1608 lineam
333 1543 374 1607 ab
398 1544 509 1608 eadem
532 1543 667 1627 antiqua
689 1544 955 1628 manuscriptas.
992 1542 1099 1610 Codex
1119 1543 1262 1626 optimus
1281 1544 1316 1607 in
1335 1543 1420 1609 colo

191 1650 308 1716 metria
330 1655 363 1715 et
385 1649 581 1716 lectionibus
601 1650 689 1715 haud
706 1673 781 1716 raro
801 1651 842 1715 ab
862 1650 1013 1716 omnibns
1033 1650 1166 1734 reliquis
1185 1649 1278 1714 libris
1297 1649 1419 1715 recedit

191 1763 224 1823 et
247 1757 283 1823 Ο.
301 1775 326 1822 x
344 1759 387 1823 25
416 1757 505 1822 solus
534 1756 644 1844 glossa
663 1754 845 1842 Ἡρακλέης
872 1763 979 1840 vacat,
1008 1758 1091 1823 unde
1119 1757 1286 1842 proprium
1309 1756 1416 1822 locum

191 1864 255 1930 sibi
283 1864 438 1949 vindicat3
464 1865 551 1929 idem
578 1868 688 1928 tamen
712 1864 866 1950 gravibus
889 1864 1056 1949 foedisque
1080 1865 1205 1929 mendis
1227 1863 1418 1948 neutiquam

195 1976 290 2038 caret.

135 2079 172 2146 B
191 2111 233 2133 =
252 2078 430 2144 Vaticanus
457 2080 555 2160 1312,
584 2100 665 2143 saec.
684 2077 749 2143 ΧΠ
769 2100 816 2143 ex.
823 2131 832 2164 ,
860 2080 1006 2144 continet
1038 2079 1147 2144 omnia
1174 2078 1318 2145 carmina
1345 2101 1419 2143 cum

193 2185 325 2252 scholiis
356 2185 496 2270 propriis
529 2185 712 2269 Vaticanis,
744 2186 809 2250 nisi
842 2187 927 2270 quod
961 2186 1050 2251 foliis
1083 2186 1207 2272 aliquot
1244 2185 1418 2271 deperditis

192 2316 278 2359 nunc
301 2293 418 2358 desunt
441 2291 804 2377 0.11-22‚47-68.
828 2312 850 2357 v
871 2293 989 2357 9-24.
1017 2292 1044 2356 P
1073 2292 1418 2359 11-1156.1.v58

193 2418 272 2464 —V1
288 2402 338 2465 24.
352 2417 416 2464 vm
436 2400 724 2466 19-38.64-fin.
755 2399 872 2465 Manus
891 2400 1054 2466 recentior
1068 2397 1157 2486 (3²),
1177 2421 1258 2485 quae
1277 2399 1420 2484 aprima

193 2530 290 2573 mann
305 2504 319 2594 (
353 2505 379 2594 ¹)
398 2507 550 2592 religiose
567 2505 797 2592 distinguenda
810 2511 873 2590 est,
893 2508 996 2572 multa
1011 2507 1130 2591 partim
1145 2505 1286 2571 correxit
1299 2505 1420 2590 partim

193 2614 364 2700 supplevit.
402 2612 511 2679 Codex
535 2620 585 2679 est
609 2613 752 2698 optimus
777 2614 873 2679 testie
893 2615 1027 2679 alterius
1046 2614 1203 2698 familiae,
1225 2617 1419 2678 nontamen

192 2727 260 2787 tarn
288 2721 429 2808 integer,
457 2725 495 2786 ut
523 2720 595 2786 aliis
624 2721 765 2785 testibus
795 2721 939 2786 eiusdem
971 2720 1114 2786 familiae
1146 2742 1279 2806 prorsus
1311 2741 1420 2785 carere

192 2828 365 2914 possimus.
409 2826 584 2894 Nonnullis
611 2826 706 2910 locis,
735 2828 853 2912 quibus
882 2829 959 2912 quid
988 2829 1088 2894 codex
1111 2827 1293 2913 exhiberet,
1320 2826 1420 2893 etiam

191 2940 268 3022 post
290 2934 497 3000 Mommsenii
525 2955 656 3019 operam
684 2935 818 3000 dubium
841 2935 918 3021 fuit,
947 2933 981 3000 (l.
1006 2935 1099 2999 Ruck
1123 2939 1156 2999 et
1180 2933 1216 2999 Ο.
1241 2932 1421 3000 Schroeder

194 3044 299 3108 denuo
323 3041 466 3108 codicem
488 3041 708 3126 inspexerunt.
757 3070 820 3117 ,ιν
1470 3112 1477 3119 ,

140 3151 169 3217 0
194 3181 236 3204 =
256 3149 423 3215 Parisinus
446 3149 533 3214 2774
565 3170 646 3214 saec.
672 3147 737 3214 XII
762 3171 824 3234 ex,
856 3149 1002 3214 continet
1035 3148 1071 3214 0.
1096 3147 1198 3212 1-P.
1223 3166 1246 3211 v
1271 3148 1312 3212 51
1351 3146 1422 3236 sine

191 3257 339 3341 scholiis,
379 3256 465 3321 idem
506 3255 626 3320 multas
664 3246 865 3320 cor‘recturas
897 3278 1070 3341 perpessus
1104 3260 1170 3339 est,
1208 3259 1246 3320 ut
1279 3254 1422 3341 genuina

192 3364 289 3430 lectio
323 3384 418 3447 saepe
445 3362 636 3428 oblitterata
668 3361 720 3427 sit.
771 3361 922 3428 Codicem
955 3363 1097 3428 medium
1129 3362 1238 3428 locum
1272 3361 1357 3426 inter
1389 3364 1422 3426 A

193 3477 227 3537 et
253 3471 288 3536 B
318 3470 464 3535 obtinere
496 3469 645 3554 inprimis
678 3468 906 3553 inscriptiones
939 3470 1073 3534 odarum
1101 3468 1137 3535 Ο.
1161 3486 1209 3534 111.
1232 3487 1265 3533 v.
1289 3486 1334 3533 vL
1358 3485 1422 3533 vm

194 3579 427 3645 demonstrant.

139 3687 174 3753 D
193 3717 236 3739 =
255 3684 418 3750 Mediceus
438 3683 493 3767 32,
513 3682 556 3748 52
589 3704 670 3748 saec.
689 3681 875 3767 XIllsXlV,
908 3681 1054 3748 continet
1083 3682 1191 3747 omnia
1219 3682 1363 3748 carmina
1391 3687 1424 3747 et

194 3794 233 3858 fr.
258 3795 269 3857 l
301 3815 375 3858 cum
404 3789 536 3856 scholiis
560 3789 729 3855 Vaticanis
758 3789 882 3875 mixtis,
912 3790 1056 3854 eiusdem
1083 3794 1135 3855 est
1157 3789 1301 3855 familiae
1325 3794 1424 3875 atque

193 3900 238 3985 B,
266 3898 322 3965 sed
349 3896 476 3983 plenior
503 3896 576 3982 ill0;
607 3901 773 3962 correctus
803 3901 853 3961 est
880 3920 978 3961 manu
1006 3897 1258 3983 interpolatrice.
1305 3895 1424 3961 Dubiis

193 4006 274 4073 locis
300 4004 337 4070 G.
356 4005 445 4069 Kato
470 4004 613 4069 codicem
637 4006 741 4071 denuo
765 4004 917 4071 excussit.

229 4112 357 4178 Horum
376 4112 524 4177 codicum
543 4111 649 4177 varias
668 4111 824 4177 lectiones
844 4133 957 4177 omnes
976 4112 1009 4176 in
1025 4111 1139 4177 critico
1155 4114 1314 4196 apparatu
1327 4109 1424 4175 huius

140 4219 295 4310 editionis
323 4218 503 4304 exscriptas
530 4218 649 4298 habes,
677 4223 903 4303 praeterquam
930 4220 1029 4304 quod,
1054 4241 1094 4284 ne
1123 4217 1232 4282 inutili
1260 4216 1424 4303 ferragine

139 4327 295 4394 nebulam
327 4325 433 4412 magis
466 4347 563 4409 quam
595 4326 700 4390 lucem
731 4325 833 4390 oculis
861 4325 1020 4392 lectorum
1048 4325 1261 4408 effunderem,
1292 4328 1425 4390 enotare

138 4433 308 4521 supersedi
340 4436 509 4518 accentus,
541 4432 692 4517 spiritus,
723 4433 839 4496 menda
872 4433 1125 4520 orthographica
1161 4437 1194 4497 et
1227 4430 1425 4516 orthoepica,

138 4568 161 4609 v
185 4540 404 4626 daemoniaci
426 4539 510 4604 falso
534 4544 591 4604 aut
614 4539 739 4605 adiecta
759 4543 816 4603 aut
836 4540 970 4624 omissa,
992 4541 1120 4606 vocales
1138 4562 1204 4604 non
1224 4538 1334 4622 elisas,
1357 4537 1427 4603 iota

140 4647 410 4716 subscribendum
448 4646 620 4731 omissum,
654 4645 781 4711 litteras
815 4647 988 4712 verborum
1025 4648 1108 4712 male
1145 4646 1323 4711 disiunctas
1366 4648 1424 4709 aut

142 4756 344 4838 coniunctas,
372 4753 494 4818 formas
523 4752 666 4840 vulgaris
694 4753 853 4818 sermonis
881 4776 939 4839 pro
964 4753 1142 4820 dialecticis
1166 4753 1252 4837 parti
1277 4750 1426 4817 codicum

144 4862 266 4945 illatas,
293 4860 412 4946 quibus
434 4860 468 4924 in
492 4860 589 4925 rebus
614 4859 763 4925 omnibus
787 4859 853 4925 fere
876 4859 1001 4925 nullam
1026 4859 1255 4928 auctoritatem
1279 4856 1427 4923 codicum
