3442 5550
762 395 885 445 NEMEA
906 396 950 447 lv,

273 557 446 647 ἠΰπυργον
469 554 556 635 ἕδος,
581 556 657 642 δίκᾳ
680 553 827 641 ξεναρκέι
850 558 965 622 κοινὸν

273 661 403 748 φέγγος.
450 665 480 728 εί
502 661 533 727 δ’
560 666 607 728 ἔτι
632 665 761 748 ζαμενεῖ
787 666 980 749 Τιμόκριτος
1003 663 1100 753 ῥελίφ

227 777 233 794 ’
272 781 337 847 σῶς
359 771 466 855 πατὴρ
490 769 667 852 ἐθάλπετο,
691 772 842 836 ποικίλον
864 774 1047 856 κιθαρίζων

220 894 252 943 15
272 878 338 962 ἅμα
361 901 396 943 κε
419 878 502 965 τῷδε
525 875 614 963 μέλει
640 875 768 954 κλιθεὶς

271 984 379 1069 ύμνον
402 985 560 1069 κελάδησε
584 988 775 1051 καλλίνικον

272 1184 465 1247 Κλεωναίου
489 1179 518 1246 τ’
539 1179 596 1246 ἀπ’
618 1180 746 1265 ἀγῶνος
769 1182 889 1267 ὅρ-μον
912 1182 1087 1267 στεφάνων

270 1287 434 1372 πέμψαντι
457 1287 512 1354 καί
535 1294 679 1374 λιπαρᾶν

271 1395 453 1480 εὐωνύμων
476 1394 533 1462 ἀπ’
556 1394 716 1479 Ἀθανᾶν,

317 1503 441 1586 Θήβαις
464 1499 493 1566 τ’
519 1502 556 1568 ἐν
581 1499 777 1580 ἑπταπύλοις

219 1626 254 1674 κο
273 1607 381 1674 οὕνεκ’
406 1607 653 1694 Ἀμφιτρύωνος
676 1608 800 1692 ἀγλαὸν
822 1609 911 1694 παρὰ
934 1609 1060 1692 τύμβον

273 1716 437 1801 Καδμεῖοί
456 1740 512 1780 νιν
535 1715 596 1781 οὐκ
620 1714 769 1792 ἀέκοντες
791 1717 910 1781 ἄνθεσι
933 1718 1086 1801 μίγνυον,

273 1824 415 1905 Αἰγίνας
438 1821 537 1888 ἕκατι.
582 1826 709 1907 φίλοισι
733 1823 796 1908 γὰρ
819 1826 917 1908 φίλος
941 1820 1050 1887 ἐλθὼν

273 1928 381 2009 ξένιον
404 1931 487 1994 doro
509 1928 712 2014 κατέδραμεν

268 2035 448 2122 Ἡρακλέος
470 2037 588 2120 ὀλβίαν
610 2038 693 2121 πρὸς
715 2037 829 2102 αύλΰν.

219 2251 253 2298 ‘25
272 2232 333 2311 ξύν
356 2225 383 2320 pi
406 2253 485 2298 ποτε
513 2236 635 2319 Τροΐαν
658 2233 827 2317 κραται-ὸς
856 2233 1011 2319 Τελαμὼν
1295 2235 1375 2317 Στρ.
1396 2231 1439 2297 δ’.
1457 2249 1492 2296 ιο

292 2433 333 2481 12.
352 2426 497 2496 ἠΰπυργον
516 2425 641 2482 Schmid:
662 2426 802 2496 εΰπυργον
815 2427 886 2495 BD,
904 2424 1065 2497 ὑψίπυργον
1084 2425 1427 2482 coni.Schroeder-18.
1447 2429 1462 2492 ζ
1483 2458 1491 2466 -

219 2502 302 2568 δερετ
325 2497 508 2552 scholiastam
527 2497 629 2568 legisse
648 2500 732 2568 putat
750 2497 844 2565 Lehrs,
863 2496 978 2568 ζαμενὲς
997 2498 1067 2554 coni.
1083 2498 1174 2587 Bergk
1195 2530 1227 2539 -
1248 2504 1289 2552 14.
1309 2505 1361 2560 σῶς
1380 2497 1492 2568 scripsi:

219 2570 266 2633 σὸς
284 2569 364 2625 codd.
379 2572 409 2623 et
427 2569 522 2637 schol„
543 2567 572 2632 ὃς
590 2568 660 2624 coni.
681 2569 767 2623 Pauw
785 2602 820 2611 -
839 2576 880 2624 15.
900 2569 958 2640 ἅμα
978 2569 1089 2641 scripsi:
1108 2575 1191 2640 δαμα
1210 2568 1289 2624 codd.
1309 2571 1338 2622 et
1357 2567 1443 2624 schol.
1457 2601 1492 2610 -

219 2647 260 2696 16.
280 2639 388 2711 ΰμνον.
405 2685 411 2695 .
428 2685 433 2695 .
448 2639 483 2694 κε’
504 2654 592 2706 ψαντι
611 2640 681 2696 coni.
701 2640 799 2697 Pauw:
819 2639 908 2711 ύμνον
923 2685 928 2696 .
944 2638 1137 2712 ..πέμψαντα
1156 2641 1245 2707 codd..
1264 2638 1354 2710 ΰμνον
1369 2683 1374 2694 .
1387 2683 1410 2696 ..
1425 2640 1492 2710 πέμ-

218 2725 327 2782 ψαντος
345 2711 445 2778 schot,
464 2661 527 2766 υίδν
543 2756 548 2766 .
565 2757 570 2766 .
587 2757 592 2768 ,
607 2710 759 2782 πέμψαντα
778 2712 848 2767 coni.
866 2712 958 2781 Bergk
978 2745 1014 2753 -
1037 2718 1147 2768 19-38.
1171 2712 1201 2766 in
1222 2713 1251 2766 D
1271 2710 1307 2765 ab
1332 2711 1390 2765 alia
1408 2729 1493 2766 manu

218 2785 326 2840 exarmi
345 2788 411 2837 sunt
429 2815 464 2823 -
484 2789 524 2838 19.
543 2782 569 2838 τ’
591 2800 644 2838 om.
664 2783 694 2838 D
713 2815 744 2824 -
766 2789 807 2837 20.
827 2783 943 2838 οὕνεκεν
962 2785 989 2837 Β
1000 2784 1030 2839 D
1048 2817 1081 2824 -
1101 2789 1142 2839 κδ.
1163 2780 1267 2850 ξείνιον
1285 2784 1312 2836 Β
1322 2782 1352 2837 D
1365 2814 1400 2824 ·-
1413 2781 1492 2839 κατί-

218 2857 325 2925 δραμεν
347 2854 444 2910 irini:
468 2853 641 2923 κατέδρακεν
664 2855 731 2910 BD
753 2858 783 2910 et
805 2854 890 2909 schol.
910 2887 944 2895 -
964 2861 1006 2911 25.
1030 2856 1163 2924 κραταιὸς
1186 2854 1232 2910 vel
1256 2852 1402 2922 κράτιστος
1421 2854 1491 2910 coni.

219 2926 344 2982 Schmid:
364 2926 497 2995 καρτερὸς
515 2928 542 2980 Β
556 2926 587 2981 D
605 2959 638 2968 -

291 3076 331 3124 12.
351 3069 495 3139 ἠΰπυργον
513 3085 564 3140 pro
577 3068 688 3136 vulgari
703 3068 851 3139 εὔπυργον,
871 3069 904 3123 cf.
921 3069 957 3124 ad
972 3069 1002 3124 Ο.
1017 3089 1035 3125 v
1050 3085 1075 3124 ιο
1091 3101 1123 3110 -
1140 3074 1180 3122 13.
1199 3065 1265 3142 δίκᾳ
1279 3067 1377 3122 κοινὸν
1391 3066 1494 3139 φέγγος

218 3140 359 3211 quomodo
374 3140 518 3210 ἠΰπυργον
537 3138 600 3204 ἕδος
619 3139 677 3194 sive
692 3140 801 3212 Aegina
820 3140 939 3208 dicatur,
957 3143 1038 3211 patet
1056 3140 1159 3195 collato
1178 3139 1209 3195 0.
1224 3158 1273 3193 vm
1287 3155 1312 3195 ss
1330 3171 1365 3180 -
1385 3145 1426 3195 14.
1447 3139 1493 3202 σὸς

217 3211 420 3338 dissuit}
436 3211 549 3337 §.⁰111
567 3210 724 3354 {titt
734 3211 924 3352 iiiiii?
925 3211 1074 3338 1:311
1091 3210 1241 3337 {tutti
1251 3213 1285 3335 ii
1298 3213 1397 3337 titt
1399 3213 1494 3352 {13³1

217 3359 283 3409 tura
296 3357 379 3410 ΣΟΣ
390 3354 480 3408 latest
494 3363 547 3417 σῶς
566 3354 611 3423 (cf.
626 3355 656 3410 P.
671 3374 702 3407 111
716 3358 778 3423 roc);
797 3327 868 3408 nihil
887 3357 982 3409 antem
1000 3355 1037 3409 ad
1056 3353 1205 3409 lectionem
1223 3353 1269 3415 οδς
1288 3352 1493 3408 defendendam

218 3425 319 3480 similis
338 3426 417 3479 locus
435 3425 469 3480 N.
489 3445 506 3478 v
524 3443 551 3479 ss
570 3426 654 3493 valet,
673 3429 705 3480 ut
723 3425 772 3494 qui
790 3429 819 3480 et
837 3425 897 3496 ipse
916 3429 1061 3496 corruptus
1080 3425 1118 3479 sit
1137 3428 1166 3480 et
1183 3423 1295 3479 medela
1313 3423 1441 3495 indigeat
1459 3457 1492 3465 —

220 3503 262 3552 lo.
282 3496 353 3566 ἅμα,
377 3496 452 3565 quod
471 3495 601 3551 similiter
619 3500 704 3566 atque
726 3495 760 3551 N.
780 3516 800 3549 11
819 3514 831 3552 ο
850 3514 883 3551 ex
902 3501 1032 3568 corrupta
1050 3496 1170 3552 lectione
1188 3494 1271 3566 θύμα
1289 3495 1492 3550 restituendum

219 3567 282 3636 fuit,
302 3567 461 3622 illustratur
475 3567 629 3622 Horatiano
644 3570 767 3623 concines
781 3571 882 3624 maiore
892 3577 975 3638 poeto
986 3571 1089 3638 plectro
1102 3568 1141 3638 (Ο.
1156 3587 1184 3621 ιν
1199 3584 1218 3632 ε,
1233 3571 1269 3636 ει)
1284 3599 1317 3607 -
1335 3573 1375 3620 16.
1390 3565 1492 3638 ΰμνον·

218 3657 282 3694 cum
300 3639 419 3709 hymnus
439 3639 499 3721 ipso
517 3639 622 3693 fascem
650 3656 813 3694 coronarum
841 3639 953 3694 mittere
984 3640 1039 3694 dici
1067 3639 1114 3693 vix
1141 3639 1244 3710 possit,
1272 3636 1413 3709 πέμψαντι
1462 3657 1492 3695 ro

217 3710 370 3781 πέμψαντα
399 3715 558 3766 coniectura
585 3727 718 3781 reponere
744 3710 831 3765 malui
856 3743 888 3751 -
909 3718 950 3767 17.
970 3709 1141 3766 Κλεωναίου·
1167 3708 1347 3778 Κλεωναίων,
1370 3710 1419 3779 qui
1437 3658 1492 3766 Ne·

217 3799 329 3838 meaeos
352 3782 433 3838 ludos
457 3781 709 3850 administrabant3
733 3800 758 3837 v.
778 3782 812 3836 N.
832 3782 1160 3838 xcaetProl.nxxxv11
1180 3815 1212 3824 -
1234 3786 1274 3836 18.
1298 3786 1421 3851 λιπαρᾶν
1444 3799 1491 3854 ap-

217 3853 359 3909 tissimum
377 3853 522 3924 epitheton
542 3854 714 3908 Athenarum
732 3857 776 3908 est
794 3871 826 3909 ex
846 3853 1025 3923 dithyrambo
1044 3853 1210 3908 Atheniensi
1229 3853 1272 3935 (ir.
1292 3857 1328 3922 τε)
1351 3857 1492 3924 sumptum

218 3957 251 3966 -
272 3930 313 3980 18.
335 3925 442 3998 Θήβαις
461 3925 491 3979 ἐν
511 3924 678 3988 ἑπταπύλοις
696 3925 775 3979 iuxta
795 3926 944 3996 εὐωνύμων
962 3924 1013 3979 ἀπ’
1033 3924 1156 3980 Ἀδανᾶν
1177 3924 1263 3978 simili
1282 3924 1343 3979 loco
1363 3925 1394 3980 0,
1410 3944 1448 3978 111
1468 3942 1491 3981 ιι

217 3995 332 4052 defendi
359 3999 465 4066 potest;
494 3997 542 4050 sed
571 3996 681 4051 facilior
706 3996 753 4051 via
781 3996 986 4067 interpretandi
1011 3999 1066 4065 est,
1095 3995 1119 4049 si
1145 3995 1256 4065 virgula
1280 4000 1345 4066 post
1369 3994 1493 4052 Ἀδανᾶν

217 4068 312 4139 posita
337 4068 423 4122 verba
450 4067 480 4122 ἐν
503 4068 609 4140 Θήβαις
630 4085 693 4122 cum
712 4066 830 4138 μίγνυον
850 4067 973 4122 iunxeris
994 4100 1027 4108 -
1050 4072 1092 4121 20.
1109 4065 1311 4137 Ἀμφιτρύωνος
1330 4066 1409 4135 παρὰ
1427 4068 1492 4149 τύμ-

217 4141 269 4212 βον
285 4184 289 4192 .
307 4183 312 4194 .
329 4184 333 4193 .
350 4145 392 4194 24.
406 4137 556 4207 Ἡρακλέος
574 4139 644 4207 πρὸς
662 4137 764 4194 αὐλάν·
784 4139 844 4193 ludi
862 4139 992 4194 Heraclei
1010 4156 1067 4193 non
1086 4139 1115 4191 in
1130 4141 1223 4193 vetere
1243 4138 1335 4192 stadio
1354 4137 1490 4204 Hercuhs,

217 4210 292 4280 quod
307 4213 386 4265 extra
400 4211 528 4264 Electrae
542 4214 653 4292 portum
686 4227 753 4281 rope
767 4211 863 4265 sanum
877 4210 1005 4265 Herculis
1025 4215 1054 4264 et
1072 4210 1186 4264 domum
1199 4209 1411 4280 Amphitryonis
1430 4213 1492 4265 erat

216 4287 253 4350 (v.
269 4281 350 4336 Paua.
366 4301 393 4335 lx
408 4299 441 4336 11.
468 4280 622 4350 Fabricius,
641 4230 756 4337 Tfieben
774 4301 801 4352 p.
817 4285 862 4350 ει),
881 4283 1046 4353 agebantur,
1065 4281 1114 4335 sed
1134 4280 1162 4334 in
1182 4281 1275 4352 amplo
1294 4280 1386 4336 stadio
1406 4284 1491 4350 atque

215 4352 401 4424 hippodromo
427 4371 513 4424 propo
537 4353 748 4424 Amphitryonis
773 4357 801 4408 ct
819 4353 890 4407 Iolai
909 4370 1054 4408 commune
1073 4353 1232 4424 sepulerum
1250 4354 1330 4406 extra
1347 4352 1491 4407 Proetides

216 4429 326 4495 portas;
346 4424 379 4479 cs.
396 4425 424 4478 P.
440 4441 515 4480 11⁸1.
545 4425 625 4478 Hunc
644 4425 680 4479 ad
699 4426 800 4491 locum,
820 4424 868 4494 qui
887 4424 915 4478 in
950 4423 1490 4492 lanitiosituserat,cum'1'imasarcho

218 4512 252 4551 cx
266 4495 389 4551 Cadmea
407 4512 471 4550 arce
491 4500 519 4549 et
537 4496 605 4550 urbe
625 4496 765 4568 superiore
785 4443 986 4551 decurrendum
1006 4499 1088 4565 esset,
1108 4496 1278 4566 Byzantinos
1292 4493 1491 4566 grammaticos

217 4570 339 4623 veterem
353 4566 502 4622 lectionem
517 4567 689 4636 κατέδρακεν
699 4571 773 4623 recte
788 4568 951 4622 emendasse
966 4566 1102 4632 iudicavi;
1118 4567 1309 4622 accusativum
1320 4565 1413 4632 ξένιον
1422 4565 1490 4620 ἄστυ

216 4638 254 4693 ad
272 4638 509 4710 praepositionem
528 4639 600 4693 κατὰ
616 4639 695 4695 verbi
714 4638 862 4710 compositi
881 4638 1055 4708 κατέδραμεν
1074 4639 1153 4707 (ἄττα
1172 4638 1235 4693 κάτ’
1257 4637 1387 4707 ἔδραμεν)
1406 4653 1490 4706 quarn

217 4709 255 4764 ad
268 4708 448 4782 participium
463 4709 555 4765 ἐλθὼν
569 4710 666 4765 referri
679 4715 806 4782 praestat
819 4742 851 4751 -
865 4715 907 4765 21.
922 4710 1026 4764 ἄνθεσι
1039 4707 1165 4780 μίγνυον,
1178 4710 1285 4778 fronde,
1300 4725 1356 4777 qua
1370 4707 1490 4762 victores

218 4781 333 4836 obruere
348 4781 478 4836 solebant
492 4782 536 4835 cf.
552 4783 581 4836 P.
596 4801 624 4836 ur
638 4786 695 4850 εει),
714 4785 765 4836 aut
783 4798 885 4837 corona
902 4784 1020 4850 myrtea,
1040 4798 1097 4851 qua
1114 4782 1234 4836 victores
1253 4779 1328 4833 ludis
1347 4778 1490 4834 Heraclcis

217 4851 451 4919 redimiehantur;
475 4853 509 4907 cf.
529 4854 548 4906 I.
569 4872 600 4907 111
617 4870 643 4909 ss
667 4886 699 4894 -
724 4859 757 4907 25
772 4871 807 4908 sa.
833 4851 960 4909 Herculis
984 4856 1012 4908 et
1030 4851 1188 4907 Telamonis
1211 4856 1308 4907 contra
1327 4849 1439 4906 Troiam
1462 4853 1492 4905 ct
