3442 5550
222 388 287 451 366
695 390 842 441 prunam
861 391 1026 442 aurarem.

222 557 275 634 qui
294 557 370 616 mira
389 557 492 616 iudicii
516 558 711 633 perversitate
735 558 790 617 boc
813 577 931 617 carmen
956 557 1161 617 dulcissimum
1184 557 1262 617 inter
1285 557 1385 634 prima
1404 558 1504 635 poesis

221 646 397 705 Pindaricae
420 647 592 706 rudimenta
615 649 797 706 rettulerunt
816 650 847 706 et
865 647 903 705 ab
922 647 1146 707 adulescentulo
1165 651 1254 723 poeta
1278 646 1323 705 Ol.
1342 651 1393 725 70,
1416 651 1436 706 2
1455 649 1502 707 vel

225 739 273 813 70,
293 738 312 793 4
332 740 402 811 post
424 736 538 795 cladem
561 736 632 794 belli
652 754 669 793 a
688 736 837 794 Thebanis
861 740 891 795 et
913 736 1155 796 Lacedaemoniis
1179 740 1283 796 contra
1302 737 1502 796 Athenienses

223 825 300 902 gesti
324 817 366 903 (r.
385 825 492 884 Herod.
512 845 531 883 v
553 818 599 891 all
624 825 768 901 scriptum
792 844 854 884 esse
878 826 994 900 opinati
1017 830 1095 884 sunt.
1132 825 1179 883 Ad
1203 824 1278 884 hanc
1307 830 1412 884 autern
1437 844 1500 885 sen-

222 914 348 972 tentiam
373 933 406 973 eo
431 914 567 990 inprimis
591 915 641 972 isti
665 914 787 972 adducti
811 917 889 991 sunt,
913 915 993 990 quod
1013 914 1204 992 exaggeratio
1224 915 1365 974 decorum
1385 915 1500 974 Theba·

222 1022 328 1060 norum
352 1002 383 1061 in
404 1002 523 1063 exordio
543 1004 633 1063 buius
652 1004 791 1061 carminis
810 1003 916 1062 similis
935 1004 1038 1080 hymni
1058 998 1107 1079 (fr.
1127 996 1175 1083 aa)
1196 1004 1243 1076 sit,
1263 1003 1300 1063 ob
1320 1024 1411 1079 quem
1431 1004 1499 1062 Pin-

223 1091 328 1150 darum
343 1093 481 1152 iuvenem
497 1112 515 1149 a
530 1094 659 1152 Corinna
672 1092 877 1168 vituperatum
892 1111 955 1151 esse
970 1094 1079 1152 ferunt.
1102 1093 1145 1150 At
1158 1092 1339 1151 luxuriantis
1354 1094 1499 1153 orationis

222 1181 305 1257 vitio,
330 1182 355 1239 si
377 1184 422 1240 est
440 1182 557 1257 vitium,
581 1202 618 1241 ne
642 1186 782 1257 provecta
806 1181 927 1257 quidem
951 1185 1049 1241 aetate
1068 1182 1230 1240 Pindarum
1250 1182 1391 1260 caruisse,
1414 1182 1498 1242 testi·

221 1270 321 1330 monio
351 1274 422 1329 sunt
450 1271 578 1346 epinicia
602 1269 635 1330 Ο.
655 1289 711 1328 x111
734 1275 764 1329 et
786 1271 823 1328 N.
843 1290 870 1329 x.
913 1271 1017 1347 Neque
1046 1271 1186 1331 metricae
1214 1271 1359 1349 rationeS,
1388 1272 1498 1348 quibus

221 1361 255 1419 Ε.
276 1359 361 1438 Grai,
385 1360 470 1418 Pind.
490 1359 549 1437 log.
569 1360 688 1435 Stroph.
706 1380 735 1436 p.
755 1371 802 1437 34,
831 1363 868 1418 ut
894 1360 1023 1438 llerglrio
1054 1361 1302 1437 adstipularetnr,
1331 1366 1497 1421 commotus

221 1452 275 1525 cst,
298 1453 380 1508 certa
403 1448 513 1508 indicia
536 1449 678 1525 temporis
702 1449 851 1524 praebent.

311 1538 346 1595 In
364 1539 516 1613 prooemio
535 1543 624 1614 poeta
644 1558 679 1597 ex
698 1538 798 1596 Theba
817 1538 940 1597 heroina
957 1538 1083 1616 (quaerit,
1108 1538 1180 1614 quid
1199 1538 1319 1597 tandem
1338 1559 1374 1597 ex
1392 1539 1497 1598 multis

222 1627 404 1686 ornamentis
428 1628 511 1686 urbis
533 1627 722 1703 potissimum
746 1626 912 1702 praedicari
935 1628 1008 1686 velit
1031 1620 1166 1707 (1-1s);
1190 1647 1317 1703 quorum
1342 1648 1495 1688 ornamen-

223 1720 323 1775 torum
343 1716 424 1792 quod
442 1717 550 1775 ultimo
574 1718 638 1776 loco
663 1716 773 1793 posuit,
797 1716 943 1774 auxilium
962 1717 1204 1776 Lacedaemoniis
1223 1717 1260 1775 ab
1279 1717 1404 1794 Aegidis
1423 1717 1495 1776 The·

221 1805 308 1865 banis
338 1806 448 1879 latum,
480 1805 552 1881 quia
575 1806 730 1863 Musarum
754 1805 908 1864 lenociniis
931 1809 1070 1864 ornatum
1093 1825 1152 1864 non
1180 1806 1232 1882 sit,
1263 1805 1294 1864 in
1317 1805 1495 1866 oblivionem

223 1894 330 1954 abiisse
355 1886 663 1974 queritur(1o-19);
691 1894 771 1970 quod
795 1914 831 1952 ne
855 1894 964 1953 iterum
989 1895 1117 1972 accidat,
1146 1895 1326 1971 Strepsiadis
1349 1898 1496 1954 recentem

222 1984 380 2044 victoriam
403 1983 595 2043 Isthmiacum
619 1984 729 2059 hymno
749 2003 779 2042 se
798 1984 1041 2059 praedicaturum
1064 2003 1127 2043 esso
1150 1987 1181 2043 et
1204 2003 1355 2043 unacum
1380 2003 1417 2043 ea
1439 1985 1495 2043 vir·

223 2078 320 2132 tutem
344 2073 494 2150 avunculi,
519 2073 571 2148 qui
594 2073 697 2148 paullo
721 2075 790 2131 ante
814 2092 867 2148 pro
891 2072 990 2148 patria
1009 2072 1153 2131 dimicans
1172 2072 1269 2148 prima
1287 2073 1318 2131 in
1338 2073 1401 2132 acie
1421 2073 1495 2133 occi-

222 2163 300 2222 derit
323 2155 466 2244 (ao-36).
514 2162 620 2220 Tristis
648 2164 749 2220 autem
778 2161 859 2220 illius
887 2161 980 2221 cladis
1007 2163 1123 2221 luctum
1151 2162 1211 2220 iarn
1239 2162 1326 2221 leniri
1351 2162 1495 2222 felicitato

223 2271 348 2311 coronae
372 2252 505 2311 Isthmiis
528 2250 648 2327 partae;
672 2270 735 2310 esse
759 2251 838 2309 anim
860 2251 989 2310 bominis
1012 2251 1164 2327 sapientis,
1188 2255 1320 2328 atquae
1339 2251 1495 2311 diesbona

222 2341 335 2418 afferat,
358 2341 395 2399 iis
418 2343 575 2400 contentus
599 2340 683 2399 vivat
706 2359 801 2415 neque
826 2360 904 2399 nova
927 2361 1042 2417 semper
1059 2343 1090 2399 et
1109 2360 1185 2417 quae
1209 2341 1389 2400 mortalibus
1410 2342 1494 2400 dena·

221 2432 295 2506 gata
318 2429 378 2486 sint
401 2432 537 2505 appetat,
562 2430 670 2505 quibus
694 2449 712 2488 a
734 2429 891 2488 conatibus
909 2430 1043 2488 homines
1066 2430 1227 2506 prudentes
1250 2430 1394 2489 deterreri
1418 2430 1495 2489 tristi

222 2536 293 2576 casu
317 2518 565 2594 Bellerophontae
591 2510 733 2597 (37-48).
776 2518 838 2576 Sub
861 2518 949 2577 finem
973 2518 1143 2595 Apollinem
1166 2522 1313 2596 precatur,
1337 2522 1373 2577 ut
1397 2519 1494 2595 Strep-

222 2606 334 2665 siadem
357 2608 448 2665 etiam
471 2608 598 2683 Pythica
621 2627 729 2666 corona
752 2607 850 2666 donet.

312 2696 427 2755 Pabula
451 2696 532 2772 quod
554 2697 610 2755 hoc
633 2696 795 2772 epinicium
818 2699 908 2772 caret,
927 2697 958 2755 in
978 2700 1039 2755 tani
1058 2696 1141 2756 brevi
1161 2697 1289 2756 carmine
1308 2716 1369 2756 non
1388 2697 1493 2756 miran-

223 2785 294 2843 durn
318 2788 370 2844 est.
418 2785 475 2844 Sed
499 2805 567 2844 cum
593 2785 705 2863 omnia,
734 2805 809 2861 quae
838 2786 986 2845 Pindarus
1009 2786 1158 2845 Thebanis
1181 2786 1346 2845 victoribus
1370 2787 1494 2864 scripsit,

223 2874 351 2950 epinicia
374 2875 478 2934 fabula
500 2878 629 2950 careant,
653 2875 778 2933 historia
804 2877 904 2933 autem
931 2874 1077 2935 fabularis
1096 2875 1238 2934 Thebana
1260 2876 1493 2952 haudquaquam

223 2964 349 3039 penuria
372 2984 472 3023 rerum
500 2964 657 3040 laborarit,
687 2963 869 3039 peculiarem
894 2964 1043 3039 quandam
1068 2983 1189 3023 causam
1211 2965 1304 3024 fuisse
1328 2968 1417 3042 puto,
1446 2983 1494 3024 cur

221 3052 369 3112 Pindarus
397 3053 428 3111 in
456 3053 502 3111 his
530 3053 711 3112 carminibus
739 3072 757 3110 a
784 3052 895 3111 fabulis
924 3054 1079 3112 narrandis
1108 3053 1278 3113 abstineret.
1325 3053 1439 3124 Quodsi
1465 3054 1492 3110 in

221 3162 252 3201 re
276 3143 389 3202 incerta
413 3143 614 3201 coniecturam
638 3143 735 3200 facere
758 3141 841 3219 licet,
871 3146 991 3218 poetam
1014 3143 1044 3200 in
1067 3143 1185 3218 hymnis
1208 3143 1375 3219 partheniis
1398 3143 1493 3219 dithy-

221 3232 344 3308 rambis,
373 3250 447 3307 quos
472 3230 533 3289 suis
557 3230 752 3307 popularibus
776 3230 907 3308 scripsit,
938 3232 1154 3308 amplissimam
1177 3231 1333 3291 materiem
1358 3232 1492 3292 domesti-

220 3340 323 3378 carum
342 3320 514 3378 fabularum
534 3320 577 3378 ita
596 3320 766 3379 exhausisse
785 3321 870 3397 duco,
888 3324 924 3379 ut
943 3321 1017 3379 nibil
1037 3321 1097 3380 iarn
1116 3321 1186 3380 novi
1205 3321 1340 3396 epiniciis
1360 3323 1492 3382 relictum

219 3413 304 3469 esset.

765 3491 810 3557 De
833 3493 954 3558 metris.

312 3587 458 3646 Carminis
481 3587 571 3645 huius
595 3590 691 3645 metra
714 3594 785 3645 sunt
807 3589 981 3666 logaoedica
1004 3589 1047 3647 ita
1070 3589 1243 3666 composita,
1266 3592 1302 3646 ut
1320 3606 1425 3648 versus
1443 3589 1493 3646 aut

221 3697 281 3737 uno
311 3680 341 3736 et
368 3677 510 3736 continuo
541 3676 641 3735 ordine
671 3676 832 3735 decurrant
855 3680 921 3756 lstr.
942 3690 966 3736 1.
985 3689 1010 3754 4,
1034 3698 1076 3754 ep.
1100 3691 1122 3738 1.
1144 3691 1168 3738 3.
1189 3671 1219 3758 4)
1243 3680 1299 3735 aut
1320 3697 1357 3736 ex
1380 3678 1493 3738 duobus

219 3765 394 3842 pluribusve
424 3765 563 3825 membris
594 3767 738 3825 constent.
784 3766 824 3824 Hi
855 3766 964 3841 quibus
995 3768 1067 3826 locis
1098 3768 1128 3825 in
1159 3769 1225 3827 cola
1251 3766 1404 3826 dividendi
1427 3767 1493 3841 sint,

219 3875 310 3914 cursu
329 3874 520 3913 numerorum
539 3855 650 3931 partim
669 3855 837 3930 interrupto
854 3848 912 3936 (ep.
929 3868 952 3914 ι’.
969 3868 992 3914 t,
1010 3860 1039 3937 7)
1054 3856 1166 3932 partim
1182 3855 1333 3916 retardato
1349 3849 1416 3935 (atr.
1431 3867 1455 3914 a.
1470 3867 1493 3929 5,

220 3965 265 4020 ep.
285 3937 315 4024 a)
335 3944 500 4003 indicatum
519 3947 572 4004 eat.
601 3943 713 4003 Verum
731 3947 835 4003 utrum
854 3964 973 4003 carmen
992 3944 1132 4004 membris
1155 3943 1348 4021 tetrapodicis
1372 3945 1493 4021 tripodi·

219 4035 321 4110 cisque
344 4034 511 4093 commixtis
535 4036 665 4109 constet,
690 4052 727 4091 an
752 4052 853 4092 omnes
875 4053 979 4092 versus
1002 4054 1063 4093 nno
1087 4035 1227 4111 rhythmo
1250 4033 1368 4094 senario
1392 4026 1494 4115 (ποσὶν

218 4116 390 4204 ἕξασήμοις)
414 4123 574 4182 scandendi
602 4122 675 4199 sint,
704 4142 763 4181 non
792 4142 912 4198 prorsus
940 4125 1128 4200 exploratum
1156 4127 1208 4183 est.
1255 4124 1396 4182 Alterum
1423 4142 1493 4200 quo·

219 4213 306 4273 modo
330 4212 392 4271 fieri
416 4216 518 4289 posset
540 4216 576 4271 ut
598 4212 840 4288 demonstrarem,
864 4212 894 4269 in
914 4213 1063 4273 schemata
1087 4214 1208 4273 metrico
1228 4212 1265 4271 ab
1285 4213 1493 4273 audacioribus

218 4302 356 4362 remediis
379 4302 554 4378 rhythmicis
578 4321 637 4360 non
661 4300 807 4377 abstinui,
840 4301 875 4359 de
904 4302 1030 4377 pedibus
1052 4325 1088 4364 r.
1110 4326 1146 4364 r-
1169 4305 1199 4360 ct
1221 4326 1256 4363 ι-
1280 4313 1301 4365 Λ
1324 4327 1343 4363 c
1365 4302 1398 4360 in
1421 4306 1493 4363 stro·

219 4392 295 4466 qurae
322 4411 411 4451 versu
444 4391 549 4467 quinto
583 4390 639 4449 sibi
671 4389 919 4466 respondentibus
952 4392 988 4450 cf.
1013 4390 1047 4451 Ο.
1072 4410 1127 4450 vrrr
1153 4413 1182 4468 p.
1206 4402 1252 4469 61,
1285 4390 1321 4448 de
1354 4390 1494 4450 finalibus

218 4481 355 4556 tripodiis
386 4481 464 4540 Prol.
488 4499 514 4539 n.
560 4479 629 4538 Duo
658 4479 766 4538 ultima
796 4480 862 4539 cola
892 4481 979 4556 epodi
1010 4481 1171 4556 quominus
1199 4481 1230 4539 in
1257 4498 1353 4538 unum
1376 4499 1493 4541 versum

217 4570 440 4648 coniungantur
470 4568 549 4644 quod
583 4568 694 4645 obstat,
727 4568 758 4626 id
790 4569 962 4629 coniectura
991 4571 1136 4629 removeri
1168 4588 1254 4646 posse
1285 4569 1316 4626 in
1339 4587 1402 4628 var.
1427 4571 1491 4628 lect

218 4678 244 4717 v.
269 4671 302 4717 34
326 4658 421 4718 docui.
468 4658 594 4716 Carmen
624 4657 869 4717 venustissimum
899 4658 1008 4718 Thebis
1038 4678 1056 4717 a
1085 4660 1174 4719 choro
1207 4660 1236 4717 in
1270 4657 1392 4734 publico
1426 4678 1492 4719 con-

218 4747 296 4804 vivio
325 4750 481 4806 cantatum
507 4764 570 4806 asse
598 4746 724 4805 videtur.
770 4748 818 4806 Ad
847 4748 1017 4808 convivium
1047 4767 1107 4806 non
1137 4752 1201 4807 tam
1224 4747 1348 4808 verbum
1378 4748 1492 4826 κώμαζε

218 4828 260 4915 (v.
280 4829 328 4915 20)
347 4837 459 4914 rettuli,
483 4836 593 4912 quippe
617 4836 696 4911 equod
721 4839 751 4893 ct
774 4837 809 4896 de
833 4838 969 4897 convivio
993 4842 1024 4895 et
1047 4837 1082 4895 de
1107 4858 1217 4914 pompa
1235 4835 1370 4915 intellegi
1390 4838 1493 4914 possit,
