3442 5550
757 425 955 496 [emersi
1429 429 1493 494 see

219 592 316 670 Argos
339 594 429 668 poeta
453 593 618 672 transtulit,
642 597 677 652 ut
695 593 943 670 Amphitryonem
968 595 1115 673 Argivum
1138 615 1200 657 esse
1224 597 1350 675 fingeret
1373 592 1414 677 (v.
1436 594 1493 679 13),

218 686 287 757 post
314 682 453 758 Mycenas
484 701 601 742 eversas
629 702 789 759 omnesque
817 702 888 760 opes
915 684 1046 761 Argivae
1077 689 1172 745 terrae
1202 686 1233 744 in
1263 686 1367 747 urbem
1395 687 1492 766 Argos

219 771 344 830 collatas
367 772 423 832 boc
446 790 564 831 carmen
588 772 731 848 scriptum
755 792 817 832 esse
841 776 1071 852 argumentatus
1095 779 1147 834 est.
1189 776 1271 836 Idem
1295 777 1491 852 compositum

219 879 281 921 csse
305 864 467 937 antequam
488 861 594 938 Argivi
613 861 841 921 Atheniensium
865 863 937 922 socii
960 863 1035 923 facti
1053 864 1208 924 Boeotiam
1227 865 1410 944 invaderent,
1430 866 1447 926 i.
1467 887 1491 927 e.

218 953 288 1009 ante
307 951 411 1010 foedus
430 951 507 1009 inter
524 951 658 1010 Athenas
679 954 710 1009 et
728 951 825 1028 Argos
845 949 891 1010 01.
912 954 963 1030 80,
984 955 1002 1011 3
1023 952 1124 1029 ictum,
1144 974 1179 1014 ex
1198 974 1233 1014 eo
1252 954 1390 1031 efficitur,
1410 955 1490 1031 quod

217 1039 400 1117 Argivorum
432 1039 518 1100 rebus
551 1039 656 1099 eximie
689 1045 778 1116 poeta
811 1040 841 1098 in
872 1041 928 1101 boo
961 1041 1091 1102 carmine
1119 1044 1208 1103 favet.
1263 1044 1327 1104 Iam
1358 1063 1427 1103 cnm
1457 1064 1491 1104 ex

217 1147 305 1187 versu
324 1141 358 1187 aa
378 1132 534 1205 appareat,
559 1149 618 1206 quo
643 1133 775 1205 tempore
798 1130 854 1189 boc
877 1149 995 1189 cannen
1019 1135 1185 1210 caneretur,
1210 1131 1381 1210 Olympicos
1405 1133 1492 1193 ludos

217 1217 278 1276 iam
297 1218 561 1296 appropinquasse,
580 1219 696 1277 natales
715 1219 854 1278 carminis
872 1220 1004 1295 proxime
1024 1224 1093 1280 ante
1114 1219 1159 1281 Ol.
1177 1226 1216 1282 79
1237 1226 1291 1281 aut
1311 1225 1352 1284 80
1368 1247 1410 1270 =
1426 1224 1489 1281 465

217 1311 272 1365 aut
297 1310 356 1366 461
380 1326 405 1365 a.
427 1307 493 1367 Chr.
512 1308 664 1383 ponendos
687 1326 749 1367 esse
773 1308 917 1368 existimo.
955 1309 1034 1370 Huic
1053 1313 1154 1370 autem
1176 1312 1303 1388 tempori
1326 1312 1399 1371 bena
1423 1332 1490 1372 con·

217 1396 307 1473 venit,
327 1396 407 1472 quod
426 1400 456 1455 et
475 1399 685 1474 argumentum
707 1400 738 1456 et
760 1397 916 1474 dispositio
939 1398 1029 1457 huius
1053 1400 1192 1458 carminis
1216 1402 1313 1459 multa
1336 1420 1404 1462 cum
1428 1421 1490 1461 car·

217 1485 295 1545 mine
320 1483 437 1563 0.x111,
461 1486 541 1562 quod
565 1504 592 1544 a.
611 1489 674 1544 464
699 1487 812 1546 factum
836 1506 898 1546 esse
922 1492 1047 1564 constat,
1072 1489 1242 1549 communia
1265 1490 1363 1551 habet.

309 1575 344 1632 In
363 1575 513 1650 prooemio
533 1577 621 1651 poeta
639 1580 800 1652 postquam
821 1576 949 1655 Gratias,
967 1582 1002 1636 nt
1020 1578 1118 1637 Danai
1142 1579 1245 1638 urbem
1268 1579 1490 1640 celeberrimam

221 1668 369 1741 canerent,
384 1664 542 1742 invocavit,
556 1665 686 1740 primum
703 1665 858 1741 potissima
872 1666 977 1726 decora
988 1667 1092 1746 Argivi
1111 1668 1176 1746 agri
1194 1669 1367 1728 summatim
1383 1670 1489 1747 tangit,

219 1754 416 1830 Herculisque
439 1754 520 1811 fama
543 1758 611 1830 post
635 1754 751 1814 labores
776 1755 807 1812 in
830 1755 946 1815 caelum
968 1756 1079 1832 recepti
1103 1761 1134 1815 et
1156 1757 1327 1818 dulcissimo
1351 1759 1489 1837 coniugio

220 1844 363 1903 iuventae
380 1843 504 1901 fruentis
519 1843 624 1919 utitur,
634 1845 671 1901 ut
684 1843 779 1903 simile
794 1843 931 1904 laborum
944 1845 1110 1920 praemium
1124 1845 1231 1905 victori
1246 1847 1346 1907 iuveni
1361 1867 1489 1926 augure·

220 1936 271 1991 tur
294 1926 419 2013 (1—18).
466 1933 500 1990 In
524 1933 619 1991 altera
642 1932 780 2008 pericopa
804 1924 941 2013 (stropha
965 1934 1153 2010 antistropha
1176 1936 1279 2014 epodo,
1303 1956 1348 1996 vv.
1370 1930 1488 2018 ιιι-36)

220 2022 330 2081 Theaei
353 2022 495 2081 virtutem
519 2021 549 2078 in
573 2021 651 2081 ludis
674 2021 808 2097 Pythicis
830 2022 980 2081 Isthmicis
1003 2023 1158 2084 Nemeaeis
1177 2026 1408 2084 Atheniensibus
1429 2027 1487 2085 iam

219 2111 441 2187 comprobatam
455 2113 486 2169 et
499 2131 567 2170 mox
582 2111 612 2168 in
623 2109 786 2186 Olympicis
800 2111 1049 2187 comprobandam
1064 2115 1214 2188 praeclare
1229 2115 1334 2174 laudat
1344 2108 1488 2196 (lu-36).

220 2201 333 2259 Deinde
357 2201 387 2258 in
411 2200 500 2259 tertia
523 2199 663 2275 pericopa
685 2199 811 2259 maiores
831 2200 940 2259 Theaei
963 2206 1113 2261 maternos
1136 2202 1227 2261 simili
1249 2204 1347 2279 gloria
1370 2204 1489 2264 victori·

219 2309 303 2348 arum
327 2291 492 2348 multarum
516 2288 649 2348 llorrrisse
673 2293 787 2366 narrat,
811 2289 892 2366 quod
915 2310 973 2350 non
997 2290 1106 2349 mirum
1129 2311 1215 2368 posse
1238 2293 1344 2370 videri,
1369 2293 1488 2370 quando

219 2379 415 2456 Tyndaridae,
436 2379 488 2455 qui
507 2379 637 2437 athletae
657 2378 813 2438 clarissimi
832 2379 944 2438 fuerint
962 2382 993 2438 et
1011 2380 1149 2440 ludorum
1174 2382 1386 2440 certaminibus
1405 2402 1488 2458 prae-

218 2469 286 2545 sint,
306 2487 324 2526 a
343 2468 502 2544 Pamphae,
522 2486 581 2527 uno
601 2487 636 2526 ex
655 2467 817 2526 maioribus
836 2468 954 2545 Theaei,
973 2467 1102 2544 bospitio
1122 2470 1236 2546 excepti
1260 2471 1321 2529 sint
1344 2464 1488 2552 (av-54).

218 2559 285 2617 Huc
315 2558 443 2617 deducta
473 2557 606 2616 oratione
636 2556 667 2614 in
698 2557 814 2615 duabus
844 2557 982 2616 extremis
1012 2558 1158 2634 pericopis
1204 2552 1324 2639 55-90)
1355 2560 1487 2620 fabulam

218 2647 351 2707 Castoris
375 2651 405 2705 et
428 2646 560 2704 Pollucis
587 2648 702 2722 narrat,
733 2666 861 2722 quorum
884 2665 952 2706 cum
975 2665 1054 2707 unus
1077 2553 1213 2729 (Castorb
1236 2649 1273 2707 ab
1297 2649 1488 2725 Apharetidis

217 2755 321 2797 caesim
340 2738 425 2813 esset,
445 2736 520 2795 alter
538 2728 676 2816 (Pollux)
693 2740 854 2812 postquam
872 2740 998 2795 mortem
1017 2737 1119 2795 fratris
1140 2736 1258 2813 Lynceo
1278 2741 1308 2796 et
1326 2738 1380 2797 lda
1399 2739 1488 2798 inter-

217 2825 304 2886 fectis
327 2825 411 2883 ultus
434 2828 488 2901 est,
511 2843 572 2883 una
595 2844 662 2883 cum
686 2825 778 2883 fratre
802 2824 993 2884 dilectissimo
1013 2825 1169 2884 dimidium
1189 2830 1307 2902 tempus
1325 2827 1380 2885 sub
1399 2830 1487 2904 terra,

218 2915 375 2974 dimidium
399 2914 430 2972 in
454 2915 545 2990 caelo,
569 2933 659 2990 qnam
683 2913 765 2972 solus
788 2933 949 2989 peremne
973 2932 1080 2972 aevum
1105 2914 1281 2975 immortalis
1305 2914 1335 2972 in
1360 2913 1488 2992 Olympo

217 3005 316 3065 vivere
336 3003 453 3063 maluit.
490 3003 537 3062 Ab
556 3004 611 3062 hac
634 3006 736 3061 autem
759 3003 862 3061 fabula
885 3022 943 3061 non
967 3002 1026 3060 iam
1051 3003 1088 3060 ad
1109 3004 1204 3081 Argos
1223 3004 1410 3064 Theaeumve
1429 3005 1488 3064 vic·

217 3098 310 3154 torem
335 3093 424 3169 redit,
455 3093 506 3151 sed
529 3112 624 3169 aeque
647 3095 738 3168 atque
762 3092 792 3149 in
816 3091 945 3151 carmine
968 3091 1004 3149 N.
1024 3110 1033 3148 ι
1057 3092 1236 3151 suavissima
1258 3093 1354 3168 specie
1378 3093 1488 3153 amoris

215 3183 340 3241 fraterni
363 3202 480 3242 carmen
505 3181 627 3241 claudit.

759 3334 803 3400 De
826 3335 947 3400 metris.

306 3450 453 3508 Carminis
481 3449 570 3508 huius
597 3454 692 3508 metra
720 3449 849 3508 medium
879 3450 976 3508 locum
1005 3449 1141 3508 obtinent
1168 3449 1246 3508 inter
1272 3468 1391 3526 gravem
1420 3449 1488 3508 sirn-

215 3539 383 3617 plicitatem
403 3539 596 3615 antiquorum
614 3538 779 3597 carminum
798 3537 1157 3615 dactyloepitriticorum,
1177 3538 1260 3597 velut
1278 3538 1309 3597 P.
1329 3557 1381 3596 ιιι.
1403 3538 1440 3597 N.
1460 3557 1488 3595 v.

216 3627 251 3689 0.
271 3647 316 3706 ιιι,
335 3632 365 3687 et
383 3633 501 3707 gratam
522 3629 699 3687 varietatem
723 3627 917 3705 noviciorum,
941 3628 1024 3686 velut
1048 3626 1226 3688 0.v11.x111.
1250 3628 1363 3685 N.v111.
1396 3627 1488 3686 Vetu-

215 3720 278 3778 stas
301 3718 433 3777 cernitur
456 3718 484 3774 in
510 3717 635 3776 servatis
655 3716 772 3777 duobus
791 3716 944 3776 elementis
962 3716 1240 3791 dactylo-epitritici
1260 3715 1407 3792 carminis,
1426 3716 1486 3792 epi·

215 3808 288 3866 tritc
312 3807 377 3867 dico
401 3811 432 3865 et
456 3806 585 3881 tripodia
608 3805 769 3884 dactylica,
799 3805 943 3864 novitatis
971 3805 1104 3864 studium
1128 3805 1159 3863 in
1183 3824 1271 3864 cursu
1296 3824 1487 3864 numerorum

214 3897 260 3956 bis
285 3896 314 3954 in
338 3896 446 3954 ultimo
469 3914 557 3953 versu
585 3895 672 3971 epodi
700 3895 867 3971 interrupto
896 3899 926 3953 et
954 3894 983 3951 in
1007 3894 1152 3954 versiculo
1182 3894 1324 3970 acephalo
1348 3894 1487 3970 strophae

214 3985 385 4063 praemisso.
432 3985 578 4061 Strophae
602 3988 632 4043 et
655 3984 741 4060 spodi
765 4004 887 4060 procero
911 4003 998 4043 versu
1022 3988 1052 4042 et
1075 3983 1127 4060 qui
1151 3982 1388 4061 magnitudinem
1412 3986 1488 4042 cete·

214 4084 316 4135 rorum
345 4093 485 4133 versuum
513 4075 600 4150 longe
628 4078 748 4149 superet
775 4073 914 4132 similiter
945 4076 1035 4149 atque
1069 4073 1099 4130 in
1132 4072 1261 4131 carmine
1286 4069 1318 4130 0.
1339 4090 1381 4129 xu
1406 4071 1487 4130 clau-

214 4165 337 4224 duntur.
370 4163 435 4234 Quo
455 4168 587 4240 tempore
607 4167 637 4221 et
655 4164 742 4223 modo
761 4181 879 4221 carmen
898 4165 1052 4221 cantatum
1072 4162 1111 4220 sit
1129 4181 1198 4220 cum
1217 4163 1298 4220 certa
1316 4160 1489 4219 testimonia

215 4254 322 4330 desint,
341 4274 375 4311 er
395 4252 632 4312 commemoratis
651 4252 742 4312 sacris
761 4251 884 4310 Iunonis
898 4244 939 4331 (v.
956 4264 998 4328 23,
1013 4252 1049 4310 es.
1065 4271 1092 4308 v.
1109 4242 1156 4329 19)
1176 4254 1207 4308 et
1226 4249 1363 4307 laudibus
1382 4249 1487 4325 populi

215 4343 322 4423 Argivi
341 4343 487 4401 uberrime
512 4341 648 4401 tractatis
672 4342 872 4400 coniecturam
897 4341 992 4399 lacere
1012 4340 1089 4416 licet,
1108 4338 1226 4415 publice
1246 4330 1288 4418 (v.
1303 4333 1351 4418 35)
1369 4357 1487 4397 carmen

214 4433 246 4492 in
265 4433 357 4492 sacris
376 4432 499 4490 lunonis
518 4431 626 4490 fidibus
645 4430 866 4490 succinentibus
884 4422 925 4509 (v.
946 4422 994 4509 ιιι)
1013 4432 1167 4488 cantatum
1186 4447 1257 4487 esse.
1296 4429 1389 4503 Saepe
1409 4426 1487 4485 enim

215 4523 254 4582 ad
267 4522 396 4599 epinicia
415 4521 532 4596 publice
552 4520 667 4598 agenda
687 4519 912 4596 opportunitate
932 4519 1073 4576 feriarum
1087 4519 1214 4577 victores
1233 4517 1357 4593 eiusque
1377 4515 1488 4574 amicos

215 4631 286 4672 usos
308 4630 371 4670 esse
395 4610 600 4669 demonstrant
619 4609 752 4668 camnine
771 4608 804 4667 Ο.
821 4627 863 4668 ιιι.
879 4627 918 4665 rr.
942 4608 973 4666 P.
989 4628 1015 4665 v.
1057 4607 1091 4664 ln
1110 4626 1220 4683 pompa
1239 4626 1307 4663 vero
1328 4604 1489 4681 quominus

214 4721 333 4760 carmen
364 4720 382 4757 a
411 4699 561 4758 choreutis
591 4703 745 4758 cantatum
776 4717 839 4756 esse
869 4702 1051 4771 statuamus,
1083 4700 1177 4756 metra
1207 4695 1281 4753 nihil
1313 4693 1488 4770 impediunt,

215 4791 293 4850 unde
317 4790 346 4848 in
371 4790 520 4847 schcmate
548 4788 693 4864 tripodias
716 4787 880 4862 dactylicas
905 4786 934 4844 in
958 4786 1104 4844 ambitum
1133 4785 1269 4844 binarum
1299 4783 1486 4859 dipodiarum

214 4879 413 4939 extendendas
437 4878 615 4938 curavimus
