3442 5550
824 1179 982 1232 NEMEON.
1002 1177 1046 1232 E'.

602 1341 853 1428 ΠΤΘΕΑι
893 1342 1260 1428 ΑΙΓΙΝΗΤΗι

783 1536 1083 1590 murmurantia.

814 3289 1055 3371 Argumentum.

386 3419 517 3494 Pytheas
536 3419 698 3495 Lampouis
716 3419 796 3479 filius
810 3421 958 3499 Aegineta
977 3441 992 3479 e
1011 3419 1197 3479 nobilissima
1215 3421 1303 3497 gente
1322 3417 1572 3495 Psalychidarum

296 3501 340 3588 (v.
354 3508 378 3566 Ι.
394 3526 424 3565 vr
439 3500 497 3588 63),
512 3507 598 3567 euius
612 3508 769 3568 victoriam
785 3510 964 3569 Nemeaeum
984 3509 1039 3568 hoc
1058 3527 1175 3568 carmen
1199 3507 1342 3585 illustrat,
1367 3507 1497 3586 gentilis,
1521 3508 1573 3568 sed

297 3618 357 3658 non
388 3595 468 3654 filius
498 3596 660 3674 [ramponis
690 3598 753 3657 eius
784 3597 856 3676 fuit,
887 3598 940 3674 qui
969 3617 1088 3677 pugnae
1119 3597 1289 3657 Plataeensi
1318 3596 1457 3656 interfuit
1480 3599 1511 3655 et
1535 3596 1573 3656 ab

297 3686 450 3746 Herodoto
474 3704 505 3743 rx
531 3697 562 3745 78
587 3706 665 3745 unus
695 3706 730 3746 cx
757 3688 942 3764 principibus
965 3687 1180 3766 Aeginetarum
1208 3687 1300 3746 fuisse
1328 3686 1450 3745 dicitur:
1479 3683 1512 3745 ἐν
1541 3682 1573 3746 δὲ

297 3779 460 3853 Πλαταιῇσι
492 3771 524 3833 ἕν
553 3780 592 3856 τῷ
623 3773 807 3857 στρατοπέδω
834 3784 892 3836 τῶν
916 3773 1099 3856 Αἰγινητέων
1129 3768 1167 3855 ἦν
1190 3775 1327 3853 Λάμπων
1351 3771 1464 3835 Πυθέω
1488 3774 1572 3855 Αἰγι-

297 3861 409 3943 νητέων
441 3862 475 3924 τὰ
508 3872 621 3943 πρῶτα·
655 3865 745 3924 Illum
778 3866 858 3925 euim
891 3866 1023 3942 Pytheas
1052 3865 1149 3924 filium
1176 3865 1253 3924 dixit
1280 3865 1464 3942 Herodotus,
1493 3865 1573 3925 hunc

296 3956 431 4014 nostrum
465 3953 595 4013 Cleonici
628 3954 776 4014 Pindarus
808 3947 845 4036 (Ι.
873 3975 893 4014 v
922 3965 964 4014 65.
997 3974 1028 4013 vr
1058 3947 1114 4035 16).
1171 3954 1277 4013 Frater
1309 3955 1407 4014 minor
1438 3954 1573 4031 Pythone

295 4042 459 4120 Phylacida
497 4043 570 4119 fuit,
611 4043 695 4102 cuius
728 4043 884 4103 Isthmicos
916 4044 1057 4104 victorias
1090 4044 1164 4102 duas
1197 4043 1344 4102 Pindarus
1382 4043 1405 4102 I.
1434 4062 1453 4102 v
1482 4046 1512 4103 et
1540 4062 1573 4103 vn

296 4131 488 4209 praedicavit.
544 4133 704 4193 Praeterea
735 4134 903 4193 avunculus
939 4125 1085 4214 (μάτρως)
1122 4132 1186 4192 eius
1217 4132 1423 4209 Euthymeues
1454 4132 1572 4209 gymni-

296 4221 339 4282 cis
366 4220 445 4279 ludis
474 4241 595 4296 operam
623 4222 745 4282 dederat
774 4215 825 4302 (N.
845 4242 863 4281 v
882 4234 925 4282 41.
948 4223 971 4282 I.
990 4241 1022 4282 vr
1041 4215 1104 4303 62),
1133 4224 1163 4281 et
1191 4222 1239 4280 ari
1263 4221 1390 4281 materni
1415 4220 1574 4280 'themistii

297 4309 428 4389 insignia
451 4309 580 4368 duarum
603 4311 796 4371 victoriarum
818 4312 1058 4388 Epidaurearum
1078 4311 1107 4370 in
1127 4310 1276 4371 vestibulo
1299 4310 1362 4369 faui
1381 4310 1490 4370 Aeccei
1509 4330 1573 4370 sus·

296 4418 389 4476 pensa
413 4402 499 4458 erant
517 4392 568 4479 (N.
588 4419 607 4458 v
626 4392 674 4480 63)
695 4432 736 4440 -
757 4401 800 4460 De
825 4404 956 4478 tempore
981 4399 1120 4460 carminis
1144 4401 1199 4459 hoc
1223 4399 1342 4476 quidem
1366 4402 1492 4477 constat,
1515 4400 1573 4476 Py-

297 4489 384 4548 theae
413 4487 571 4548 victoriam
598 4489 791 4567 Nemeaeum,
819 4510 887 4550 cum
914 4490 945 4548 in
969 4488 1151 4549 carminibus
1173 4488 1195 4546 I.
1217 4501 1297 4548 v19.
1321 4508 1352 4548 vr
1372 4500 1397 4549 4.
1418 4500 1449 4548 61
1470 4509 1506 4548 ea
1528 4509 1572 4548 re-

297 4578 445 4655 spiciatur
467 4579 497 4637 et
521 4596 639 4637 carmen
662 4578 717 4637 hoc
740 4578 923 4639 Nemeaeum
945 4583 1101 4655 tamquam
1119 4577 1217 4654 prima
1235 4578 1341 4638 libatio
1360 4577 1466 4637 domus
1485 4578 1572 4637 Lam-

296 4667 383 4743 ponis
411 4666 514 4726 oblata
544 4685 606 4726 esse
635 4666 752 4726 dicetur
776 4660 812 4747 (Ι.
832 4686 864 4728 vu
883 4660 928 4750 2),
954 4671 1023 4726 ante
1046 4666 1204 4726 Isthmicos
1227 4667 1368 4727 victorias
1391 4666 1572 4743 Phylacidae

296 4759 481 4833 reportatam
501 4774 571 4815 esse.
609 4756 713 4831 Neque
733 4756 875 4835 exiguum
898 4756 1041 4834 temporis
1059 4755 1251 4816 intervallum
1271 4757 1350 4816 inter
1367 4755 1404 4815 N.
1424 4775 1443 4814 r
1462 4759 1493 4815 et
1510 4754 1534 4814 Ι.
1553 4775 1573 4815 ν

297 4844 498 4906 intercessisse
517 4845 646 4924 videtur,
670 4845 812 4924 quoniam
830 4845 994 4925 Phylacida
1012 4846 1106 4905 frater
1124 4846 1161 4904 ad
1180 4847 1308 4906 alterum
1328 4845 1404 4905 illud
1422 4847 1572 4905 certamen
