3442 5550
292 415 343 469 XII
791 416 1069 469 Pnonnoonnna

381 578 435 644 De
454 578 704 644 coniecturis.
735 577 883 663 Denique
903 577 976 642 aliis
994 600 1122 663 quoqne
1142 578 1266 643 mendis
1281 575 1413 642 Pindari
1433 577 1578 642 carmina

291 686 327 751 in
346 686 497 751 omnibus
517 685 681 752 codicibus
701 686 821 771 partim
838 685 964 750 incuria
982 685 1203 769 librariorum,
1222 684 1339 771 partim
1360 684 1478 749 iniuria
1499 690 1578 749 tem-

293 794 382 880 poris
406 794 577 877 inquinata
599 798 689 878 sunt,
719 815 800 879 quae
823 792 887 858 nisi
911 793 1138 858 audacioribus
1162 792 1357 858 coniecturis
1381 814 1447 855 non
1470 792 1578 857 tollas.

293 902 402 986 Atque
424 901 466 965 iis
494 901 623 985 quidem
650 901 746 986 locis,
774 901 829 985 qui
857 905 968 986 aperte
998 901 1142 986 corrupti
1171 922 1241 964 esse
1268 899 1348 963 mihi
1373 899 1576 982 videbantur,

294 1008 514 1074 coniecturam
547 1007 689 1092 aliquam
719 1008 755 1072 in
787 1012 902 1093 poetae
933 1008 1032 1073 verba
1064 1008 1205 1093 recipere
1235 1029 1332 1090 quam
1359 1005 1476 1070 falsam
1504 1029 1576 1091 pro-

291 1137 410 1201 pagare
444 1114 592 1180 codicum
626 1114 800 1180 lectionem
833 1113 947 1199 malni,
978 1114 1019 1178 111
1050 1119 1158 1180 autem
1186 1115 1345 1190 versibus,
1379 1112 1435 1197 qui
1465 1117 1575 1179 utrum

292 1221 459 1306 depravati
491 1243 533 1285 an
565 1221 679 1286 subtili
712 1220 927 1307 explicatione
960 1222 1118 1286 enodandi
1157 1223 1236 1307 sint,
1272 1221 1420 1286 dubitare
1457 1222 1574 1306 possis,

291 1327 493 1413 suspiciones
517 1351 591 1393 cum
615 1329 753 1393 aliorum
777 1333 848 1393 tum
869 1350 957 1392 meas
977 1329 1082 1393 textui
1101 1329 1247 1395 subicere
1266 1328 1392 1394 cautius
1412 1350 1450 1393 ac
1469 1329 1575 1393 mode-

292 1436 375 1500 stius
399 1435 484 1500 duxi.
522 1436 631 1520 Atque
654 1437 826 1522 pleraeque
850 1435 1069 1521 coniecturae,
1092 1459 1171 1521 quas
1195 1437 1230 1501 in
1254 1435 1435 1501 orationem
1459 1440 1574 1520 poetae

290 1543 490 1628 recipiendas
510 1543 620 1607 autin
638 1528 797 1629 apparatu
817 1542 930 1608 critico
949 1544 1247 1609 commemorandas
1262 1542 1352 1626 duxi,
1371 1543 1574 1627 superiorum

293 1650 453 1715 editorum
477 1654 510 1714 et
533 1655 826 1716 commentatorum
850 1653 939 1733 sunt,
967 1649 1116 1735 inprimis
1141 1648 1329 1735 Calliergi
1359 1649 1573 1735 Cretensis,

292 1756 348 1842 qui
367 1756 542 1822 editionem
560 1757 743 1823 Romanam
763 1782 789 1823 a.
811 1758 896 1823 1516
916 1758 1099 1842 adornavit,
1123 1757 1275 1823 Erasmi
1295 1756 1449 1822 8111111111
1469 1756 1572 1844 (Vite

291 1863 410 1950 bergae
428 1861 542 1950 1616),
562 1864 616 1948 qui
638 1864 781 1930 metricis
801 1864 983 1929 rationibus
1003 1865 1186 1931 accuratius
1205 1865 1369 1951 indagatis
1385 1865 1459 1950 plus
1475 1887 1571 1948 quarn

291 1972 451 2036 sexcentis
471 1972 506 2035 in
519 1971 600 2037 locis
615 1970 791 2037 Pindarum
807 1995 840 2037 se
856 1973 1042 2037 emendasse
1056 1995 1130 2037 vere
1146 1973 1305 2060 gloriatus
1320 1977 1379 2058 est,
1399 1970 1570 2037 Cornelii

291 2078 334 2142 de
358 2076 487 2162 Pauw,
511 2079 566 2163 qui
590 2079 625 2143 in
647 2078 745 2144 Notis
768 2080 803 2144 in
826 2080 1002 2145 Pindarum
1026 2077 1123 2166 (Trai.
1149 2081 1189 2145 ad
1207 2079 1358 2144 Rhenum
1380 2076 1480 2166 1747)
1503 2078 1571 2143 feli-

291 2184 360 2250 cior
383 2189 416 2249 et
439 2185 566 2250 cautior
589 2208 686 2270 quam
708 2186 744 2251 in
767 2186 839 2251 aliis
859 2186 1073 2272 scriptoribus
1092 2187 1299 2253 emendandis
1318 2187 1395 2271 fnit,
1418 2186 1572 2271 Aloysii

290 2291 528 2377 Mingarelli,
552 2293 643 2357 cuius
667 2294 870 2359 coniecturas
889 2295 927 2358 de
945 2292 1078 2358 Pindari
1100 2294 1178 2360 Odis
1198 2292 1335 2382 (Bonan.
1357 2290 1459 2378 1773)
1481 2316 1571 2378 prae

291 2397 510 2463 stantissimas
538 2397 686 2483 Heynius
713 2401 872 2485 laudavit,
904 2400 1126 2467 Christiani
1155 2401 1273 2467 Gottl.
1302 2400 1447 2486 Heyne,
1479 2400 1571 2465 cuius

288 2504 395 2590 prima
418 2504 518 2569 editio
541 2506 664 2591 prodiit
690 2508 789 2591 1773,
816 2507 932 2571 ultima
956 2513 1100 2573 correcta
1123 2514 1156 2574 et
1179 2532 1217 2573 ex
1242 2507 1367 2573 schedis
1389 2505 1571 2592 Heynianis

289 2616 385 2676 aucta
411 2611 542 2696 Lipsiae
572 2615 668 2694 1817,
698 2614 866 2700 Augusti
894 2614 1063 2700 Boeekh,
1097 2616 1151 2699 qui
1185 2615 1332 2700 quamvis
1364 2615 1400 2679 in
1429 2613 1570 2678 editione

290 2718 547 2802 locupletissima
566 2718 725 2807 (Berolini
747 2718 981 2803 1811-1821)
1005 2722 1118 2786 metris
1143 2721 1383 2788 conformandis
1407 2725 1440 2785 et
1462 2721 1570 2785 verbis

289 2823 487 2909 explicandis
519 2826 593 2910 plus
622 2850 716 2892 curae
746 2850 844 2912 quam
871 2829 1077 2894 emendandis
1105 2829 1247 2914 navarit,
1277 2826 1434 2892 nonnulla
1460 2831 1570 2891 tamen

289 2931 419 3017 egregie
443 2932 639 3017 emendavit,
668 2932 881 3000 Godofredi
903 2932 1128 3020 Hermanni,
1156 2935 1211 3020 qui
1239 2935 1273 3000 in
1296 2933 1570 3000 commentatione

288 3038 326 3103 de
350 3037 488 3103 dialecto
509 3038 640 3104 Pindari
659 3038 700 3128 (1.
724 3043 822 3127 1809,
847 3040 1154 3129 Ορ111.124511.),
1182 3042 1277 3107 Νο111
1301 3046 1334 3106 11
1359 3040 1570 3106 Dissertatio-

288 3144 384 3209 nibus
403 3143 582 3211 Pindaricis
602 3147 699 3213 tertio
718 3148 876 3213 volumini
895 3149 1047 3214 editionis
1066 3150 1255 3235 Heynianae
1274 3172 1300 3213 a.
1325 3149 1409 3214 1817
1428 3148 1570 3232 insertis,

288 3250 434 3319 Censura
456 3253 608 3318 editionis
626 3254 839 3320 Dissenianae
858 3252 982 3343 (Opuse
1004 3255 1164 3344 v13ss.),
1184 3254 1475 3321 Emendationibus
1495 3255 1569 3320 Pin-

288 3359 406 3426 daricis
439 3356 571 3446 (Opusc.
594 3378 644 3423 vn
671 3362 784 3426 12911.
812 3379 876 3425 vl11
902 3360 1031 3449 lles.)
1066 3363 1210 3428 omnium
1244 3361 1456 3427 subtilissime
1489 3361 1570 3426 diffi-

289 3467 426 3531 cultates
450 3464 640 3531 Pindaricae
670 3469 828 3533 orationis
857 3470 1033 3554 expedivit,
1061 3469 1253 3535 Friderici
1282 3467 1484 3550 Thierseh,
1513 3468 1568 3550 qui

289 3577 323 3637 et
348 3571 383 3636 in
411 3571 503 3638 Actis
531 3574 643 3659 philol.
667 3575 791 3642 Monac.
812 3578 973 3641 1121011.
1002 3581 1035 3641 11
1062 3578 1097 3642 in
1126 3578 1271 3642 versione
1300 3573 1432 3638 Pindari
1461 3571 1568 3637 Germ.

290 3677 408 3767 (1820)
446 3681 660 3767 grammatica
696 3683 822 3769 aliquot
858 3685 974 3748 menda
1014 3683 1154 3750 feliciter
1196 3682 1341 3766 sustulit,
1381 3677 1568 3743 Iohannis

288 3785 482 3874 Hartung,
515 3810 578 3872 quo
606 3790 701 3873 pauci
730 3791 894 3877 sagacius,
926 3813 1021 3856 nemo
1055 3793 1207 3858 audacius
1238 3788 1336 3856 crisin
1364 3784 1569 3851 Pindaricam

290 3894 433 3960 exercuit
462 3892 591 3982 (1855),
624 3896 818 3981 Tychonis
851 3896 1074 3983 Mommsen,
1107 3899 1161 3983 qui
1193 3921 1266 3964 cum
1298 3895 1423 3981 primus
1450 3894 1567 3959 lectam

290 4000 522 4086 supellectilem
551 4002 697 4069 criticam
726 4011 946 4090 comparasset
973 4002 1133 4090 (Berolini
1161 4003 1260 4091 1864)
1286 4002 1443 4067 nonnulla
1470 4001 1569 4066 etiam

289 4107 476 4173 coniectura
495 4109 634 4194 sanavit,
649 4110 839 4176 Theodori
857 4110 997 4197 Bergk,
1018 4110 1070 4176 oui
1089 4118 1204 4196 quater
1217 4112 1394 4177 Pindarum
1408 4108 1443 4172 in
1458 4107 1569 4172 Poetis

288 4213 400 4299 lyricis
425 4217 549 4300 graecis
573 4218 681 4283 edenti
705 4217 816 4306 (1842.
844 4219 937 4284 1853.
963 4219 1057 4284 1864.
1085 4218 1184 4308 1818)
1207 4242 1292 4285 nova
1315 4215 1450 4283 subinde
1475 4236 1568 4301 seges

288 4320 490 4388 feracissima
513 4324 771 4392 coniecturarum
794 4326 1037 4412 ingeniosamm
1062 4327 1228 4392 succrevit.
1267 4326 1438 4390 Praeterea
1457 4322 1498 4387 ab
1517 4322 1569 4387 his

289 4429 468 4495 editoribus
502 4436 535 4496 et
565 4432 799 4519 interpretibus
836 4435 871 4499 in
904 4457 998 4499 usum
1030 4434 1097 4498 iam
1130 4436 1263 4496 vocatae
1296 4436 1373 4495 sunt
1403 4429 1568 4514 Kayseri

288 4533 459 4603 Lectiones
496 4538 685 4607 Pindaricae
722 4540 865 4629 (1840),
906 4537 1230 4605 Rauchensteinii
1268 4536 1568 4603 Commentationes

287 4642 477 4709 Pindarieae
503 4644 701 4735 (1844-5),
723 4647 891 4714 Heckeri
916 4646 1054 4731 epistola
1077 4647 1189 4712 critica
1214 4647 1473 4711 coniecturarum
1496 4643 1567 4707 feli-

288 4750 490 4816 cissimarum
523 4754 618 4838 plena
646 4752 819 4840 (Philolog.
845 4754 880 4837 5,
911 4754 976 4819 438
992 4750 1062 4838 ss),
1099 4752 1385 4818 Schneidewini
1421 4750 1568 4815 lucubra-

288 4857 394 4923 tiones
418 4858 452 4922 in
474 4858 573 4927 Beitr.
598 4884 622 4926 a.
646 4860 757 4925 Kritik
781 4860 809 4925 d.
836 4858 926 4925 PLG.
951 4861 1034 4926 1844
1063 4865 1096 4927 et
1119 4860 1153 4925 in
1176 4859 1317 4927 editione
1343 4854 1565 4925 Bibliothecae
