3442 5550
218 394 283 457 338
687 397 836 448 anunm
854 395 1020 447 mrmcm.

270 558 310 622 οὐ
333 559 397 644 γάρ
420 558 539 641 πάγος,
563 555 642 623 οὐδὲ
664 558 852 657 προσάντης
874 557 896 622 ά
918 556 1077 632 κέλευθος
1099 557 1239 638 γίνεται,
1294 559 1378 639 Στρ.
1400 553 1446 636 γ’.

269 671 302 729 εί
322 689 371 741 τις
394 664 540 743 εὐδόξων
563 664 596 742 ἐς
618 665 675 730 ἀν-

315 773 406 858 δρῶν
429 774 504 854 ἀγοι
527 774 622 858 τιμάς
641 770 894 838 Ἑλικωνιάδων.
1466 786 1502 832 συ

216 896 250 943 35
270 881 378 965 μακρά
402 881 573 962 δισκήσαις
596 879 824 964 ἀκοντίσσαιμι
848 878 1000 963 τοσοῦθ’,
1023 880 1102 944 ὅσον
1125 877 1229 964 ὀργάν

269 987 489 1071 Ξεινοκράτης
511 984 593 1073 ὑπὲρ
618 987 809 1072 ἀνθρώπων
831 993 988 1069 γλυκεῖαν

270 1097 372 1177 ἔσχεν.
418 1095 544 1170 αίδοῖος
567 1091 627 1178 μὲν
649 1090 691 1177 ἦν
715 1094 827 1170 ἀστοῖς
850 1094 992 1178 ὁμιλεῖν,

271 1327 491 1412 ἱπποτροφίας
514 1350 548 1391 τε
571 1329 714 1410 νομίζων
738 1325 773 1391 ἐν
797 1325 1021 1391 Πανελλάνων
1044 1328 1148 1411 νόμῳ·
1294 1321 1377 1389 Ἇντ.
1398 1321 1444 1406 γ’.
1463 1342 1498 1388 ao

269 1433 324 1499 καὶ
347 1441 438 1499 θεῶν
461 1436 575 1510 δαῖτας
597 1432 738 1520 προσέπ-

315 1566 414 1607 τυκτο
436 1542 554 1618 πάσας·
579 1541 661 1605 οὐδέ
681 1563 758 1606 ποτε
782 1540 892 1619 ξενίαν

218 1667 253 1713 40
273 1645 374 1736 οὖρος
397 1648 593 1733 ἐμπνεύσαις
615 1647 779 1714 ὑπέστειλ’
806 1650 912 1713 ίστιόν
936 1646 1020 1732 ἀμφὶ
1043 1647 1217 1731 τράπεζαν·

270 1754 342 1821 ἀλλ’
368 1755 467 1843 ἐπέρα
489 1754 565 1822 ποτὶ
587 1753 648 1840 μὲν
674 1759 782 1821 Φᾶσιν
805 1759 953 1841 θερείας,

271 1863 307 1928 ἐν
330 1860 366 1928 ol
390 1875 525 1948 χειμῶνι
548 1862 657 1929 πλέων
680 1867 805 1928 Νείλου
827 1864 911 1950 πρὸς
934 1862 1045 1927 ἀκτάν.

1312 1984 1379 2051 'an
1399 1986 1444 2070 γ’.

272 2099 316 2181 μή
340 2121 418 2178 νυν,
442 2097 492 2161 ὅτι
516 2092 683 2181 φθονεραὶ
704 2102 842 2160 θνατῶν
865 2091 990 2178 φρένας
1013 2092 1276 2179 ἀμφικρέμανται
1299 2096 1469 2176 ίελπίδες,

271 2202 345 2288 μήτ’
372 2203 491 2289 ἀρετάν
513 2225 592 2268 ποτε
616 2203 738 2285 σιγάτω
760 2200 928 2290 πατρῴαν,
1464 2218 1496 2264 eo

219 2328 253 2374 45
272 2308 354 2395 μηδὲ·
378 2309 492 2375 τούσδ’
516 2311 656 2395 ὕμνους·
681 2308 752 2375 ἐπεί
772 2334 823 2374 τοι

273 2418 333 2482 οὐκ
356 2416 570 2494 ἐλινύσοντας
593 2418 715 2494 αὐτοὺς
737 2416 949 2504 εἰργασάμαν,

289 2654 331 2701 34.
352 2646 417 2716 olym
435 2647 477 2700 D:
504 2645 564 2715 ἄγει
585 2645 630 2699 vel
649 2645 715 2715 ἀγοι
732 2647 760 2700 Β
779 2678 812 2685 -
832 2652 874 2700 36.
894 2648 1001 2715 ξενοκρ.
1021 2646 1049 2699 Β
1056 2647 1085 2700 D
1103 2677 1139 2684 -
1161 2650 1203 2700 38.
1228 2645 1394 2719 πανελλάνῳ
1412 2646 1444 2701 D
1464 2678 1496 2686 -

219 2726 261 2774 39.
282 2722 381 2781 δαῖτας
399 2735 432 2772 ex
452 2716 566 2771 scholiis
586 2717 629 2772 ed.
645 2717 765 2772 Murali:
786 2715 896 2781 διαίτας
912 2718 974 2771 BD
993 2750 1025 2756 —
1046 2714 1220 2784 προσέπτατο
1240 2718 1269 2770 Ι)
1288 2750 1321 2757 -
1341 2724 1384 2771 40.
1404 2718 1498 2787 οὔριος

218 2790 353 2853 πνεύσαις
376 2807 410 2844 ex
435 2789 520 2843 schol.
541 2788 612 2843 coni.
629 2789 772 2843 Hermann
785 2789 823 2843 ad
842 2789 1055 2845 Eur.Hec.1osa
1075 2820 1108 2827 —
1127 2787 1287 2842 ὑπέστειλεν
1307 2786 1358 2844 lor.
1377 2789 1447 2844 BD
1465 2822 1496 2829 —

219 2869 260 2917 41.
281 2866 369 2931 φασιν
392 2878 426 2916 ex
449 2861 556 2931 φράσιν
573 2862 601 2914 Β
620 2893 655 2900 -
672 2859 788 2930 θερείας
812 2861 882 2915 coni.
901 2860 1012 2914 Hecker
1030 2860 1112 2928 (conf.
1131 2860 1233 2914 llerod.
1252 2879 1262 2912 1
1282 2866 1343 2929 mel:
1369 2858 1498 2929 θερείαις

218 2934 256 3003 D,
274 2931 387 3002 θερλαις
405 2933 442 3000 Β,
461 2930 573 3001 θέρειος
591 2932 662 2988 ooni.
677 2932 867 2986 Wilamowitz
887 2964 918 2971 -
939 2937 981 2985 4⁶2.
1001 2929 1087 2986 πλέον
1105 2931 1133 2984 Β
1152 2963 1185 2970 -
1205 2930 1296 2985 ἀκτάν
1314 2931 1390 2987 BD:
1410 2932 1497 2996 ἀκτάς

218 3022 252 3059 ex
272 3003 385 3059 scholiis
405 3004 478 3072 Ala,
497 3002 569 3074 ἀράς
583 3022 616 3058 ex
632 3003 717 3057 schol.
733 3003 928 3058 Schneidewin
946 3035 981 3042 —
999 3008 1041 3056 43.
1062 3000 1286 3073 ἂμφιιιρέμονται
1300 3003 1330 3057 D
1346 3035 1380 3043 —
1399 3009 1443 3058 44.
1459 3021 1496 3058 σι·

217 3076 293 3147 yolum
312 3076 384 3131 coni.
399 3076 529 3145 Hartung
548 3108 580 3116 -
600 3082 642 3130 45.
661 3075 698 3145 μὴ
718 3073 749 3129 δὲ
768 3075 848 3129 BD:
867 3074 935 3144 μήτε
953 3074 1024 3130 coni.
1044 3073 1141 3143 Heyne
1161 3107 1193 3114 —
1214 3081 1256 3127 46.
1278 3074 1395 3130 ἐλινάσσ.
1415 3076 1447 3130 D
1465 3107 1497 3115 -

289 3225 332 3273 34.
356 3220 392 3273 ad
416 3221 523 3273 ceteras
547 3217 665 3272 virtutes
684 3217 849 3271 Xenocratis
869 3217 1024 3272 orationem
1042 3220 1128 3286 poeta
1145 3216 1265 3271 reflectit
1282 3249 1318 3257 —
1337 3217 1365 3280 ἐς
1384 3219 1497 3287 ἀνδρῶν

219 3291 278 3347 scil.
298 3286 377 3345 οἷκον
401 3308 452 3343 usu
476 3289 589 3344 Graecis
612 3288 747 3342 familiari
771 3321 803 3328 -
828 3294 870 3344 35.
894 3288 988 3359 μακρὰ
1011 3287 1157 3356 δισκήσαις
1180 3286 1387 3359 ἀκοντίσσαιμι·
1412 3288 1498 3371 longe

219 3363 352 3417 emittens
371 3362 489 3427 iar-ulem
508 3360 580 3414 nihil
600 3378 633 3414 ex
653 3361 705 3414 hoc
724 3360 784 3414 loco
804 3361 839 3414 <le
859 3359 936 3414 disco
956 3363 1022 3414 aute
1041 3359 1165 3413 iaculum
1183 3359 1213 3413 iu
1232 3359 1414 3428 quinquertio
1433 3362 1498 3413 unt

218 3435 303 3488 tendo
327 3433 460 3504 colligere
483 3433 562 3499 licet;
586 3431 671 3485 immo
695 3431 851 3500 δισκήσαις,
876 3432 952 3500 quod
975 3432 1012 3484 ad
1036 3431 1194 3485 obsoletum
1213 3430 1329 3485 verbum
1353 3429 1441 3485 δίσκοι
1464 3448 1497 3485 ex

218 3504 329 3575 διίισκοι,
349 3507 381 3559 ut
400 3503 523 3559 διδάσκω
543 3521 576 3557 ox
596 3502 737 3558 διδάκσκιι
756 3503 842 3571 redit,
863 3504 897 3557 de
916 3503 978 3557 iaso
997 3503 1089 3558 iaculo
1109 3502 1210 3556 emisso
1230 3502 1429 3573 accipiendum
1448 3505 1497 3557 est.

219 3578 260 3631 lle
286 3577 364 3631 verbi
390 3575 533 3629 iaculandi
559 3575 699 3629 translata
724 3575 839 3629 notione
865 3522 938 3629 consi.
957 3574 990 3628 N.
1010 3594 1038 3627 rx
1057 3591 1083 3628 ss
1103 3607 1134 3614 —
1162 3580 1204 3627 36.
1230 3573 1301 3643 ὑπὲρ
1325 3575 1496 3644 ἀνθρώπων,

219 3666 304 3718 supra
322 3649 437 3701 modum
455 3650 611 3701 ceterorum
629 3646 781 3716 homiuum,
800 3651 832 3701 ut
849 3645 921 3715 bulo
938 3644 1073 3700 ἁπάντων
1088 3645 1118 3700 Ο.
1135 3666 1152 3698 x
1166 3662 1199 3713 τε,
1219 3646 1291 3714 ἀνὴρ
1306 3645 1378 3715 ὑπὲρ
1394 3643 1497 3715 ἀνδρός

219 3722 252 3776 fr.
267 3737 292 3775 cr
312 3751 345 3759 -
365 3726 407 3773 38.
431 3717 461 3773 ἐν
480 3717 669 3772 Πανελλάνων
692 3720 779 3792 νόμῳ,
803 3724 835 3774 ut
857 3718 939 3772 ludos
963 3735 1056 3771 sacros
1080 3717 1204 3771 omnium
1228 3717 1398 3771 Graecorum
1422 3734 1494 3772 com·

219 3808 325 3860 munes,
344 3789 422 3843 velut
442 3788 603 3859 Olympicos
617 3790 750 3858 Pythioos
764 3791 921 3858 Isthmicos,
936 3789 1040 3857 obiret;
1060 3789 1094 3843 cf.
1109 3789 1182 3843 l'rol.
1197 3807 1285 3841 των
1299 3821 1335 3829 -
1349 3795 1393 3843 49.
1413 3807 1496 3858 προτ-

220 3861 350 3930 inruere,
375 3860 505 3930 amplexu
530 3861 633 3927 tenuit,
652 3861 670 3914 i.
686 3878 709 3915 e.
724 3862 770 3931 pie
789 3861 877 3914 coluit
896 3894 928 3901 -
948 3867 990 3915 40.
1012 3865 1111 3914 ventus
1130 3860 1194 3914 vela
1213 3860 1363 3931 hospitalis
1383 3877 1496 3915 mensae

219 3934 320 3987 inflans
339 3950 478 4001 nusquam
497 3932 707 3999 remittebatur,
726 3935 759 3985 ut
776 3950 929 4001 numquam
949 3933 1013 3987 vela
1032 3932 1224 3986 contrahenda
1243 3935 1349 3999 σειραῖς
1375 3932 1497 3987 audacia

219 4005 401 4075 metaphorae
420 4004 508 4057 etiam
526 4008 646 4072 augetur
664 4003 790 4072 proximo
809 4020 903 4068 versu,
923 4021 978 4072 quo
997 4003 1223 4074 hospitalitatem
1243 4003 1320 4057 nullo
1340 4004 1409 4058 anni
1429 4008 1496 4059 tem·

219 4093 287 4148 pore
304 4076 493 4130 remittentem
511 4073 693 4144 navigatione
712 4078 821 4128 aestate
840 4074 954 4140 Phasin,
973 4075 1064 4129 hieme
1083 4075 1180 4128 Nilum
1199 4079 1312 4144 petente
1332 4074 1495 4130 illustrarit

220 4146 310 4203 Simili
336 4145 459 4217 imagine
485 4164 551 4199 usus
577 4149 622 4200 est
647 4146 710 4201 Eur.
730 4146 863 4201 Androm.
883 4164 922 4202 usu
945 4146 980 4216 ἣν
1006 4155 1076 4217 χρῆν
1106 4145 1133 4200 o'
1160 4146 1287 4200 ἐλαύνειν
1317 4146 1399 4214 τήνδ’
1428 4144 1496 4213 ὑπὲρ

220 4217 325 4275 Νείλου
344 4217 411 4286 ὁοάς
430 4214 500 4287 ὑπέρ
518 4238 547 4272 τε
568 4222 665 4272 Φᾶσιν.

292 4294 405 4344 43-48,
425 4289 556 4343 Extrema
575 4307 640 4361 pars
659 4289 741 4342 huius
761 4290 893 4344 carminis
912 4307 1001 4357 aeque
1020 4292 1105 4357 atque
1125 4288 1280 4342 carminum
1299 4288 1399 4343 P.1et
1416 4309 1439 4342 n
1456 4288 1495 4342 in-

221 4366 280 4416 star
298 4361 486 4416 additamenti
507 4361 689 4443 (postscriptil
711 4364 761 4428 est,
781 4361 857 4430 quod
876 4364 908 4414 ut
926 4378 1020 4415 coram
1039 4361 1143 4430 populo
1160 4362 1306 4415 caueretur
1320 4360 1429 4415 factum
1443 4378 1496 4416 non

221 4439 290 4502 erat,
314 4433 364 4487 sed
387 4432 476 4486 vicem
500 4433 659 4486 commercu
683 4432 843 4503 epistolaris
866 4432 939 4485 inter
962 4434 1075 4500 poetam
1100 4438 1128 4485 et
1151 4432 1272 4486 amicum
1296 4431 1448 4487 obtinebat
1467 4464 1495 4473 -

221 4512 262 4560 43.
283 4526 334 4559 νυν
353 4522 408 4559 nou
428 4507 487 4557 tam
506 4505 656 4574 separandi
676 4504 728 4558 hoc
747 4507 858 4573 tempus
878 4504 914 4557 ab
935 4502 998 4556 aliis
1017 4505 1112 4571 (nunc)
1130 4521 1216 4571 quam
1235 4503 1424 4559 concludendi
1442 4504 1496 4557 rim

220 4577 327 4645 ligitur)
343 4576 446 4630 babere
461 4575 580 4631 videtur.
609 4575 720 4629 insidia
734 4576 809 4629 enim
829 4574 905 4630 omni
924 4578 1049 4643 tempore
1069 4574 1122 4626 viri
1140 4574 1281 4644 principes
1300 4576 1497 4644 premebantur

221 4662 257 4709 lv,
273 4650 282 4697 l
286 4656 303 4702 l.
314 4668 341 4700 vr
357 4660 387 4715 r),
402 4666 493 4715 neque
508 4664 557 4699 cur
571 4652 630 4699 tum
645 4647 736 4718 magis
750 4647 829 4718 regia
844 4646 943 4700 domus
953 4645 1100 4715 Agrigenti
1114 4644 1224 4699 invidia
1237 4647 1373 4717 flagrasse
1389 4648 1498 4703 dicatur

221 4718 398 4787 intellegitur
469 4725 511 4773 44.
532 4719 598 4788 μήτε
615 4764 620 4772 .
637 4762 642 4772 .
660 4763 664 4772 .
681 4717 750 4788 μηδὲ
771 4718 932 4773 defenditur
950 4716 1035 4769 simili
1055 4734 1106 4769 usu
1126 4716 1190 4770 οὔτε
1206 4761 1210 4771 .
1228 4761 1233 4770 .
1250 4762 1254 4771 .
1271 4717 1338 4772 οὐδὲ
1356 4718 1387 4776 P.
1402 4739 1451 4774 vsu
1464 4736 1497 4785 ιο,

221 4790 276 4843 nisi
286 4794 403 4859 uterque
414 4792 491 4846 locus
502 4790 629 4846 socordia
639 4791 793 4845 scribarum
805 4792 951 4859 corruptus
962 4791 1006 4841 cst
1015 4820 1047 4827 —
1059 4794 1100 4842 44.
1113 4787 1214 4858 σιγάτω
1225 4789 1285 4844 scil.
1296 4789 1498 4861 Thrasybulus,

222 4861 257 4913 ad
269 4879 350 4930 quem
362 4879 391 4916 se
401 4862 457 4917 iam
468 4862 559 4918 redire
568 4867 651 4933 poeta
662 4863 774 4916 nomine
783 4862 919 4933 πατρῴαν
929 4859 1101 4927 significavit
1109 4892 1141 4901 -
1150 4866 1192 4913 4u.
1205 4861 1392 4933 ἐλινύσοντας,
1401 4880 1458 4918 nou
1467 4864 1498 4917 ut
