3442 5550
302 393 367 458 266
770 396 918 447 prunam
936 396 1103 448 errarem.

361 576 560 662 Τιμάσαρχε,
584 578 661 660 redu
684 574 896 641 ἐπινικίοισιν
919 574 1048 651 ἀοιδαῖς

355 685 525 768 πρόπολον
548 685 690 768 ἔμμεναι.
736 684 768 747 εί
790 681 828 747 δέ
848 706 899 746 τοι

302 808 336 854 80
355 791 466 878 μάτρφ
490 788 525 874 μ’
550 793 598 854 ε”τι
621 793 802 855 Καλλικλεῖ
822 789 964 866 κελεύεις

356 1004 480 1069 στάλαν
504 1002 606 1089 θέμεν
630 1006 762 1089 Παρίου
786 1008 887 1070 λίθου
903 1045 915 1053 -
931 1001 1141 1087 λευκοτέραν·

355 1111 372 1176 ὁ
396 1112 518 1196 χρυσὸς
541 1109 700 1196 ἑψόμενος

355 1219 459 1301 αὐγάς
482 1217 603 1296 ἔδειξεν
626 1217 768 1302 ἁπάσας,

398 1325 503 1410 ὕμνος
526 1321 563 1390 δέ
586 1336 653 1390 τῶν
676 1323 815 1407 άναθῶν

356 1430 526 1517 έρνμάτων
548 1436 742 1517 βασιλεῦσιν
766 1432 963 1516 ἰσοδαίμονα
986 1433 1091 1516 τεύχει

301 1556 335 1604 85
354 1551 461 1625 φῶτα·
485 1551 594 1616 κεῖνος
617 1538 697 1625 ἄμφ’
723 1536 889 1624 Ἀχέροντι
912 1539 1074 1605 ναιετάων
1098 1538 1179 1623 έμάν

353 1652 507 1730 γλῶσσαν
529 1645 649 1732 εὑρέτω
673 1647 848 1731 κελαδῆτιν
868 1645 1110 1731 Ὀρσοτριαίνα,

353 1752 399 1820 ἵν’
424 1754 461 1819 ἐν
484 1754 588 1838 άχῶνι
611 1756 826 1840 βαρυκτύπου

354 1862 500 1945 θάλλησε
524 1864 723 1946 Κορινθίοις
746 1864 902 1938 σελίνοις·

354 2075 412 2140 τὸν
436 2074 597 2159 Εὐφάνης
620 2073 747 2140 ἐθέλων
770 2077 916 2161 γεραι-ὸς
938 2074 1116 2160 προπάτωρ

300 2200 334 2247 uo
354 2183 411 2258 σὸς
434 2183 543 2247 άεισεν
566 2183 653 2265 τότε,
676 2193 743 2246 παῖ.

353 2291 483 2354 άλλοισι
506 2286 538 2352 δ’
564 2289 673 2365 ἅλικες
696 2290 804 2354 άλλοι·

397 2396 436 2460 τὰ
460 2393 492 2459 δ’
517 2395 617 2471 αὐτὸς
640 2397 681 2460 av
705 2420 754 2472 τις
778 2397 849 2481 ίδχ,

353 2506 485 2568 ἔλπεταί
506 2527 556 2579 τις
578 2501 713 2578 ἕκαστος
738 2502 919 2587 ἐξοχώτατα
942 2504 1082 2587 φάσθαι.

353 2601 426 2676 οἷον
448 2608 570 2675 αίνέων
593 2633 627 2674 κε
652 2613 827 2694 Μελησίαν
850 2610 943 2694 ἔριδα
967 2609 1118 2695 στρέφοι,

300 2857 411 2926 πάτραν
425 2855 464 2912 ἵν’
480 2857 634 2913 Hermann:
654 2856 795 2926 πάτρανιν
809 2858 881 2925 Du,
900 2855 1012 2925 πάτραν
1031 2877 1076 2912 νιν
1096 2858 1122 2912 Β
1133 2859 1197 2912 Dpc
1213 2890 1245 2899 -
1262 2864 1302 2913 78.
1322 2858 1389 2913 τεὰν
1408 2858 1501 2913 codd:
1521 2857 1576 2912 σὰν

299 2930 442 2984 Hermann
461 2961 493 2968 -
514 2933 556 2982 82.
580 2928 595 2983 δ
613 2930 714 3020 χρυσὸς
733 2927 761 2984 δ’
778 2924 822 2995 iu.
838 2928 909 2984 coni.
925 2928 1036 2983 Boeclrh
1057 2961 1087 2969 -
1109 2934 1151 2982 87.
1175 2927 1213 2982 ἵν’
1231 2929 1261 2984 έν
1280 2929 1373 2985 codd:
1400 2928 1430 2992 ὃς
1454 2929 1484 2984 ἐν
1503 2930 1575 2984 coni.

299 2999 519 3068 Rauahenstein,
546 2997 608 3055 ένεκ
641 3001 796 3055 Mommsen
821 3034 851 3041 -
877 3005 918 3054 88.
945 2998 1068 3069 θάλλησε
1088 3000 1213 3055 Schmid:
1239 3000 1347 3070 θάλησε
1367 3001 1461 3069 οοδδ.;
1486 3001 1520 3055 cf.
1541 3001 1575 3055 N.

302 3092 319 3125 x
331 3089 359 3127 se
373 3075 403 3127 et
420 3072 493 3127 Prol.
508 3091 536 3125 11
557 3104 587 3112 —
608 3077 650 3126 90.
670 3072 717 3135 σδς
736 3071 830 3126 ἄεισεν
847 3070 909 3126 τότε
928 3074 1008 3139 (ποτε
1027 3071 1179 3141 Hermann)
1198 3081 1252 3126 παῖ
1268 3072 1338 3126 coni.
1354 3071 1576 3127 Rauchenstein:

300 3143 315 3196 δ
329 3143 376 3206 abc
394 3141 518 3198 ἀείδεται
536 3151 591 3197 παῖ
607 3143 687 3199 codd.
707 3147 736 3198 et
754 3143 839 3198 schol.
855 3175 888 3184 -
903 3148 944 3197 91.
965 3142 1002 3197 άν
1016 3164 1058 3207 τις
1071 3143 1117 3214 ἴδῃ
1132 3160 1165 3197 ex
1182 3143 1295 3197 scholiis
1308 3144 1463 3199 Hermann:
1483 3143 1520 3199 ἄν
1535 3165 1578 3208 τις

300 3214 369 3286 τύχῃ
388 3214 477 3284 οοδδ.,
492 3214 564 3269 ἄντα
579 3214 647 3287 τύχχ
662 3215 708 3270 vel
722 3215 855 3287 ἀντι-τύχῃ
870 3213 1030 3285 Mingarelli
1044 3247 1077 3255 -
1093 3220 1134 3269 93,
1150 3211 1210 3269 οἶον
1225 3215 1255 3268 D
1269 3215 1417 3283 Didymus:
1437 3210 1498 3269 aior
1513 3216 1576 3270 nri-

372 3363 413 3412 el.
442 3356 600 3412 columnam
626 3358 708 3413 Pario
734 3374 871 3412 marmore
896 3356 1086 3411 candidiorem
1112 3356 1182 3410 dicit
1207 3373 1317 3411 cannen
1344 3357 1511 3427 epinicium3
1540 3359 1577 3414 cs.

300 3426 335 3483 N.
349 3447 366 3482 v
385 3427 423 3481 in.
443 3430 471 3481 ct
489 3428 555 3482 Hor.
575 3428 603 3484 C.
623 3448 651 3483 ιτ
668 3447 689 3497 ε,
709 3448 747 3485 13:
767 3446 822 3484 κοκ
840 3431 929 3484 incisa
947 3432 1019 3483 notis
1037 3446 1172 3483 marciosa
1187 3431 1310 3498 publicis
1328 3431 1432 3484 clarius
1450 3431 1578 3484 iudicant

300 3500 394 3554 laudes
412 3518 494 3570 qaam
509 3500 642 3556 Calabrae
656 3502 785 3556 Pierides.
817 3500 971 3555 Candorem
986 3499 1060 3554 idem
1074 3499 1207 3555 Horatius
1222 3500 1250 3556 C.
1265 3519 1275 3552 r
1292 3517 1323 3567 rs,
1338 3518 1349 3554 ι
1365 3499 1577 3571 comparatione

300 3569 376 3625 Parii
398 3570 544 3625 marmoris
567 3571 704 3627 illustrat:
730 3573 861 3642 Glycerae
882 3574 958 3626 nitor
979 3573 1146 3641 splendeatis
1164 3573 1251 3626 Pario
1269 3589 1402 3626 marmore
1419 3574 1523 3641 parias
1541 3604 1577 3613 -

300 3647 342 3696 82.
353 3640 440 3695 verba
454 3642 579 3712 δχρνσδς
594 3687 599 3697 .
617 3686 622 3696 .
639 3688 643 3697 .
660 3652 748 3710 φῶτα,
765 3643 867 3712 quibus
881 3659 925 3696 res
939 3642 969 3696 in
982 3642 1089 3712 protasi
1104 3642 1263 3712 significata
1277 3644 1466 3710 confirmatur,
1481 3643 1577 3698 media

300 3712 373 3768 inter
387 3713 513 3782 protasia
527 3728 563 3781 (v.
578 3731 604 3768 eo
620 3718 652 3781 s.)
668 3718 697 3768 et
710 3713 848 3784 apoduein
867 3719 901 3783 (v.
917 3730 943 3768 ru
957 3717 1004 3782 ss.)
1022 3713 1170 3768 interiecta
1189 3717 1265 3780 sunt;
1285 3714 1460 3796 paralactica
1480 3717 1576 3768 autem

300 3787 440 3839 structura
453 3801 488 3840 ea
502 3786 739 3854 comparationem
754 3785 815 3839 auri
830 3788 859 3840 et
873 3783 969 3854 hymni
984 3784 1125 3853 exhibent,
1139 3788 1172 3839 ut
1184 3785 1254 3840 haec
1269 3790 1306 3840 s1t
1319 3803 1449 3840 versuum
1464 3789 1576 3840 senten-

298 3855 354 3911 tia:
374 3872 530 3911 marmorea
549 3856 679 3911 columna
697 3856 888 3927 praestantius
906 3858 1116 3910 monumentum
1135 3872 1247 3910 carmen
1266 3862 1316 3923 est,
1336 3857 1412 3926 quod
1425 3860 1458 3911 ut
1476 3872 1576 3912 aurum

301 3927 366 3999 igne
385 3931 495 3982 coctum
515 3928 643 3983 omnibus
663 3929 816 3983 luminibus
835 3927 965 3982 clarescit
982 3927 1026 3998 (cl.
1044 3927 1171 3996 O.1in.)‚
1191 3928 1232 3982 ite
1251 3946 1295 3983 res
1313 3929 1384 3982 bene
1402 3932 1501 3998 gestae
1516 3946 1575 3983 car-

298 3998 373 4053 mine
392 3998 551 4053 illustratae
570 3999 709 4055 hominem
733 4000 846 4072 regibus
870 4016 966 4070 parem
984 3999 1157 4053 reddunt-
1177 4004 1218 4054 87.
1239 3997 1277 4054 ἵν’
1299 3999 1329 4054 έν
1348 4001 1451 4069 ἀγῶνι·
1471 3999 1519 4053 λνα
1538 4000 1575 4054 ad

299 4069 462 4141 genetivum
483 4069 689 4140 Ὀρσοτριαίνα,
714 4072 763 4141 qui
782 4089 799 4125 a
818 4071 929 4126 nomine
948 4069 1056 4125 verbali
1080 4073 1239 4138 κελαδητιιν
1257 4071 1374 4141 pendet,
1398 4071 1575 4126 referendum

300 4144 351 4212 est,
370 4141 426 4195 nisi
444 4143 516 4196 forte
537 4142 725 4199 coniunctioni
744 4142 792 4198 λ’να
810 4143 856 4196 hic
874 4160 929 4198 non
948 4141 1046 4197 localis
1064 4146 1114 4195 aut
1127 4142 1220 4196 finalis
1235 4143 1283 4197 sed
1298 4141 1419 4197 modalis
1434 4142 1476 4197 vis
1491 4142 1575 4211 inest,

299 4215 332 4268 ut
345 4217 468 4285 cognata
481 4213 622 4284 particula
641 4213 697 4269 ὅπα
716 4217 745 4269 et
765 4213 836 4268 ‘ubi’
857 4218 886 4268 et
907 4216 973 4282 ‘quo
992 4215 1083 4282 parto'
1105 4213 1254 4284 significat.
1278 4214 1319 4268 lle
1334 4213 1435 4268 animis
1450 4218 1575 4268 mortuo-

298 4302 360 4339 mm
386 4285 461 4355 apud
487 4284 591 4339 inferos
616 4285 710 4340 virere
736 4285 917 4356 perentibus
943 4284 1037 4338 confer
1062 4285 1132 4339 Erw.
1154 4285 1265 4352 Rohde‚
1293 4285 1401 4354 Psyche
1426 4305 1453 4357 p.
1475 4302 1514 4340 sos
1542 4317 1574 4326 -

299 4360 341 4410 89.
368 4355 506 4426 Εὐφάνης
531 4373 600 4409 avus
624 4361 766 4411 maternus
786 4305 963 4410 glimasarchi
989 4357 1019 4409 et
1042 4358 1124 4424 pater
1142 4355 1266 4410 Calliclis
1285 4356 1371 4410 fuisse
1390 4356 1507 4425 dicitur,
1526 4357 1576 4426 qai

299 4427 388 4482 filium
414 4445 494 4482 suum
514 4426 674 4495 Calliclem,
701 4432 733 4482 ut
754 4428 965 4482 'l'imasarchum
984 4425 1043 4480 eius
1062 4430 1143 4507 pater
1161 4427 1343 4495 rimantur,
1369 4429 1491 4484 carmine
1510 4428 1576 4482 illu-

299 4501 440 4554 straverat
461 4531 488 4538 -
511 4506 553 4553 91.
573 4498 677 4554 ἄλλοισι
698 4498 726 4555 δ’
748 4499 841 4564 ἅλικες
859 4499 949 4553 ἄλλοι·
972 4497 1087 4568 respicit
1104 4498 1281 4567 proverbium
1300 4497 1360 4568 ἧλιξ
1379 4497 1462 4568 ἥλικα
1480 4498 1575 4568 τέρπει

302 4602 334 4611 -
355 4576 396 4625 93.
416 4570 468 4624 snb
487 4571 570 4625 finem
590 4570 721 4625 carminis
741 4571 841 4626 eximie
859 4572 943 4641 poeta
962 4567 1108 4623 Melesiam
1121 4569 1330 4639 Atheniensem,
1348 4568 1467 4642 aliptam
1481 4572 1575 4626 Tima-

299 4641 405 4711 sarnhi,
433 4641 604 4713 imaginibus
628 4659 645 4696 a
668 4642 812 4714 palaestra
835 4640 927 4695 ductis
949 4642 1043 4707 ornat;
1070 4641 1107 4693 ad
1126 4640 1232 4695 luctam
1255 4641 1328 4696 enim
1354 4642 1497 4712 pertinent
1519 4660 1576 4697 non

300 4712 390 4767 solum
415 4712 555 4768 vocabula
581 4712 753 4777 ἀπάλαιστος
778 4716 807 4767 et
832 4712 962 4782 ἔφεδρος,
989 4711 1037 4766 sed
1062 4710 1149 4766 etiam
1168 4713 1254 4766 verba
1280 4710 1411 4782 στρέφειν
1436 4717 1575 4783 torquere,

299 4782 411 4839 πλέκειν
438 4785 560 4851 flectere,
587 4783 677 4839 ἕλκειν
702 4786 812 4840 διελύετο
833 4816 864 4824 -
885 4781 959 4851 οἷον,
984 4783 1008 4837 si
1033 4785 1108 4837 recte
1131 4800 1160 4837 se
1184 4783 1278 4849 habet,
1301 4801 1391 4854 neque
1416 4785 1453 4839 ad
1472 4782 1576 4841 αἰτίαν

298 4871 387 4923 neque
407 4856 445 4909 ad
465 4855 555 4924 ἔριδα,
574 4857 622 4910 sed
642 4858 679 4911 ad
698 4855 813 4928 phrasin
833 4855 911 4924 ἔριδα
931 4851 1044 4924 στρέφοι
1062 4854 1238 4910 referendum
1256 4858 1300 4910 est
1319 4888 1352 4897 -
