<?xml version="1.0" encoding="UTF-8"?>
<!DOCTYPE html PUBLIC "-//W3C//DTD XHTML 1.0 Transitional//EN"
    "http://www.w3.org/TR/xhtml1/DTD/xhtml1-transitional.dtd">
<html xmlns="http://www.w3.org/1999/xhtml" xml:lang="en" lang="en">
 <head>
  <title>
</title>
<meta http-equiv="Content-Type" content="text/html;charset=utf-8" />
  <meta name='ocr-system' content='tesseract 3.04.00' />
  <meta name='ocr-capabilities' content='ocr_page ocr_carea ocr_par ocr_line ocrx_word'/>
</head>
<body>
  <div class='ocr_page' id='page_1' title='image "./pindaricarminap00chrigoog_0500.png"; bbox 0 0 3442 5550; ppageno 0'>
   <div class='ocr_carea' id='block_1_1' title="bbox 651 1213 879 1267">
    <p class='ocr_par' dir='ltr' id='par_1_1' title="bbox 651 1213 879 1267">
     <span class='ocr_line' id='line_1_1' title="bbox 651 1213 879 1267; baseline 0.009 -3"><span class='ocrx_word' id='word_1_1' title='bbox 651 1214 816 1267; x_wconf 85' lang='grc' dir='ltr'><strong>ΙΣΘΜΙΟΝ.</strong></span> <span class='ocrx_word' id='word_1_2' title='bbox 837 1213 879 1266; x_wconf 83' lang='grc' dir='ltr'>Ε’.</span> 
     </span>
    </p>
   </div>
   <div class='ocr_carea' id='block_1_2' title="bbox 366 1377 1163 1468">
    <p class='ocr_par' dir='ltr' id='par_1_2' title="bbox 366 1377 1163 1468">
     <span class='ocr_line' id='line_1_2' title="bbox 366 1377 1163 1468; baseline 0.01 -10"><span class='ocrx_word' id='word_1_3' title='bbox 366 1377 755 1463; x_wconf 65' lang='grc' dir='ltr'><strong>ΦΤΛΑΚΙΔΑι</strong></span> <span class='ocrx_word' id='word_1_4' title='bbox 796 1379 1163 1468; x_wconf 66' lang='grc' dir='ltr'>ΑΙΓΙΝΗΤΗι</span> 
     </span>
    </p>
   </div>
   <div class='ocr_carea' id='block_1_3' title="bbox 648 1574 879 1626">
    <p class='ocr_par' dir='ltr' id='par_1_3' title="bbox 648 1574 879 1626">
     <span class='ocr_line' id='line_1_3' title="bbox 648 1574 879 1626; baseline 0.017 -4"><span class='ocrx_word' id='word_1_5' title='bbox 648 1574 879 1626; x_wconf 75' lang='grc' dir='ltr'>ΠΑΓΚΒΔΤΙΩι.</span> 
     </span>
    </p>
   </div>
   <div class='ocr_carea' id='block_1_4' title="bbox 710 1737 816 1746">
    <p class='ocr_par' dir='ltr' id='par_1_4' title="bbox 710 1737 816 1746">
     <span class='ocr_line' id='line_1_4' title="bbox 710 1737 816 1746; baseline 0.009 -1"><span class='ocrx_word' id='word_1_6' title='bbox 710 1737 816 1746; x_wconf 69' lang='grc' dir='ltr'>-ιι-</span> 
     </span>
    </p>
   </div>
   <div class='ocr_carea' id='block_1_5' title="bbox 677 1857 852 1928">
    <p class='ocr_par' dir='ltr' id='par_1_5' title="bbox 677 1857 852 1928">
     <span class='ocr_line' id='line_1_5' title="bbox 677 1857 852 1928; baseline 0.011 -16"><span class='ocrx_word' id='word_1_7' title='bbox 677 1857 852 1928; x_wconf 73' lang='lat' dir='ltr'><strong>strophae.</strong></span> 
     </span>
    </p>
   </div>
   <div class='ocr_carea' id='block_1_6' title="bbox 274 1965 745 2126">
    <p class='ocr_par' dir='ltr' id='par_1_6' title="bbox 274 1965 745 2126">
     <span class='ocr_line' id='line_1_6' title="bbox 274 1965 700 2037; baseline 0.007 -23"><span class='ocrx_word' id='word_1_8' title='bbox 274 1965 700 2037; x_wconf 50' lang='lat' dir='ltr'>·u-!‡w-w-Q</span> 
     </span>
     <span class='ocr_line' id='line_1_7' title="bbox 312 2055 745 2126; baseline 0.005 -22"><span class='ocrx_word' id='word_1_9' title='bbox 312 2078 331 2104; x_wconf 84' lang='grc' dir='ltr'><strong>υ</strong></span> <span class='ocrx_word' id='word_1_10' title='bbox 445 2055 745 2126; x_wconf 54' lang='grc' dir='ltr'>ιυ--.;.υυ91</span> 
     </span>
    </p>
   </div>
   <div class='ocr_carea' id='block_1_7' title="bbox 274 2143 701 2215">
    <p class='ocr_par' dir='ltr' id='par_1_7' title="bbox 274 2143 701 2215">
     <span class='ocr_line' id='line_1_8' title="bbox 274 2143 701 2215; baseline 0 -22"><span class='ocrx_word' id='word_1_11' title='bbox 274 2143 701 2215; x_wconf 50' lang='lat' dir='ltr'>²u.-ssw-w-Q</span> 
     </span>
    </p>
   </div>
   <div class='ocr_carea' id='block_1_8' title="bbox 120 3739 1398 4357">
    <p class='ocr_par' dir='ltr' id='par_1_8' title="bbox 120 3739 1398 4357">
     <span class='ocr_line' id='line_1_9' title="bbox 209 3739 1398 3823; baseline 0.006 -24"><span class='ocrx_word' id='word_1_12' title='bbox 209 3739 254 3799; x_wconf 92' lang='lat' dir='ltr'>De</span> <span class='ocrx_word' id='word_1_13' title='bbox 277 3740 443 3818; x_wconf 84' lang='lat' dir='ltr'>Phylacida</span> <span class='ocrx_word' id='word_1_14' title='bbox 466 3742 628 3820; x_wconf 78' lang='lat' dir='ltr'>Lamponia</span> <span class='ocrx_word' id='word_1_15' title='bbox 650 3743 725 3823; x_wconf 86' lang='lat' dir='ltr'>filio,</span> <span class='ocrx_word' id='word_1_16' title='bbox 749 3745 862 3804; x_wconf 93' lang='lat' dir='ltr'>minore</span> <span class='ocrx_word' id='word_1_17' title='bbox 886 3744 1018 3820; x_wconf 85' lang='lat' dir='ltr'>Pytheae</span> <span class='ocrx_word' id='word_1_18' title='bbox 1042 3745 1144 3823; x_wconf 77' lang='lat' dir='ltr'>fratre,</span> <span class='ocrx_word' id='word_1_19' title='bbox 1166 3745 1234 3804; x_wconf 84' lang='lat' dir='ltr'>vide</span> <span class='ocrx_word' id='word_1_20' title='bbox 1258 3765 1336 3822; x_wconf 89' lang='lat' dir='ltr'>quae</span> <span class='ocrx_word' id='word_1_21' title='bbox 1359 3745 1398 3805; x_wconf 89' lang='lat' dir='ltr'>ad</span> 
     </span>
     <span class='ocr_line' id='line_1_10' title="bbox 120 3827 1397 3911; baseline 0.005 -24"><span class='ocrx_word' id='word_1_22' title='bbox 120 3827 158 3889; x_wconf 88' lang='lat' dir='ltr'>N.</span> <span class='ocrx_word' id='word_1_23' title='bbox 178 3848 197 3888; x_wconf 87' lang='lat' dir='ltr'>v</span> <span class='ocrx_word' id='word_1_24' title='bbox 216 3848 329 3908; x_wconf 83' lang='lat' dir='ltr'>argum.</span> <span class='ocrx_word' id='word_1_25' title='bbox 350 3834 544 3892; x_wconf 89' lang='lat' dir='ltr'>commentati</span> <span class='ocrx_word' id='word_1_26' title='bbox 572 3836 651 3892; x_wconf 86' lang='lat' dir='ltr'>sunt.</span> <span class='ocrx_word' id='word_1_27' title='bbox 697 3833 762 3893; x_wconf 90' lang='lat' dir='ltr'>Hoc</span> <span class='ocrx_word' id='word_1_28' title='bbox 789 3837 926 3893; x_wconf 89' lang='lat' dir='ltr'>nostrum</span> <span class='ocrx_word' id='word_1_29' title='bbox 949 3853 1067 3893; x_wconf 88' lang='lat' dir='ltr'>carmen</span> <span class='ocrx_word' id='word_1_30' title='bbox 1090 3837 1160 3911; x_wconf 84' lang='lat' dir='ltr'>post</span> <span class='ocrx_word' id='word_1_31' title='bbox 1182 3853 1301 3894; x_wconf 86' lang='lat' dir='ltr'>carmen</span> <span class='ocrx_word' id='word_1_32' title='bbox 1324 3835 1347 3893; x_wconf 92' lang='grc' dir='ltr'>Ι.</span> <span class='ocrx_word' id='word_1_33' title='bbox 1366 3855 1397 3894; x_wconf 88' lang='lat' dir='ltr'>v1</span> 
     </span>
     <span class='ocr_line' id='line_1_11' title="bbox 121 3919 1396 4000; baseline 0.005 -23"><span class='ocrx_word' id='word_1_34' title='bbox 121 3919 266 3995; x_wconf 82' lang='lat' dir='ltr'>scriptum</span> <span class='ocrx_word' id='word_1_35' title='bbox 297 3940 359 3980; x_wconf 88' lang='lat' dir='ltr'>esse</span> <span class='ocrx_word' id='word_1_36' title='bbox 391 3925 421 3981; x_wconf 89' lang='lat' dir='ltr'>et</span> <span class='ocrx_word' id='word_1_37' title='bbox 450 3926 519 3999; x_wconf 88' lang='lat' dir='ltr'>post</span> <span class='ocrx_word' id='word_1_38' title='bbox 548 3922 625 3981; x_wconf 90' lang='lat' dir='ltr'>illud</span> <span class='ocrx_word' id='word_1_39' title='bbox 652 3923 858 3982; x_wconf 91' lang='lat' dir='ltr'>collocandum</span> <span class='ocrx_word' id='word_1_40' title='bbox 888 3923 992 4000; x_wconf 88' lang='lat' dir='ltr'>fuisse,</span> <span class='ocrx_word' id='word_1_41' title='bbox 1022 3927 1101 3982; x_wconf 89' lang='lat' dir='ltr'>recte</span> <span class='ocrx_word' id='word_1_42' title='bbox 1129 3925 1190 3982; x_wconf 89' lang='lat' dir='ltr'>iam</span> <span class='ocrx_word' id='word_1_43' title='bbox 1213 3924 1396 4000; x_wconf 79' lang='lat' dir='ltr'>Hephaestio</span> 
     </span>
     <span class='ocr_line' id='line_1_12' title="bbox 126 4011 1395 4086; baseline 0.004 -19"><span class='ocrx_word' id='word_1_44' title='bbox 126 4011 340 4086; x_wconf 87' lang='lat' dir='ltr'>grammaticus</span> <span class='ocrx_word' id='word_1_45' title='bbox 363 4011 394 4068; x_wconf 94' lang='lat' dir='ltr'>in</span> <span class='ocrx_word' id='word_1_46' title='bbox 418 4012 536 4071; x_wconf 84' lang='lat' dir='ltr'>scholiis</span> <span class='ocrx_word' id='word_1_47' title='bbox 559 4012 723 4072; x_wconf 72' lang='lat' dir='ltr'><strong>adnotavit.</strong></span> <span class='ocrx_word' id='word_1_48' title='bbox 765 4013 810 4070; x_wconf 83' lang='lat' dir='ltr'>Ex</span> <span class='ocrx_word' id='word_1_49' title='bbox 832 4012 967 4071; x_wconf 85' lang='lat' dir='ltr'>versibus</span> <span class='ocrx_word' id='word_1_50' title='bbox 990 4013 1070 4071; x_wconf 89' lang='lat' dir='ltr'>enim</span> <span class='ocrx_word' id='word_1_51' title='bbox 1094 4024 1197 4071; x_wconf 82' lang='lat'>17-19</span> <span class='ocrx_word' id='word_1_52' title='bbox 1221 4013 1311 4071; x_wconf 90' lang='lat' dir='ltr'>huius</span> <span class='ocrx_word' id='word_1_53' title='bbox 1334 4032 1395 4072; x_wconf 89' lang='lat' dir='ltr'>car·</span> 
     </span>
     <span class='ocr_line' id='line_1_13' title="bbox 126 4098 1397 4179; baseline 0.003 -23"><span class='ocrx_word' id='word_1_54' title='bbox 126 4098 215 4156; x_wconf 90' lang='lat' dir='ltr'>minis</span> <span class='ocrx_word' id='word_1_55' title='bbox 242 4104 380 4179; x_wconf 74' lang='lat' dir='ltr'>apparet,</span> <span class='ocrx_word' id='word_1_56' title='bbox 411 4104 476 4159; x_wconf 90' lang='lat' dir='ltr'>tum</span> <span class='ocrx_word' id='word_1_57' title='bbox 504 4101 697 4177; x_wconf 84' lang='lat' dir='ltr'>Phylacidam</span> <span class='ocrx_word' id='word_1_58' title='bbox 726 4101 786 4161; x_wconf 90' lang='lat' dir='ltr'>iam</span> <span class='ocrx_word' id='word_1_59' title='bbox 810 4103 885 4161; x_wconf 87' lang='lat' dir='ltr'>duas</span> <span class='ocrx_word' id='word_1_60' title='bbox 908 4101 1048 4162; x_wconf 82' lang='lat' dir='ltr'>victoriae</span> <span class='ocrx_word' id='word_1_61' title='bbox 1071 4101 1229 4161; x_wconf 85' lang='lat' dir='ltr'>Isthmicae</span> <span class='ocrx_word' id='word_1_62' title='bbox 1252 4106 1283 4160; x_wconf 88' lang='lat' dir='ltr'>et</span> <span class='ocrx_word' id='word_1_63' title='bbox 1304 4121 1397 4161; x_wconf 90' lang='lat' dir='ltr'>unam</span> 
     </span>
     <span class='ocr_line' id='line_1_14' title="bbox 126 4184 1398 4269; baseline 0.004 -24"><span class='ocrx_word' id='word_1_64' title='bbox 126 4184 306 4250; x_wconf 79' lang='lat' dir='ltr'>Nemeaeum</span> <span class='ocrx_word' id='word_1_65' title='bbox 324 4194 517 4251; x_wconf 86' lang='lat' dir='ltr'>consecutum</span> <span class='ocrx_word' id='word_1_66' title='bbox 540 4211 611 4269; x_wconf 87' lang='lat' dir='ltr'>esse,</span> <span class='ocrx_word' id='word_1_67' title='bbox 635 4191 765 4251; x_wconf 79' lang='lat' dir='ltr'>carmine</span> <span class='ocrx_word' id='word_1_68' title='bbox 783 4191 806 4249; x_wconf 92' lang='grc' dir='ltr'>Ι.</span> <span class='ocrx_word' id='word_1_69' title='bbox 825 4211 857 4250; x_wconf 78' lang='lat' dir='ltr'>m</span> <span class='ocrx_word' id='word_1_70' title='bbox 876 4194 976 4249; x_wconf 91' lang='lat' dir='ltr'>eutem</span> <span class='ocrx_word' id='word_1_71' title='bbox 995 4191 1093 4266; x_wconf 88' lang='lat' dir='ltr'>prima</span> <span class='ocrx_word' id='word_1_72' title='bbox 1110 4191 1237 4251; x_wconf 87' lang='lat' dir='ltr'>victoria</span> <span class='ocrx_word' id='word_1_73' title='bbox 1254 4190 1398 4250; x_wconf 84' lang='lat' dir='ltr'>Isthmica</span> 
     </span>
     <span class='ocr_line' id='line_1_15' title="bbox 125 4275 1398 4357; baseline 0.004 -24"><span class='ocrx_word' id='word_1_74' title='bbox 125 4275 306 4352; x_wconf 76' lang='lat' dir='ltr'>Phylacidae</span> <span class='ocrx_word' id='word_1_75' title='bbox 324 4281 495 4339; x_wconf 76' lang='lat' dir='ltr'>illustretrm</span> <span class='ocrx_word' id='word_1_76' title='bbox 512 4301 609 4357; x_wconf 90' lang='lat' dir='ltr'>neque</span> <span class='ocrx_word' id='word_1_77' title='bbox 627 4282 793 4340; x_wconf 87' lang='lat' dir='ltr'>Nemeaeae</span> <span class='ocrx_word' id='word_1_78' title='bbox 812 4281 875 4339; x_wconf 89' lang='lat' dir='ltr'>eius</span> <span class='ocrx_word' id='word_1_79' title='bbox 894 4280 1036 4340; x_wconf 86' lang='lat' dir='ltr'>victoriae</span> <span class='ocrx_word' id='word_1_80' title='bbox 1055 4280 1220 4357; x_wconf 87' lang='lat' dir='ltr'>quidquam</span> <span class='ocrx_word' id='word_1_81' title='bbox 1238 4279 1398 4339; x_wconf 86' lang='lat' dir='ltr'>mentionis</span> 
     </span>
    </p>
   </div>
   <div class='ocr_carea' id='block_1_9' title="bbox 28 4359 1396 4448">
    <p class='ocr_par' dir='ltr' id='par_1_9' title="bbox 28 4359 1396 4448">
     <span class='ocr_line' id='line_1_16' title="bbox 28 4359 1396 4448; baseline 0.004 -26"><span class='ocrx_word' id='word_1_82' title='bbox 28 4359 31 4370; x_wconf 89' lang='lat'>&#39;</span> <span class='ocrx_word' id='word_1_83' title='bbox 125 4365 169 4427; x_wconf 90' lang='lat' dir='ltr'>fit.</span> <span class='ocrx_word' id='word_1_84' title='bbox 214 4367 371 4428; x_wconf 90' lang='lat' dir='ltr'>Minimum</span> <span class='ocrx_word' id='word_1_85' title='bbox 398 4371 494 4448; x_wconf 83' lang='lat' dir='ltr'>igitur</span> <span class='ocrx_word' id='word_1_86' title='bbox 521 4371 596 4430; x_wconf 91' lang='lat' dir='ltr'>duos</span> <span class='ocrx_word' id='word_1_87' title='bbox 624 4390 717 4430; x_wconf 88' lang='lat' dir='ltr'>annos</span> <span class='ocrx_word' id='word_1_88' title='bbox 744 4371 823 4428; x_wconf 90' lang='lat' dir='ltr'>inter</span> <span class='ocrx_word' id='word_1_89' title='bbox 848 4370 924 4428; x_wconf 93' lang='lat' dir='ltr'>illud</span> <span class='ocrx_word' id='word_1_90' title='bbox 952 4374 1043 4446; x_wconf 86' lang='lat' dir='ltr'>atque</span> <span class='ocrx_word' id='word_1_91' title='bbox 1073 4370 1128 4430; x_wconf 84' lang='lat' dir='ltr'>hoc</span> <span class='ocrx_word' id='word_1_92' title='bbox 1157 4389 1276 4429; x_wconf 73' lang='lat' dir='ltr'>carmen</span> <span class='ocrx_word' id='word_1_93' title='bbox 1305 4369 1396 4428; x_wconf 88' lang='lat' dir='ltr'>inter·</span> 
     </span>
    </p>
   </div>
   <div class='ocr_carea' id='block_1_10' title="bbox 124 4455 1397 4898">
    <p class='ocr_par' dir='ltr' id='par_1_10' title="bbox 124 4455 1397 4898">
     <span class='ocr_line' id='line_1_17' title="bbox 125 4455 1397 4534; baseline 0.005 -22"><span class='ocrx_word' id='word_1_94' title='bbox 125 4455 245 4516; x_wconf 75' lang='lat' dir='ltr'>fluxisse</span> <span class='ocrx_word' id='word_1_95' title='bbox 264 4478 381 4519; x_wconf 85' lang='lat' dir='ltr'>necesse</span> <span class='ocrx_word' id='word_1_96' title='bbox 400 4463 461 4534; x_wconf 65' lang='lat' dir='ltr'>est„</span> <span class='ocrx_word' id='word_1_97' title='bbox 486 4459 550 4530; x_wconf 82' lang='lat' dir='ltr'>Quo</span> <span class='ocrx_word' id='word_1_98' title='bbox 570 4465 671 4520; x_wconf 91' lang='lat' dir='ltr'>autem</span> <span class='ocrx_word' id='word_1_99' title='bbox 690 4479 787 4520; x_wconf 89' lang='lat' dir='ltr'>errore</span> <span class='ocrx_word' id='word_1_100' title='bbox 806 4463 921 4518; x_wconf 81' lang='lat' dir='ltr'>veteres</span> <span class='ocrx_word' id='word_1_101' title='bbox 940 4460 1067 4520; x_wconf 86' lang='lat' dir='ltr'>editores</span> <span class='ocrx_word' id='word_1_102' title='bbox 1084 4459 1208 4518; x_wconf 88' lang='lat' dir='ltr'>Pindari</span> <span class='ocrx_word' id='word_1_103' title='bbox 1226 4459 1265 4517; x_wconf 87' lang='lat' dir='ltr'>ad</span> <span class='ocrx_word' id='word_1_104' title='bbox 1283 4459 1397 4518; x_wconf 85' lang='lat' dir='ltr'>iustum</span> 
     </span>
     <span class='ocr_line' id='line_1_18' title="bbox 126 4546 1397 4627; baseline 0.003 -24"><span class='ocrx_word' id='word_1_105' title='bbox 126 4546 259 4607; x_wconf 82' lang='lat' dir='ltr'>ordinem</span> <span class='ocrx_word' id='word_1_106' title='bbox 286 4550 452 4608; x_wconf 86' lang='lat' dir='ltr'>carminum</span> <span class='ocrx_word' id='word_1_107' title='bbox 480 4550 685 4610; x_wconf 69' lang='lat' dir='ltr'>invertendum</span> <span class='ocrx_word' id='word_1_108' title='bbox 712 4549 859 4625; x_wconf 90' lang='lat' dir='ltr'>compulsi</span> <span class='ocrx_word' id='word_1_109' title='bbox 887 4550 959 4627; x_wconf 79' lang='lat' dir='ltr'>sint,</span> <span class='ocrx_word' id='word_1_110' title='bbox 983 4549 1013 4608; x_wconf 94' lang='lat' dir='ltr'>in</span> <span class='ocrx_word' id='word_1_111' title='bbox 1036 4549 1222 4626; x_wconf 73' lang='lat' dir='ltr'>praefatione</span> <span class='ocrx_word' id='word_1_112' title='bbox 1245 4548 1397 4625; x_wconf 84' lang='lat' dir='ltr'>sequentia</span> 
     </span>
     <span class='ocr_line' id='line_1_19' title="bbox 125 4637 1396 4714; baseline 0.002 -21"><span class='ocrx_word' id='word_1_113' title='bbox 125 4637 266 4696; x_wconf 86' lang='lat' dir='ltr'>carminis</span> <span class='ocrx_word' id='word_1_114' title='bbox 296 4640 470 4714; x_wconf 85' lang='lat' dir='ltr'>aperiemus.</span> <span class='ocrx_word' id='word_1_115' title='bbox 516 4640 682 4701; x_wconf 86' lang='lat' dir='ltr'>Victoriam</span> <span class='ocrx_word' id='word_1_116' title='bbox 711 4659 782 4699; x_wconf 88' lang='lat' dir='ltr'>vero</span> <span class='ocrx_word' id='word_1_117' title='bbox 815 4640 940 4698; x_wconf 83' lang='lat' dir='ltr'>alteram</span> <span class='ocrx_word' id='word_1_118' title='bbox 973 4639 1146 4699; x_wconf 90' lang='lat' dir='ltr'>Isthmicam</span> <span class='ocrx_word' id='word_1_119' title='bbox 1178 4657 1273 4714; x_wconf 88' lang='lat' dir='ltr'>aeque</span> <span class='ocrx_word' id='word_1_120' title='bbox 1305 4640 1396 4714; x_wconf 86' lang='lat' dir='ltr'>atque</span> 
     </span>
     <span class='ocr_line' id='line_1_20' title="bbox 124 4726 1396 4805; baseline 0.002 -21"><span class='ocrx_word' id='word_1_121' title='bbox 124 4726 254 4801; x_wconf 89' lang='lat' dir='ltr'>priorem</span> <span class='ocrx_word' id='word_1_122' title='bbox 276 4727 471 4804; x_wconf 81' lang='lat' dir='ltr'>Phylacidam</span> <span class='ocrx_word' id='word_1_123' title='bbox 494 4731 649 4804; x_wconf 87' lang='lat' dir='ltr'>pancratio</span> <span class='ocrx_word' id='word_1_124' title='bbox 672 4733 866 4789; x_wconf 86' lang='lat' dir='ltr'>consecutum</span> <span class='ocrx_word' id='word_1_125' title='bbox 889 4747 951 4787; x_wconf 90' lang='lat' dir='ltr'>esse</span> <span class='ocrx_word' id='word_1_126' title='bbox 971 4733 1001 4788; x_wconf 90' lang='lat' dir='ltr'>et</span> <span class='ocrx_word' id='word_1_127' title='bbox 1020 4733 1139 4805; x_wconf 88' lang='lat' dir='ltr'>poetam</span> <span class='ocrx_word' id='word_1_128' title='bbox 1158 4728 1258 4803; x_wconf 87' lang='lat' dir='ltr'>ipsum</span> <span class='ocrx_word' id='word_1_129' title='bbox 1277 4728 1315 4786; x_wconf 90' lang='lat' dir='ltr'>ad</span> <span class='ocrx_word' id='word_1_130' title='bbox 1333 4747 1396 4787; x_wconf 87' lang='lat' dir='ltr'>oar·</span> 
     </span>
     <span class='ocr_line' id='line_1_21' title="bbox 124 4817 1395 4898; baseline 0.002 -23"><span class='ocrx_word' id='word_1_131' title='bbox 124 4836 192 4876; x_wconf 85' lang='lat' dir='ltr'>men</span> <span class='ocrx_word' id='word_1_132' title='bbox 223 4817 276 4877; x_wconf 91' lang='lat' dir='ltr'>hoo</span> <span class='ocrx_word' id='word_1_133' title='bbox 308 4818 456 4895; x_wconf 82' lang='lat' dir='ltr'>agendum</span> <span class='ocrx_word' id='word_1_134' title='bbox 486 4819 595 4881; x_wconf 79' lang='lat' dir='ltr'>Thebis</span> <span class='ocrx_word' id='word_1_135' title='bbox 624 4820 772 4898; x_wconf 80' lang='lat' dir='ltr'>Aeginam</span> <span class='ocrx_word' id='word_1_136' title='bbox 801 4818 916 4880; x_wconf 87' lang='lat' dir='ltr'>venisse</span> <span class='ocrx_word' id='word_1_137' title='bbox 946 4838 1049 4880; x_wconf 87' lang='lat' dir='ltr'>versus</span> <span class='ocrx_word' id='word_1_138' title='bbox 1079 4830 1110 4877; x_wconf 84' lang='grc'>19</span> <span class='ocrx_word' id='word_1_139' title='bbox 1139 4822 1169 4876; x_wconf 86' lang='lat' dir='ltr'>et</span> <span class='ocrx_word' id='word_1_140' title='bbox 1199 4830 1229 4876; x_wconf 70' lang='lat'>‘31</span> <span class='ocrx_word' id='word_1_141' title='bbox 1256 4821 1395 4896; x_wconf 82' lang='lat' dir='ltr'>arguunt</span> 
     </span>
    </p>
   </div>
   <div class='ocr_carea' id='block_1_11' title="bbox 0 0 1726 5550">
    <p class='ocr_par' dir='ltr' id='par_1_11' title="bbox 0 0 1726 5550">
     <span class='ocr_line' id='line_1_22' title="bbox 0 0 1726 5550; baseline 0 2"><span class='ocrx_word' id='word_1_142' title='bbox 0 0 1726 5550; x_wconf 95' lang='lat' dir='ltr'> </span> 
     </span>
    </p>
   </div>
  </div>
 </body>
</html>
