3442 5550
608 370 754 423 rsruaua
774 372 822 424 ur.
842 372 888 424 lv,
1321 368 1382 433 341

110 538 322 614 praemitteret.
338 539 494 597 Neminem
508 540 608 596 tamen
623 558 765 616 magnum
779 538 936 598 discrimen
950 538 1078 597 duorum
1093 538 1258 597 carminum
1274 540 1385 618 fugiet3

112 627 187 686 illud
211 629 291 704 quod
314 628 387 686 iusti
411 627 530 704 epinicii
555 628 672 687 nomine
696 628 821 706 dignum
840 633 893 704 est,
912 627 1040 705 egregiis
1059 628 1204 688 orationis
1223 629 1386 689 luminibus

112 717 260 795 splendet,
290 718 345 777 hoc
377 717 457 794 quod
487 717 573 793 quasi
606 717 756 777 corollarii
786 717 849 778 vice
879 716 1030 795 fungitur,
1061 717 1221 777 admodum
1252 718 1327 778 exile
1355 723 1386 779 44

111 807 245 866 ieiunum
269 811 322 866 est.
342 838 385 846 -
404 808 468 866 Iam
487 810 523 865 ut
540 807 578 865 ad
597 807 741 866 victorem
760 807 858 883 ipsum
877 810 1036 884 transeam,
1055 807 1193 867 Melissus
1212 807 1385 868 Telesiadae

111 895 190 955 filius
210 895 368 955 Thebanus
387 896 588 957 nobilissimae
607 896 706 974 gentis
721 895 981 973 Cleonymidarum
1000 899 1073 973 erat,
1092 896 1231 973 idemque
1250 900 1384 959 materno

111 1005 217 1063 genere
242 1005 257 1043 4
280 986 364 1063 regia
391 986 484 1061 stirpe
512 985 751 1045 Labdacidarum
778 1005 809 1045 se
837 988 936 1044 ortum
965 985 1160 1062 gloriabatur.
1206 986 1236 1046 Is
1259 987 1385 1047 Isthmia

111 1075 266 1151 pancratio
290 1078 321 1133 et
342 1075 456 1134 Nemea
479 1074 563 1150 equis
587 1094 682 1151 nuper
700 1074 821 1152 vicerat,
845 1078 875 1132 et
898 1078 988 1133 antea
1012 1075 1072 1133 iam
1095 1079 1155 1135 tres
1173 1077 1315 1136 victorias
1338 1076 1384 1136 Io·

110 1165 177 1224 laiis
201 1164 349 1223 Thebanis
372 1166 590 1242 reportaverat,
619 1164 729 1240 quibus
752 1163 885 1223 victoriis
909 1165 1021 1223 famam
1045 1164 1212 1242 Cleonymi,
1235 1166 1326 1224 unius
1348 1186 1384 1225 ex

110 1254 273 1313 maioribus
296 1254 407 1331 gentis,
436 1253 563 1312 feliciter
590 1253 787 1313 resuscitavit.
834 1253 878 1311 lle
903 1256 1048 1330 tempore,
1073 1275 1131 1330 quo
1155 1255 1228 1313 haec
1251 1255 1384 1314 carmina

110 1348 199 1420 poeta
218 1343 369 1419 scripsisse
388 1343 535 1419 videatur,
554 1344 609 1402 boc
634 1343 753 1419 quidem
779 1346 905 1421 constat,
931 1347 1000 1419 post
1022 1363 1155 1420 pugnarn
1179 1343 1384 1403 l’lataeeusem

108 1436 139 1490 et
158 1433 408 1511 expugnationem
428 1433 598 1491 Thebarum
619 1451 654 1491 ea
673 1432 785 1508 scripta
804 1451 875 1491 esse.
912 1433 1051 1508 Namque
1070 1452 1105 1491 er
1124 1432 1221 1491 tribus
1239 1433 1383 1511 cladibuS,

107 1522 217 1598 quibus
245 1522 377 1581 Thebani
411 1524 510 1581 aetate
544 1521 666 1580 Pindari
698 1521 804 1580 afflicti
836 1525 919 1599 sunt,
951 1521 1029 1581 bello
1058 1521 1234 1581 Atheniensi
1263 1542 1289 1581 a.
1309 1526 1382 1599 soa,
1423 1552 1429 1569 ·

107 1631 208 1689 pugna
223 1612 391 1671 Plataeensi
412 1631 437 1670 a.
453 1615 527 1688 479,
546 1611 659 1687 proelio
675 1611 713 1670 ad
729 1610 907 1687 Oenophyta
928 1631 953 1670 a.
971 1605 1079 1688 rasse,
1094 1610 1192 1670 media
1211 1611 1276 1670 sola
1294 1611 1382 1671 rebus

107 1701 137 1759 in
161 1701 206 1759 his
230 1701 410 1760 canninibus
434 1700 576 1777 expositis
599 1700 746 1760 convenit.
793 1701 857 1770 Quo
882 1720 949 1760 cum
973 1700 1103 1776 accedat,
1127 1700 1208 1777 qnod
1226 1719 1329 1761 versus
1348 1712 1381 1760 9⁶2

106 1793 136 1849 44
159 1802 205 1850 104
226 1791 344 1867 Pythici
367 1791 507 1849 carminis
531 1789 614 1866 noni,
638 1792 800 1850 auctumuo
832 1790 902 1848 anni
926 1792 990 1849 478
1015 1790 1131 1867 scripti,
1155 1809 1223 1850 eum
1248 1790 1382 1850 versibus

107 1892 141 1938 20
160 1883 191 1938 et
208 1892 240 1938 41
262 1880 352 1939 huius
375 1880 514 1938 carminis
538 1880 610 1937 mire
635 1880 823 1955 concordant,
847 1880 1000 1939 Gussavus
1023 1879 1144 1957 Herbig,
1169 1879 1230 1938 Zur
1250 1880 1381 1941 Chrono-

106 1969 185 2047 logie
205 1971 257 2028 der
275 1969 481 2044 pindariscben
502 1969 736 2047 Siegesgesltnge
755 1969 785 2026 in
801 1968 913 2027 Oomm.
928 1968 1031 2044 philol.
1046 1969 1160 2028 Monac.
1178 1971 1259 2028 1891
1277 1990 1305 2045 p.
1322 1980 1382 2047 1⁶29,

109 2059 304 2117 subtilissima
332 2059 447 2117 ratione
476 2057 591 2117 efficere
620 2057 751 2135 studuit,
781 2057 954 2116 Isthmicam
983 2056 1096 2116 Melissi
1126 2057 1283 2116 victoriam
1313 2078 1382 2118 rere

107 2148 178 2205 anni
197 2151 271 2224 478,
290 2149 470 2206 Nemeaeam
494 2150 608 2206 aestate
632 2147 703 2205 anni
723 2149 786 2206 477
807 2148 976 2222 reportatas
999 2165 1069 2207 4444.
1109 2147 1166 2205 Sed
1189 2167 1257 2206 cum
1277 2146 1381 2207 Clean-

106 2239 191 2295 drum
211 2237 390 2315 Aeginetam
408 2237 535 2295 lsthmia
554 2237 625 2295 anni
645 2238 708 2296 478
727 2236 883 2313 pancratio
903 2236 1008 2295 vicisse
1031 2240 1147 2296 constet
1170 2240 1201 2295 et
1223 2241 1288 2295 tum
1307 2239 1380 2297 tem·

106 2326 186 2402 poris
211 2327 289 2384 inter
311 2326 500 2402 pancratium
524 2326 657 2385 virorum
676 2329 706 2384 et
724 2326 912 2402 pancratium
935 2345 1097 2402 puerorum
1121 2325 1296 2386 distinctum
1319 2346 1381 2386 esse

103 2416 165 2475 veri
190 2415 424 2475 dissimillimum
448 2415 487 2473 sit
511 2408 553 2495 (v.
572 2415 650 2474 Prol.
670 2408 780 2495 nnxv),
804 2415 900 2474 satius
923 2418 968 2474 est
991 2415 1029 2473 ad
1056 2415 1222 2474 recentiora
1245 2420 1382 2492 tempora

106 2505 149 2564 ita
172 2505 357 2582 descendere,
380 2510 415 2562 ut
438 2504 589 2563 Melissum
617 2505 708 2580 paulo
732 2508 801 2581 post
824 2504 1034 2564 Telesicratem
1058 2503 1243 2581 Cyrenaeum
1267 2499 1314 2586 (P.
1334 2496 1381 2586 rx)

106 2614 183 2655 anno
208 2597 271 2653 476
297 2594 430 2670 Isthmia,
455 2597 518 2652 475
543 2594 656 2653 Nemea
678 2594 785 2653 vicisse
808 2597 987 2653 statuamus.

193 2685 227 2742 ln
242 2683 402 2761 prooemio,
418 2683 497 2759 quod
512 2688 580 2760 post
594 2684 773 2743 Nemeaeum
792 2683 949 2743 victoriam
968 2683 1080 2742 Melissi
1096 2683 1236 2742 lsthmico
1251 2683 1379 2758 epinioio

103 2773 299 2849 praemissum
319 2792 380 2831 esse
401 2792 493 2848 supra
512 2775 634 2849 exposui
654 2765 780 2853 (1-15)‚
800 2772 873 2830 trita
892 2792 926 2830 ac
946 2773 1065 2850 vulgari
1084 2772 1199 2831 ratione
1214 2775 1305 2847 poeta
1318 2772 1379 2830 for-

104 2866 195 2921 tunae
210 2862 439 2939 prosperitatem
453 2882 521 2920 eum
536 2863 683 2922 modestia
698 2862 888 2921 coniunctam
903 2861 1017 2938 laudat,
1027 2860 1138 2919 Melissi
1153 2862 1228 2919 duas
1237 2860 1379 2920 victorias

105 2973 206 3012 recens
230 2955 332 3028 partas
357 2951 530 3027 praedicans
557 2954 735 3019 etveterem
759 2953 871 3010 famam
894 2951 999 3009 domus
1018 2950 1139 3008 victoris
1163 2948 1292 3007 breviter
1314 2969 1379 3024 per·

103 3043 259 3119 stringens
292 3042 326 3099 ln
350 3041 496 3117 principio
520 3041 654 3099 Isthmici
678 3040 797 3116 epinicii
821 3041 937 3119 largam
961 3038 1018 3096 sibi
1041 3039 1157 3114 copiam
1180 3040 1293 3096 tactam
1316 3057 1378 3098 esse

102 3132 257 3208 praefatur
280 3131 407 3188 virtutes
431 3129 701 3205 t'leonymidarum,
726 3149 802 3204 quac
827 3132 928 3188 tamen
952 3129 1075 3186 adverso
1099 3130 1187 3186 vento
1211 3146 1270 3188 non
1294 3147 1379 3203 pror-

102 3239 153 3279 sus
171 3220 332 3295 caruerint,
352 3220 462 3294 hymno
481 3218 653 3278 illustrandi
673 3211 721 3298 (lt
733 3211 817 3298 ³24).
849 3219 951 3294 Atque
970 3216 1099 3293 primum
1120 3216 1187 3275 illos
1206 3215 1251 3275 ait
1268 3227 1379 3295 magna

101 3310 182 3386 apud
210 3310 289 3367 rives
312 3312 343 3366 et
365 3307 509 3366 finitimas
532 3307 670 3367 civitates
693 3307 875 3366 auctoritate
898 3306 1033 3366 floruisse
1057 3308 1087 3364 et
1110 3305 1264 3381 praeclara
1288 3307 1377 3367 docu-

99 3404 201 3458 menta
229 3398 352 3456 virtutis
380 3398 518 3474 edidisse,
546 3401 650 3473 postea
678 3400 779 3455 autem
803 3396 889 3474 gravi
912 3397 995 3455 clade
1019 3395 1146 3455 afflictos
1170 3395 1323 3456 servires
1347 3396 1377 3454 in

100 3507 161 3547 uua
188 3507 292 3564 pugna
320 3487 514 3562 interemptos
537 3486 659 3561 vidisse,
687 3485 815 3563 denique
846 3506 924 3545 nunc
954 3488 1052 3544 vetere
1083 3486 1206 3544 fortuna
1235 3485 1378 3544 restituta

99 3578 199 3636 denuo
224 3576 414 3650 efflorescere,
439 3576 515 3633 unde
540 3575 736 3650 pristinorum
760 3595 877 3651 quoque
902 3575 1041 3633 decorum
1061 3574 1204 3634 memoria
1222 3575 1378 3634 resuscite-

103 3673 155 3726 tur
173 3657 318 3746 (25—48).
355 3664 467 3724 Deinde
487 3665 661 3740 priusquam
686 3665 723 3723 ad
746 3664 858 3723 Melissi
882 3664 976 3739 ipsius
1000 3664 1103 3723 laudes
1127 3663 1257 3741 accedat,
1281 3665 1378 3722 multa

53 3764 57 3771 '
104 3756 230 3832 homini,
259 3755 435 3830 priusquam
464 3754 500 3811 ad
529 3757 667 3829 optatum
692 3753 780 3812 finem
809 3753 976 3830 perveniat,
1008 3753 1151 3812 tentanda
1181 3771 1245 3812 esse
1268 3757 1377 3829 monet,

103 3863 204 3904 veram
239 3846 341 3902 autem
375 3843 518 3901 virtutem
550 3842 730 3901 carminibus
763 3843 875 3918 optime
907 3841 1054 3902 illustrari
1086 3842 1209 3901 Homeri
1241 3843 1376 3918 exemplo

102 3934 226 3993 Aiacem
254 3952 272 3991 a
300 3931 557 3991 criminationibus
590 3931 778 3990 inimicorum
810 3931 995 3990 defendentis
1028 3930 1201 4006 comprobat
1232 3923 1376 4012 (ts-60).

103 4022 218 4093 Quibus
242 4021 412 4098 praemissis
435 4021 596 4097 Melissum,
621 4020 758 4097 quamvis
782 4021 819 4080 ob
842 4020 961 4079 brevem
985 4024 1132 4078 staturam
1156 4020 1287 4096 corporis
1309 4040 1376 4080 con·

103 4115 236 4188 temptas
255 4111 356 4186 fuerit,
371 4112 470 4169 tamen
486 4110 590 4169 robore
605 4112 635 4168 et
649 4110 717 4169 dolo
732 4110 865 4168 Isthmiis
880 4109 1065 4168 adversarios
1078 4108 1184 4167 vicisse
1199 4113 1230 4167 et
1248 4109 1310 4168 iarn
1324 4129 1376 4168 an-

102 4207 153 4261 tea
167 4201 196 4259 in
212 4199 381 4260 domesticis
396 4199 474 4257 ludis
489 4199 591 4257 Iolaiis
605 4202 665 4257 4444
676 4199 816 4258 victorias
830 4202 1023 4258 consecutum
1037 4216 1099 4257 esse
1114 4197 1220 4255 laudat
1230 4190 1242 4267 (
1246 4189 1374 4278 61-90).

101 4291 164 4350 Has
194 4291 317 4348 ultimas
348 4291 448 4347 autem
479 4288 620 4347 victorias
650 4288 693 4346 ita
723 4290 897 4366 exaggerat,
927 4289 963 4345 ut
993 4287 1030 4346 ad
1060 4286 1206 4365 originem
1234 4287 1375 4345 ludorum

99 4381 260 4440 ascendens
290 4378 428 4437 Herculis
456 4377 589 4436 l'acinora
619 4397 652 4435 ac
682 4376 816 4453 praemia
846 4380 948 4435 namet
977 4379 1006 4435 et
1036 4375 1199 4436 Iolaiorum
1229 4394 1314 4436 44444
1344 4380 1375 4435 44

100 4469 265 4530 certamina
288 4467 436 4527 describat
459 4458 602 4546 (lo-86).

189 4558 303 4618 Melissi
326 4555 530 4615 laudationem
554 4555 629 4614 hano
653 4555 842 4614 Pindaricam
864 4555 1053 4632 Thucydides
1077 4574 1107 4614 vr
1132 4566 1164 4614 15
1188 4555 1219 4612 in
1244 4554 1375 4614 moribus

99 4648 264 4709 Alcibiadis
287 4645 485 4706 describendis
509 4647 578 4704 ante
607 4645 708 4704 oculos
736 4644 875 4703 habuisse
902 4647 992 4720 putat
1015 4644 1181 4722 Btidinger,
1211 4643 1374 4704 Denlrschr.

99 4739 125 4799 d.
146 4739 203 4798 Ak.
223 4737 253 4795 in
273 4737 360 4795 Wien
385 4738 405 4792 t.
425 4745 472 4810 39,
492 4754 518 4809 p.
539 4745 657 4810 31-94,
682 4733 761 4810 quod
789 4735 825 4791 ut
851 4732 1024 4793 confirmare
1052 4734 1096 4792 ita
1123 4733 1302 4812 redarguere
1326 4752 1373 4794 ar-

98 4829 193 4888 duum
217 4832 270 4887 est.
