3442 5550
760 373 891 423 PYTHIA
910 373 942 424 X.

215 549 249 595 oo
269 535 367 617 ἔμμεν
391 534 539 598 ἄπιστον.

267 641 381 705 κώπαν
404 641 542 724 σχάσον,
565 642 647 724 ταχὺ
672 638 703 704 d'
729 641 787 722 ἅγ-

312 771 419 832 κνραν
442 749 585 830 έρει-σον
608 744 707 830 χθονὶ

267 852 440 942 πρῴραθε,
465 855 620 938 χοιράδος
643 856 762 937 ἄλ-καρ
785 851 913 938 πέτρας.

269 961 438 1045 ἐγκωμίων
461 962 523 1045 γὰρ
547 963 652 1037 ἄωτος
674 961 790 1046 ὕμνων

269 1067 316 1133 ἐπ’
344 1067 455 1133 ἄλλοτ’
481 1070 583 1134 ἄλλον
606 1063 667 1133 ὧτε
690 1067 826 1152 μέλισσα
849 1069 964 1133 θύ-νει
989 1071 1098 1151 λόγον.

216 1319 250 1364 aa
271 1304 409 1385 ἔλπομαι
433 1300 464 1365 d'
487 1299 676 1385 Ἐφυραίων

271 1405 324 1473 ὄπ’
350 1407 434 1493 ἀμφὶ
459 1408 605 1491 Πηνεϊὸν
628 1413 755 1490 γλυκεῖ-

314 1539 356 1580 αν
379 1518 603 1599 προχεόν-των
627 1513 708 1597 ἐμὰν

271 1625 329 1687 τὸν
353 1621 543 1687 Ἱπποκλέαν
566 1624 614 1686 ἔτι
637 1619 692 1686 καὶ
714 1626 841 1706 μᾶλλον
864 1625 927 1688 σὺν
950 1623 1079 1700 ἀοιδαῖς

270 1729 359 1794 ἕκατι
383 1729 558 1813 στεφάνων
580 1730 709 1812 θαητὸν
733 1728 768 1794 έν
791 1731 827 1794 τλ-

315 1836 378 1915 λιξι
402 1835 547 1922 θησέμεν
571 1835 606 1901 ἐν
621 1877 634 1884 -
649 1834 703 1901 καὶ
726 1835 949 1922 παλαιτέροις,

272 1943 400 2010 νέαισίν
423 1968 457 2008 τε
480 1942 678 2029 παρθένοισι
701 1942 835 2028 μέλημα.
881 1943 936 2008 καλ
959 1947 1022 2030 γὰρ

217 2069 252 2116 aa
272 2049 394 2138 ἑτέροις
417 2049 537 2135 ἑτέρων
560 2054 643 2134 ἔρως
665 2049 816 2128 ὑπέκνιξε
840 2050 978 2135 φρένας·

288 2269 330 2316 51.
350 2262 421 2315 citat
439 2261 524 2317 schol,
544 2261 627 2315 Arist.
643 2261 716 2316 Nub.
733 2279 770 2316 ror
790 2264 819 2316 et
837 2278 876 2316 τιο
895 2294 928 2302 -
948 2268 990 2318 ολ.
1010 2263 1145 2330 πρώραθε
1164 2263 1243 2318 codd.
1260 2295 1294 2303 —
1309 2262 1398 2317 ἀλκὰν
1413 2264 1442 2317 D
1457 2295 1490 2303 -

217 2339 260 2389 st.
280 2329 330 2387 ὧτε
351 2335 418 2389 GI:
438 2332 506 2388 ὥστε
521 2334 617 2387 BDE
635 2366 667 2373 -
687 2339 729 2387 57.
745 2331 911 2388 Ἱπποκλέαν
930 2333 970 2389 F:
991 2331 1127 2388 ἱπποκλέα
1145 2334 1258 2402 BDE,
1278 2335 1326 2388 τὸν
1341 2332 1490 2389 Ἱπποκλέα

217 2406 367 2472 Hermann,
383 2402 530 2458 Ἱπποκλέα
549 2424 615 2460 ποτε
634 2405 742 2473 Kayser
760 2437 793 2445 -
813 2409 856 2461 68.
876 2404 907 2460 έν
923 2405 1081 2460 satirici:
1102 2405 1133 2459 ἔν
1146 2425 1175 2460 τε
1189 2407 1237 2460 καλ
1251 2406 1296 2459 13¹
1312 2405 1341 2460 έν
1355 2425 1385 2460 τε
1399 2405 1491 2473 B’D,

218 2476 248 2532 ἔν
268 2474 295 2530 τ’
316 2473 352 2529 αὖ
374 2476 470 2545 Heyue
495 2508 528 2517 -
551 2480 679 2532 παλαιοτ,
698 2476 728 2530 D
747 2509 779 2517 —
799 2481 840 2531 60.
862 2474 964 2545 ἑτέροις
990 2475 1092 2530 lemma
1118 2476 1147 2530 in
1171 2477 1206 2532 V:
1235 2475 1367 2546 ἐνέροισιν
1387 2476 1493 2531 BDE

219 2581 248 2635 7
270 2546 399 2671 ὑφέκνὶιξε
419 2565 452 2600 ex
471 2547 585 2602 scholiis
604 2547 758 2604 Hermann:
778 2548 830 2617 (-ξέ
851 2549 888 2617 Β)
908 2547 998 2614 ἔκνιξε
1016 2548 1044 2602 B
1050 2549 1087 2618 D,
1108 2544 1198 2614 ἔκνιξέ
1216 2567 1246 2617 γε
1265 2548 1380 2618 Μοεολι.,
1400 2547 1490 2614 ἔκνιξε

217 2640 267 2681 τας
310 2636 369 2674 rie.
390 2650 423 2659 —
1326 2638 1343 2667 ι

289 2767 330 2815 ol.
346 2777 364 2815 a
377 2760 549 2831 digressione
564 2761 600 2815 ad
614 2778 673 2815 rem
678 2763 860 2886 praesentem
870 2762 952 2830 redit,
965 2762 1064 2817 eadem
1074 2761 1265 2832 navigationis
1278 2761 1401 2833 imagine
1415 2779 1490 2830 usus,

217 2850 274 2903 qua
289 2849 373 2903 supra
387 2838 424 2902 (aa
433 2836 466 2900 s.)
480 2832 511 2887 in
525 2832 645 2887 transitu
660 2850 677 2887 a
712 2833 912 2903 digressionem
928 2833 1056 2888 iaciendo
1070 2851 1136 2888 usus
1151 2836 1224 2902 erat;
1244 2834 1278 2888 cf.
1294 2832 1330 2888 ad
1346 2831 1377 2887 Ο.
1392 2852 1402 2886 1
1416 2849 1441 2888 ss
1456 2865 1489 2873 -

216 2906 315 2959 κώπαν
334 2903 450 2974 σχάσον,
470 2920 576 2958 remum
594 2903 690 2958 inhibe
711 2936 743 2945 —
762 2905 911 2986 πρῴραθε
935 2904 964 2959 in
986 2921 1070 2976 prora
1089 2922 1206 2959 ancoras
1231 2920 1380 2975 suspensas
1404 2903 1489 2958 fuisse

217 2975 349 3032 docemur
363 2976 392 3031 P.
407 2995 436 3029 ιτ
450 2992 501 3042 ¹9¹3
522 2992 653 3029 ancoram
670 2979 764 3029 autem
784 2977 836 3030 eici
855 2979 883 3030 et
901 2978 992 3031 terrae
1010 2976 1090 3045 infigi
1109 2976 1195 3044 iubet,
1214 2992 1249 3030 ne
1268 2975 1348 3030 navis
1368 2974 1490 3046 scopulis

216 3047 313 3102 illidat
330 3046 429 3116 (ἄλκαρ
448 3045 559 3114 πέτρας)
580 3079 613 3086 -
633 3053 674 3101 63.
694 3064 827 3102 ancoram
845 3046 1001 3102 eiciendum
1020 3063 1080 3101 esse
1099 3047 1177 3114 dicit,
1196 3046 1270 3116 quod
1290 3046 1417 3101 encomia
1431 3063 1489 3101 car·

217 3120 294 3174 mina
320 3136 405 3189 apum
430 3117 486 3171 ritu
512 3117 612 3205 vagari
637 3117 758 3183 soleant,
784 3119 858 3173 unde
883 3118 1038 3189 periculum
1056 3135 1130 3185 esse,
1155 3135 1190 3172 ne
1210 3136 1228 3172 a
1245 3117 1390 3200 proposito
1408 3134 1489 3171 cursu

217 3190 328 3262 longius
347 3189 478 3243 aberrent
496 3221 529 3228 -
549 3208 637 3251 αοτος
655 3187 761 3259 ὕμνον·
781 3189 832 3244 flos
850 3190 1016 3259 hymnorum
1035 3189 1053 3243 i.
1068 3206 1091 3244 e.
1106 3189 1198 3244 floridi
1215 3189 1325 3258 hymni,
1345 3187 1379 3242 cf.
1394 3206 1488 3259 μουσι-

216 3271 268 3325 κᾶς
287 3258 319 3316 ἔν
336 3261 416 3314 &dra
436 3259 467 3314 0.
487 3279 496 3312 1
518 3276 556 3327 ro,
582 3257 711 3328 Χαρίτων
736 3260 828 3315 ἄωτον
852 3261 872 3316 Ι,
893 3280 941 3313 v111
959 3277 985 3316 ra
1012 3293 1044 3300 -
1071 3266 1113 3314 hh.
1138 3259 1310 3331 Ἐφυραλων
1338 3260 1491 3314 scholiasta

216 3333 331 3387 Cineam
346 3316 489 3386 auctorem
503 3335 623 3400 secutus,
637 3330 761 3401 itemque
775 3332 876 3387 Strabo
890 3351 918 3385 τι
936 3351 962 3402 p.
977 3349 1017 3387 ssa
1032 3335 1061 3386 et
1077 3332 1236 3415 Stephanus
1250 3331 1315 3401 Byz.
1326 3348 1346 3385 s.
1358 3350 1383 3386 v.
1399 3335 1490 3399 Κραν-

215 3406 286 3471 νὼν,
305 3403 487 3469 Crannonem,
507 3402 604 3457 urbem
624 3403 795 3473 Thessaliae,
818 3402 948 3457 similiter
967 3406 1051 3472 atque
1071 3402 1243 3472 Corinthum,
1262 3402 1330 3457 olim
1348 3402 1490 3473 Ephyram

215 3475 321 3529 dictam
348 3491 409 3529 esse
435 3478 464 3528 ct
487 3473 547 3528 eius
566 3473 672 3528 incolas
691 3475 719 3528 in
738 3474 853 3530 Homeri
871 3491 952 3529 versu
972 3475 1005 3530 N.
1021 3492 1059 3529 sor
1077 3476 1115 3529 τὼ
1139 3473 1228 3544 (Ἄρης
1246 3475 1294 3528 καλ
1314 3472 1414 3546 Φόβος)
1439 3474 1490 3544 μὲν

217 3545 263 3614 ἄρ’
285 3546 315 3600 ἐκ
337 3546 449 3619 Θρῄκης
464 3544 605 3613 Ἐφύρους
624 3544 691 3615 μέτα
709 3546 913 3614 θωρήσσεσθον
932 3544 963 3615 ἠὲ
987 3544 1056 3616 μετὰ
1084 3545 1207 3617 Φλέγοας
1230 3544 1419 3617 μεγαλήτορας
1441 3563 1489 3600 no·

216 3618 291 3672 mine
307 3616 438 3686 Ἐφύραν
457 3616 615 3671 declaratos
635 3634 695 3671 esse
714 3618 860 3671 duxerrmt.
888 3616 968 3682 Quod
987 3634 1050 3671 cum
1069 3617 1227 3672 Boechhius
1246 3634 1343 3672 verum
1361 3633 1421 3671 esse
1440 3634 1489 3686 pu-

217 3692 314 3759 tasset,
329 3689 442 3743 chorum
458 3688 494 3741 ab
509 3687 652 3756 Aleuadis,
672 3688 791 3742 dominis
810 3688 946 3756 Larissae,
962 3705 995 3743 ex
1011 3688 1184 3758 Crannoniis,
1199 3688 1248 3758 qui
1263 3688 1397 3759 Scopadis
1411 3704 1490 3758 pare·

217 3761 300 3828 baut,
325 3760 493 3815 conductum
520 3776 580 3814 esse
607 3759 737 3830 opinatus
763 3763 814 3815 est.
860 3760 897 3813 At
923 3759 1070 3830 indignum
1095 3763 1124 3815 et
1148 3760 1308 3814 inauditum
1333 3763 1377 3814 est
1401 3776 1490 3829 neque

217 3830 351 3886 Pelinnae
370 3848 460 3900 neque
479 3830 608 3884 Larissae
626 3831 720 3900 tuisse,
740 3830 788 3899 qui
807 3847 919 3885 carmen
938 3848 1037 3886 canere
1056 3834 1085 3886 et
1104 3831 1208 3889 saltare
1227 3834 1353 3900 possent;
1380 3832 1490 3900 quade

218 3919 303 3956 causa
328 3902 481 3956 Pindarum
507 3901 590 3956 aliter
616 3906 700 3971 atque
727 3901 842 3956 Cineam
860 3905 889 3956 et
908 3903 1073 3958 Strabonem
1091 3903 1184 3957 locum
1202 3903 1378 3957 Homericum
1405 3903 1489 3957 inter-

236 3976 358 4029 retatum
377 3991 437 4028 esse
456 3978 485 4027 et
501 3972 640 4042 Ἐφύρους
654 3973 802 4027 Thessalos
822 3990 926 4042 omnes,
945 3990 1001 4027 non
1019 3974 1125 4028 incolas
1145 3978 1239 4031 certae
1253 3974 1399 4028 cuiusdam
1413 3974 1490 4029 urbis

261 4045 395 4100 esselicae
414 4044 587 4099 intellexisse
606 4044 736 4112 equidem
755 4045 826 4100 duco
845 4077 881 4085 —
899 4050 941 4099 56.
966 4047 1039 4114 ἀμφὶ
1057 4043 1194 4114 Πηνειόν·
1219 4046 1284 4100 hinc
1303 4045 1441 4114 Larissae,
1460 4045 1488 4099 in

217 4115 484 4244 lidlimidpiroiieilaerir
494 4115 624 4256 fllldiilgldlisa
639 4115 861 4257 iiiiii’aliritmiin
873 4117 1490 4259 SetarldtlitiinsiesseBliriseicsi‘nhiulsiedtgrmliiiellrd

217 4263 293 4327 rsa),
313 4263 345 4314 ut
363 4258 491 4313 Dissenio
511 4256 680 4328 adstipulari
699 4275 796 4313 verear
814 4259 851 4313 ad
876 4259 1000 4329 patriam
1017 4231 1131 4314 victoris
1151 4260 1220 4314 haec
1234 4233 1325 4314 ⁸verba
1345 4259 1489 4325 relerenti;

218 4330 252 4386 de
270 4332 354 4386 choro
373 4331 525 4400 interprete
544 4329 699 4384 sententiae
718 4333 817 4400 poetae
836 4330 901 4385 vide
927 4328 1000 4384 Prol.
1020 4349 1100 4385 πονιτ.
1120 4363 1155 4372 -
1174 4336 1216 4388 57.
1241 4332 1290 4386 τὸν
1310 4329 1488 4385 Ἱπποκλέαν

218 4402 366 4458 articulum
384 4404 496 4471 praeter
510 4401 740 4455 consuetudinem
753 4401 860 4456 nomini
873 4402 985 4471 proprio
1000 4406 1084 4472 poeta
1098 4402 1217 4472 addidit,
1232 4406 1265 4457 ut
1278 4403 1370 4473 ipsum
1384 4401 1489 4472 Hippo-

218 4472 301 4542 clem,
320 4489 403 4542 quem
422 4473 479 4525 iam
498 4491 523 4526 v.
539 4488 551 4525 s
570 4472 693 4537 dixerat,
716 4473 797 4540 quasi
816 4472 906 4544 digito
925 4477 1146 4528 monstraret-
1165 4472 1206 4529 ἔτι
1225 4476 1273 4529 καὶ
1292 4478 1407 4544 μᾶλλον·
1431 4490 1488 4527 cer·

217 4545 326 4599 tamine
339 4545 426 4599 etiam
441 4542 590 4614 Olympico
609 4544 644 4596 ad
664 4542 805 4612 exemplar
823 4543 912 4614 patris
932 4545 1025 4599 subire
1043 4545 1227 4617 Hippocleam
1245 4544 1414 4599 meditatum
1429 4560 1489 4599 esse

218 4619 302 4685 poeta
320 4616 462 4686 significat
476 4648 509 4654 -
528 4620 569 4668 58.
591 4614 621 4668 ἔν
640 4615 688 4668 καλ
705 4615 881 4683 παλαιτέροις
899 4633 948 4685 pro
968 4617 1017 4669 καλ
1036 4616 1066 4670 έν
1085 4619 1132 4671 καὶ
1150 4619 1263 4672 παλολ.
1280 4617 1394 4671 0.ns1.
1411 4633 1489 4671 ruso

220 4717 249 4728 ·-
270 4694 312 4743 59.
335 4685 507 4755 παρθένοισι
530 4687 648 4756 μέλημα·
672 4685 802 4739 nimirum
821 4690 917 4757 gratus
936 4687 1037 4757 puellis
1057 4693 1100 4743 est
1118 4689 1226 4743 iuvenis
1246 4688 1377 4744 laudibus
1396 4693 1425 4742 et
1443 4705 1487 4742 co-

217 4759 291 4813 ronis
311 4765 425 4813 ornatus
446 4791 478 4800 -
498 4764 540 4814 60.
565 4755 709 4825 ὑπέκνιξε,
738 4757 858 4810 subditis
882 4756 1002 4812 stimulis
1026 4760 1096 4830 egit3
1123 4762 1156 4816 cs.
1176 4761 1277 4816 Herod.
1297 4780 1324 4815 ss
1344 4777 1370 4815 ce
1389 4761 1437 4816 τὸν
1457 4759 1487 4815 di

215 4825 359 4901 Ἀρίστωνα
379 4830 467 4896 ἔκνιζε
487 4831 543 4899 ἄρα
561 4837 609 4899 τῆς
627 4829 760 4897 γυναικὸς
777 4830 879 4900 ταύτης
897 4828 912 4883 ὀ
932 4828 1000 4899 ἔρως
1020 4863 1050 4871 -
