3442 5550
328 381 467 436 LXXVIII
835 383 1112 436 PROLEGOMENA.

327 543 463 628 κέλητα,
487 546 673 630 συνωρίδα,
696 545 844 609 πωλικὸν
866 542 1062 630 τέθριππον,
1085 545 1236 628 πωλικὴν
1258 544 1442 629 συνωρίδα,
1466 543 1615 607 πωλικὸν

329 650 460 735 κέλητα,
475 651 542 716 fere
556 657 740 737 temporum
755 651 900 716 ordinem
915 652 1070 736 sequitur,
1085 673 1148 735 quo
1164 652 1313 735 quodque
1327 656 1490 716 certamen
1505 648 1614 734 Olym·

328 760 400 844 piae
424 764 591 843 receptum
615 780 686 824 esse
706 782 804 844 supra
822 783 852 844 p.
867 776 953 822 nxxl
975 758 1130 842 vidimus,
1157 758 1220 822 nisi
1245 758 1331 844 quod
1355 757 1465 822 omnia
1488 757 1614 823 curulia

330 866 508 931 certamina
537 864 738 952 (τέθριππον
870 866 1018 931 πωλικὸν
1045 863 1178 950 κέλητα)
1206 865 1439 951 comprehensa
1467 869 1612 930 extremo

332 972 405 1038 loco
428 974 540 1059 posuit
563 978 596 1039 et
618 975 748 1039 παίδων
767 974 970 1059 παγκράτιον
989 995 1061 1038 cum
1085 972 1217 1056 reliquis
1242 972 1413 1058 generibus
1436 994 1613 1057 puerorum

331 1081 546 1146 certaminum
578 1080 754 1146 coniunxit.
810 1080 1014 1164 Quamquam
1047 1081 1074 1145 si
1111 1079 1187 1144 licet
1218 1078 1362 1143 divinme
1395 1084 1428 1144 et
1465 1079 1612 1144 ordinem

331 1187 599 1274 chronologicum
629 1187 864 1253 recentioribus
895 1188 1097 1273 temporibus
1129 1186 1233 1272 magis
1265 1191 1430 1251 servatum
1462 1208 1533 1251 esse
1562 1209 1609 1250 su·

331 1295 463 1379 spicari,
495 1318 535 1360 ex
566 1295 623 1359 illa
653 1295 766 1360 tabula
794 1295 878 1361 hanc
911 1294 1176 1360 distributionem
1206 1293 1419 1359 certaminum
1454 1293 1614 1378 expiscari

329 1402 465 1486 poteris:

417 1509 522 1594 primo
547 1509 611 1574 die:
635 1509 810 1595 είσιτήρια·

418 1616 558 1682 secundo
582 1615 647 1680 die:
671 1615 818 1700 στάδιον,
843 1616 993 1700 δίαυλος,
1012 1613 1181 1700 Ἑλλήνων
1205 1616 1347 1700 δόλιχος,
1366 1613 1535 1699 Ῥωμαίων
1559 1617 1615 1681 δό-

330 1727 431 1807 λιχος,
456 1722 657 1805 πένταθλον,
680 1722 776 1807 πάλη,
799 1721 873 1806 πύξ,
895 1723 1110 1809 παγκράτιον,

419 1830 517 1895 tertio
541 1829 638 1917 die¹):
668 1832 799 1895 παίδων
821 1831 969 1915 στάδιον,
999 1832 1129 1896 παίδων
1151 1831 1254 1914 πάλη,
1281 1831 1411 1896 παίδων
1433 1831 1512 1913 πύξ,
1540 1833 1615 1895 παί·

330 1938 400 2002 δων
422 1937 637 2023 παγκράτιον,

419 2049 535 2129 quarto
556 2044 619 2108 die:
639 2043 774 2127 ὁπλίτης
794 2046 927 2129 δρόμος,
945 2048 1128 2133 τεθρίππῳ,
1147 2044 1267 2129 κέλητι,
1286 2046 1459 2131 συνωρίδι,
1477 2050 1612 2132 πωλικῷ

329 2155 512 2239 τεθρίππῳ,
535 2157 661 2237 πωλικῇ
685 2153 858 2237 συνωρίδι,
881 2157 1014 2240 πωλικῷ
1038 2152 1162 2236 κέλητι·

418 2257 532 2343 quinto
560 2258 625 2323 die:
657 2270 799 2343 πομπεῖα
832 2270 899 2323 τῶν
924 2248 1146 2353 νικησάντων,
1178 2261 1273 2342 κοινὴ
1302 2259 1429 2342 πομπή,
1458 2255 1612 2334 ἑστίασις.

330 2363 453 2439 Quodsi
481 2365 648 2450 catalogus
677 2366 838 2431 victorum
866 2364 914 2430 01.
934 2347 1079 2430 cnxrtn
1107 2387 1172 2430 non
1200 2366 1296 2430 modo
1324 2369 1508 2450 temporum
1532 2364 1615 2429 ordi·

329 2492 416 2555 nem,
445 2494 509 2556 quo
533 2472 662 2558 singula
685 2473 863 2538 certamina
887 2478 1019 2558 recepta
1043 2477 1131 2557 aunt,
1160 2472 1318 2558 sequitur,
1347 2473 1402 2537 sed
1426 2471 1526 2537 etiam
1550 2493 1616 2536 cer·

330 2578 490 2643 taminum
519 2578 677 2658 ordinem,
709 2601 773 2664 quo
802 2603 839 2644 ea
871 2585 941 2645 tum
970 2579 1127 2665 temporis
1159 2602 1229 2645 sese
1259 2579 1476 2665 excipiebant,
1507 2583 1615 2644 aetate

330 2684 462 2750 Pindari
485 2690 518 2750 et
541 2685 767 2770 Xenophontis
791 2691 824 2751 et
847 2709 973 2771 eorum,
1001 2709 1018 2750 e
1042 2686 1160 2771 quibus
1184 2686 1362 2752 Pausanias
1387 2687 1519 2771 pendet,
1547 2708 1616 2751 mu·

330 2791 488 2856 tationem
525 2792 657 2878 genuini
695 2792 818 2857 ordinis
850 2792 984 2878 factam,
1020 2796 1134 2878 postea
1167 2797 1276 2859 autem
1308 2815 1420 2858 rursus
1453 2792 1614 2858 abiectam

330 2920 400 2963 esse
424 2898 519 2963 nobis
544 2899 752 2964 statuendum
776 2903 835 2964 est.
872 2898 1066 2964 Mutationis
1091 2904 1200 2965 autem
1222 2899 1311 2965 illius
1333 2923 1461 2965 summa
1479 2922 1518 2965 aa
1535 2903 1616 2984 erat,

330 3011 367 3070 ut
391 3006 605 3072 certaminum
628 3028 747 3093 genera
771 3006 963 3091 composita,
986 3006 1227 3091 quinquertium
1246 3011 1279 3071 et
1302 3008 1516 3092 pancratium,
1538 3012 1615 3092 post
1695 3062 1699 3071 ,

331 3114 491 3199 simplicia
505 3114 691 3198 certamina,
710 3137 841 3179 cursum
855 3114 977 3180 luctam
991 3114 1185 3200 pugilatum,
1205 3115 1320 3178 fierent
1334 3115 1550 3199 ultimumque
1569 3113 1614 3178 lo·

329 3243 403 3285 eum
418 3219 648 3308 sortirentur.¹)
676 3221 913 3286 Panathenaeis
928 3225 1037 3286 antem
1053 3226 1095 3307 et,
1110 3221 1137 3286 si
1152 3243 1191 3286 ex
1205 3244 1270 3286 uno
1286 3222 1433 3307 exemplo
1446 3221 1484 3288 de
1497 3221 1613 3287 ceteris

328 3327 518 3393 concludere
546 3327 636 3412 licet,
665 3328 815 3393 omnibus
842 3328 876 3392 in
899 3328 984 3393 ludis
1009 3326 1190 3392 minoribus
1214 3329 1396 3413 exemplum
1419 3333 1453 3393 et
1476 3328 1614 3393 auctori-

328 3437 431 3498 tatem
454 3434 605 3499 ludorum
625 3432 868 3519 Olympicorum
887 3434 922 3498 in
941 3434 1052 3527 ordine
1076 3435 1290 3501 certaminum
1314 3433 1488 3521 digerendo
1510 3434 1634 3525 secuti

328 3545 413 3605 sunt.
458 3539 508 3605 Ad
532 3545 734 3625 postremum
761 3542 852 3607 brevi
874 3541 989 3626 refero,
1013 3564 1076 3625 quo
1099 3546 1196 3627 pacto
1219 3542 1395 3609 Holwerda
1414 3529 1513 3607 'Arch
1533 3540 1613 3608 Zeit.
1642 3545 1652 3558 '

330 3649 416 3713 1880
434 3671 464 3733 p.
475 3649 548 3733 171,
567 3670 640 3714 cum
655 3648 764 3714 locum
778 3649 873 3714 Paua.
885 3667 906 3712 v
921 3650 952 3734 o,
967 3651 987 3714 3
1005 3649 1100 3713 aliter
1117 3649 1336 3734 supplevisset
1352 3653 1385 3713 et
1400 3647 1614 3714 Plutarchum

418 3917 444 3983 1)
463 3913 608 3967 Plutarchi
631 3917 726 3969 aetate
749 3931 899 3985 puerorum
922 3914 1078 3968 certamina
1097 3917 1164 3970 ante
1183 3915 1307 3969 virorum
1325 3914 1412 3971 fuisse
1436 3878 1556 3986 apparet
1579 3930 1613 3971 ex

328 3984 442 4050 Quaest.
462 3991 666 4053 conv.115,1:
692 3985 820 4041 ἐνταῦθα
843 3985 874 4040 δὲ
897 3985 967 4054 παρ’
990 3985 1054 4055 ἡμῖν
1079 3984 1233 4056 (Ἀθήνησι)
1258 3985 1329 4041 καθ’
1350 3984 1469 4042 ἕκαστον
1495 3987 1612 4057 ἄθλημα

328 4058 394 4119 τούς
421 4055 641 4126 ἀγωνιζομένους
669 4056 828 4128 εἰσάγουσιν
861 4057 907 4111 ἐπὶ
937 4059 1017 4112 παισί
1045 4063 1211 4121 παλαισταῖς
1239 4057 1346 4125 ἄνδρας
1377 4058 1533 4122 παλαιστὰς
1564 4059 1614 4112 καί

327 4128 434 4191 πάντας
457 4127 503 4181 ἐπὶ
526 4128 656 4197 πύκταις,
686 4127 787 4199 δμοίως
810 4130 858 4183 καὶ
881 4131 1121 4199 παγκρατιαστάς·
1146 4130 1203 4183 ἐκεῖ
1227 4128 1257 4184 δὲ
1282 4127 1469 4200 (Ὀλυμπίασι)
1492 4129 1562 4184 ὅταν
1586 4127 1616 4185 ot
1706 4131 1711 4141 '

328 4201 429 4262 παῖδες
447 4201 495 4253 δια
514 4198 682 4267 ωνίσωνται,
706 4198 768 4254 τότε
786 4202 851 4263 τούς
870 4200 977 4268 ἄνδρας
996 4204 1119 4255 καλοῦσι,
1158 4203 1251 4270 Atque
1270 4200 1453 4256 Plutarchum
1471 4218 1538 4255 vera
1556 4204 1612 4256 rat

327 4270 430 4395 ttulisse
448 4221 544 4396 nqllus
563 4271 693 4340 equidem
713 4272 820 4340 dubito,
840 4271 889 4325 aed
907 4270 1002 4341 potuit
1017 4272 1085 4325 ordo
1104 4289 1254 4342 puerorum
1267 4273 1452 4327 certaminum
1466 4272 1540 4326 alius
1555 4271 1612 4326 alio

341 4359 385 4396 ern
406 4358 453 4396 ore
492 4358 539 4396 err.

386 4361 443 4482 pt)
458 4413 594 4468 Similiter
608 4413 638 4467 in
651 4415 852 4468 certaminibus
863 4431 958 4468 cursus
970 4413 1011 4467 Ol.
1022 4432 1129 4467 ccxxvn
1140 4415 1176 4468 ad
1192 4414 1345 4485 genuinum
1360 4420 1390 4471 et
1403 4414 1526 4486 priscum
1536 4414 1611 4467 ordi-

329 4501 392 4539 nem
401 4484 545 4538 radicrunt
553 4484 597 4539 vel
604 4485 755 4554 redierant,
766 4491 798 4539 ut
806 4487 899 4540 stadio
909 4491 938 4540 et
948 4485 1043 4539 diaulo
1053 4490 1120 4539 ante
1131 4486 1273 4539 dolichum
1284 4489 1437 4554 certarent,
1448 4503 1514 4541 nam
1524 4489 1611 4539 antea

328 4556 470 4625 quondam
486 4555 642 4626 Olympiae,
656 4559 688 4609 ut
704 4557 820 4611 Athenis
836 4562 872 4625 (ι.
888 4575 973 4628 supra
986 4576 1013 4626 p.
1024 4560 1111 4626 nxxn)
1124 4557 1245 4627 primum
1259 4557 1380 4626 dolicho,
1400 4558 1502 4612 deinde
1517 4556 1610 4609 stadio

328 4631 357 4682 et
371 4627 467 4681 diaulo
486 4630 625 4681 certatum
643 4645 704 4682 esse
725 4629 806 4683 docet
824 4628 905 4685 Pauo.
918 4648 945 4682 vr
960 4634 1002 4697 13,
1018 4635 1046 4683 3:
1071 4629 1128 4682 ἀπὸ
1147 4629 1201 4698 γὰρ
1218 4636 1268 4682 τοῦ
1288 4627 1421 4698 μηκίστου
1437 4630 1485 4682 κοιλ
1499 4629 1611 4694 διαρκε-

327 4698 429 4754 στάτου
453 4696 492 4752 δι’
514 4697 652 4768 ὀλιγίστου
678 4700 713 4767 δὴ
737 4709 837 4768 καιροῦ
863 4697 1061 4770 μεθηρμόσατο
1087 4699 1132 4752 ἐπὶ
1156 4700 1188 4752 τὸ
1211 4701 1388 4772 βραχύτατον
1412 4701 1459 4754 καλ
1484 4698 1612 4763 ὤκιστον,

327 4773 374 4824 καλ
398 4772 510 4840 δολίχου
533 4789 562 4824 τε
586 4769 616 4824 ἐν
639 4770 728 4844 ἡμέρᾳ
752 4780 785 4841 τῇ
809 4772 880 4843 αὐτῇ
903 4774 951 4826 καλ
974 4768 1135 4840 παραυτίκα
1160 4770 1276 4825 σταδίου
1296 4774 1388 4844 λαβὼν
1408 4769 1490 4839 νίκην
1509 4767 1610 4836 προσί-

328 4846 400 4914 onus
421 4842 537 4897 διαύλου
556 4841 634 4912 σφίσι
653 4843 704 4913 τὴν
722 4845 826 4914 τρίτην.
