3442 5550
771 352 920 402 PlNDARI
938 351 1104 403 EPINICIA.

516 514 623 596 Ζηνὸς
646 512 775 596 τέχναις
798 512 967 578 ἀνάπωτιν
990 513 1147 597 ἐξαίφνας

515 622 637 685 ἀντλον
661 618 755 685 ἑλεῖν.
801 624 922 685 κείνων
945 620 974 684 δ’
1002 623 1103 685 ἔσσαν

513 728 732 811 χαλκάσπιδες
753 726 906 812 ὑμέτεροι
929 730 1104 813 πρόγονοι,

455 853 465 879 ³
515 834 663 917 ἀρχᾶθεν
681 832 915 911 Ἰαπετιονίδος
938 834 1065 918 φύτλας

513 949 630 1025 κοῦροι
652 949 756 1025 κορᾶν
778 937 833 1004 καὶ
856 940 1028 1025 φερτάτων
1051 942 1237 1024 Κρονιδᾶν,

559 1047 711 1130 ἐγχώριοι
735 1050 888 1130 βασιλῆες
911 1048 989 1111 αἰεί·

513 1223 593 1309 πρὶν
611 1224 787 1309 Ὀλύμπιος
810 1219 941 1309 ἁγεμὼν
1235 1231 1316 1309 Στρ.
1340 1225 1382 1307 γ’.
1420 1240 1454 1289 85

489 1330 653 1417 θύγατρ’
682 1331 745 1396 ἀπὸ
769 1341 829 1413 γᾶς
849 1330 952 1395 Ἐπει-

558 1450 606 1503 ῶν
625 1438 797 1524 Ὀπρεντος
820 1437 1026 1523 ἀναρπάσαις
1048 1437 1163 1516 ἕκαλος

513 1549 617 1630 μίχθη
641 1547 884 1610 Μαιναλίαισιν
908 1544 945 1610 έν
967 1547 1093 1630 δειραῖς
1115 1544 1170 1609 καὶ
1194 1548 1318 1610 ἔνεικεν

517 1659 650 1740 Λοκρῷ,
673 1655 717 1737 μὴ
741 1651 879 1717 καθέλοι
901 1677 957 1717 νιν
979 1653 1064 1717 αἰὼν
1086 1654 1213 1737 πότμον
1237 1652 1380 1736 ἐφάψαις
1421 1670 1455 1716 90

513 1760 664 1844 ὀρφανὸν
688 1769 809 1842 γενεᾶς.
856 1763 928 1843 ἔχεν
952 1757 987 1824 δὲ
1011 1759 1139 1844 σπέρμα
1161 1758 1318 1844 μέγιστον

513 1869 645 1950 ἀλοχος,
669 1866 846 1952 εὐφράνθη
871 1854 904 1930 τε
927 1868 1032 1931 ἀιδὼν
1055 1867 1143 1949 ἥρως
1168 1868 1269 1932 θετὸν
1292 1868 1383 1949 υἱόν,
1421 1883 1455 1931 9ῠ

513 1975 664 2058 μάτρωος
687 1972 716 2036 δ’
745 1972 899 2039 ἐκάλεσσέ
920 1998 975 2037 νιν

515 2082 684 2164 ἰσώνυμον
707 2083 821 2164 ἔμμεν,

453 2206 464 2231 f
512 2186 705 2271 ὑπέρφατον
728 2188 835 2272 ἀνδρα
858 2197 996 2273 μορ-φᾷ
1019 2210 1053 2251 τε
1076 2185 1130 2250 καὶ

514 2296 651 2376 ἔργοισι·
675 2295 788 2357 πόλιν·
812 2292 842 2357 δ’
870 2295 1001 2358 ὤπασεν
1025 2296 1106 2357 λαόν
1130 2316 1162 2357 τε
1187 2294 1327 2358 διαιτᾶν.
1405 2310 1455 2358 100

513 2471 674 2555 ἀφίκοντο
698 2470 738 2535 δέ
758 2477 812 2536 ἀοι
836 2471 921 2549 ξένοι
1245 2470 1328 2536 Ἀντ.
1353 2472 1398 2554 γ’.

514 2582 549 2644 ἔκ
572 2577 601 2642 τ’
617 2577 756 2664 ’Ἁργεος
780 2582 814 2643 ἔτι
837 2603 871 2643 τε
897 2584 962 2661 Θη-

557 2690 636 2770 βᾶν,
660 2687 695 2750 οἱ
716 2684 748 2749 δ’
772 2685 938 2771 Ἀρκάδες,
962 2687 998 2750 οἱ
1018 2682 1053 2751 δὲ
1077 2684 1132 2749 καὶ
1157 2690 1315 2749 Πισᾶται·

373 2885 414 2934 52.
439 2878 586 2934 ἀνάπωτιν
605 2879 704 2934 Trici:
729 2878 856 2948 ἄμπωτιν
874 2879 996 2935 ABOD
1015 2911 1046 2918 -
1073 2884 1113 2933 53.
1139 2875 1277 2932 κάκείνων
1296 2880 1323 2932 Α
1343 2909 1375 2918 ·-·
1397 2878 1480 2933 ἔσταν
1499 2880 1583 2952 Epa:

301 2950 368 3005 ἔσαν
387 2950 520 3017 ABOD,
545 2950 580 3019 δὴ
602 2949 667 3004 ’σαν
689 2950 783 3020 Bergk
807 2983 839 2990 -
865 2956 905 3005 65.
933 2951 1121 3013 λαπετιονιδος
1145 2950 1184 3004 E:
1209 2947 1405 3013 έαπετεονίδος
1428 2952 1524 3017 (-ιδεις
1542 2951 1582 3018 D)

301 3023 423 3077 ABOD
449 3055 482 3062 -
509 3028 551 3077 66.
578 3031 667 3089 κορᾶν
694 3023 778 3093 Βχτ.ε
806 3032 913 3089 κουρᾶν
940 3022 1075 3090 ABGD,
1103 3019 1195 3089 κόρων
1223 3021 1293 3074 coni.
1318 3021 1442 3075 Jurenka
1471 3052 1504 3062 -
1534 3024 1583 3076 καλ

300 3093 436 3149 ΑΒΟΙλε
466 3113 495 3148 τε
519 3093 624 3147 Mosch.
649 3125 684 3133 -
707 3092 853 3162 φερτάτων
876 3093 970 3149 codd:
999 3092 1138 3162 φερτάτου
1162 3092 1233 3146 coni.
1254 3092 1364 3146 Homan
1384 3124 1417 3135 -
1437 3095 1583 3160 Κρονιδᾶν

302 3165 381 3219 codd.
402 3169 431 3218 et
454 3165 553 3220 schol:
575 3164 701 3235 Λελέγων
726 3164 796 3219 coni.
820 3165 962 3218 Hermann
988 3181 1082 3234 opusc.
1097 3182 1145 3216 vui
1166 3181 1204 3216 ιιι
1231 3195 1263 3203 -
1290 3170 1332 3218 58.
1359 3163 1497 3233 θυγατέρ’
1518 3165 1581 3229 Ae,

300 3236 352 3291 τὰν
365 3235 446 3290 παῖδ’
463 3235 546 3291 Trici.
564 3268 596 3276 —-
612 3236 677 3303 ἁρπ,
693 3236 720 3289 Α
735 3267 770 3274 -
785 3241 826 3290 60.
843 3233 991 3306 καθέλοιμι
1005 3234 1199 3289 αλ1ωιιιιιοίιι
1210 3236 1236 3288 A
1253 3267 1284 3274 -
1301 3240 1342 3287 61.
1360 3232 1439 3306 ἔσχεν
1454 3235 1528 3305 (ἔσχε
1542 3236 1584 3307 1))

302 3309 358 3362 (31)
376 3340 409 3347 —
429 3313 471 3362 65.
492 3307 654 3376 ὑπέρφατον
673 3308 700 3360 Α
720 3339 753 3346 -
774 3311 815 3361 68.
836 3308 883 3360 καὶ
902 3323 955 3361 orn.
975 3307 1005 3360 D
1024 3339 1056 3347 -

372 3454 413 3502 53.
430 3446 541 3502 κείνων·
559 3449 594 3502 ab
610 3448 666 3501 illis
681 3448 801 3515 oriundi,
816 3449 949 3502 nimimm
961 3467 979 3502 a
993 3448 1163 3503 Deucalione
1179 3453 1207 3502 et
1221 3449 1329 3517 Pyrrha
1343 3481 1378 3489 —-
1392 3454 1435 3502 55.
1448 3446 1582 3504 Ἰαπετιο-

301 3517 379 3582 νίδος
388 3520 493 3588 φύτλας
503 3518 642 3600 coniunge
651 3536 713 3573 cum
724 3528 825 3588 κορᾶν·
836 3520 926 3590 Iapeti
937 3520 1010 3574 anim
1021 3519 1094 3573 filius
1103 3520 1285 3574 Prometheus
1296 3524 1358 3574 erat
1368 3526 1404 3588 (v.
1413 3521 1477 3574 Hes.
1485 3520 1582 3591 theog.

300 3597 360 3660 stol,
379 3608 412 3645 ex
429 3608 485 3660 quo
499 3591 698 3645 Deucalionem
716 3595 883 3662 prognatum
901 3608 960 3646 esse
978 3591 1164 3661 Apollodorus
1179 3611 1188 3643 1
1202 3609 1228 3646 αι
1243 3593 1336 3659 refert,
1352 3609 1386 3646 ex
1399 3590 1476 3646 hoei
1497 3607 1537 3660 so,
1553 3591 1583 3646 ni
1604 3649 1607 3654 ,

301 3662 393 3728 fallor,
411 3663 472 3717 loeo
490 3661 633 3744 profectus
651 3695 686 3703 —
706 3670 747 3718 66.
768 3672 856 3730 κορᾶν
876 3664 923 3716 καλ
943 3661 1088 3732 φερτάτων
1108 3666 1264 3732 Κρονιδᾶν·
1286 3662 1440 3717 scholiasta
1458 3609 1584 3733 pfuralee

300 3752 351 3803 pro
367 3734 557 3805 singularibus
573 3738 721 3803 usurpatos
741 3751 801 3789 esse
821 3734 911 3797 ducit;
932 3752 1027 3788 verum
1041 3751 1096 3788 non
1112 3734 1202 3788 solum
1217 3734 1335 3788 Locrum
1350 3733 1470 3804 primum
1485 3749 1503 3787 a
1517 3734 1584 3789 Iove

301 3823 334 3860 er
354 3805 532 3875 Protogenia,
550 3805 729 3859 Deucalionis
745 3805 812 3873 iilia,
828 3810 920 3859 saturn
935 3822 995 3859 esse
1009 3808 1094 3874 poeta
1109 3805 1186 3872 dicit,
1202 3807 1251 3860 sed
1266 3822 1363 3860 omnes
1377 3822 1457 3886 reges
1471 3808 1582 3859 veteres

300 3877 450 3931 Locrorum
469 3894 486 3930 a
506 3875 561 3930 diis
580 3880 609 3931 et
627 3877 749 3930 hercinia
773 3895 805 3930 ex
830 3877 917 3947 stirpe
942 3876 1032 3946 Iapeti
1056 3877 1192 3947 originem
1211 3876 1331 3931 traxisse
1351 3876 1505 3947 sigmfieat,
1524 3893 1583 3944 qua

301 3947 330 4001 in
350 3966 379 4002 re
399 3947 470 4001 illud
490 3965 601 4016 quoque
627 3948 778 4002 tenendum
804 3951 862 4016 est,
889 3948 964 4016 quod
990 3947 1095 4002 Locrae
1120 3952 1218 4017 gentes
1238 3947 1347 4002 nobiles
1367 3965 1385 4001 a
1403 3950 1506 4015 matre,
1526 3964 1584 4001 non

299 4021 381 4089 patre
401 4018 582 4073 nobilitatem
602 4018 719 4107 originis
738 4018 914 4085 derivarunt,
933 4038 958 4072 v.
975 4018 1011 4072 ad
1031 4020 1060 4072 P.
1077 4038 1097 4071 11
1112 4036 1137 4074 ro
1152 4052 1185 4059 -
1205 4025 1248 4073 56.
1266 4017 1333 4087 πρίν
1352 4018 1425 4073 refer
1443 4017 1478 4072 ad
1500 4017 1582 4089 ἐγχώ-

302 4109 356 4158 ριοι
376 4109 400 4144 v.
416 4107 442 4145 aa
462 4123 496 4130 -
516 4096 557 4144 57.
584 4089 715 4160 tvyoerp'.
754 4090 779 4143 ei
806 4107 906 4145 nomen
930 4089 1116 4160 Protogeniae
1140 4090 1227 4144 fuisse
1252 4089 1360 4144 scholia
1383 4090 1419 4143 ad
1440 4108 1464 4144 r.
1480 4106 1507 4145 aa
1525 4094 1582 4145 tra·

301 4162 380 4229 dunt,
396 4160 469 4215 unde
484 4161 621 4216 maiorem
635 4164 664 4215 et
678 4161 813 4215 minorem
827 4161 1025 4231 Protogeniam
1040 4161 1197 4216 Boeclrhius
1213 4161 1354 4219 distinxit:
1370 4165 1401 4214 at
1415 4160 1583 4216 Aristoteles'

301 4232 398 4300 (schol.
419 4233 464 4286 ad.
485 4252 508 4286 v.
529 4250 555 4286 aa
583 4236 612 4286 et
639 4232 714 4288 Plut.
739 4236 846 4301 quaest.
867 4233 963 4287 Graec.
985 4236 1020 4291 rol
1049 4232 1203 4301 Cambysae
1232 4249 1333 4288 nomen
1362 4233 1388 4286 ei
1416 4231 1523 4287 indidit
1548 4265 1584 4274 -

302 4309 343 4357 58.
362 4302 482 4357 Ἐπειῶν
499 4301 656 4366 Ὀπόεντος·
677 4304 711 4358 de
730 4303 821 4357 Elidis
840 4304 943 4374 oppido
964 4304 1073 4373 Opunte
1089 4323 1113 4358 v.
1130 4304 1220 4358 Strab.
1237 4324 1264 4357 rx
1282 4324 1308 4374 p.
1323 4320 1371 4372 ιιι,
1391 4303 1472 4358 Diod.
1488 4323 1534 4357 xrv
1551 4321 1584 4371 rr,

302 4375 398 4445 Stepb.
419 4375 484 4443 Byz.
505 4394 525 4426 s.
546 4393 570 4427 v.
589 4372 703 4437 Ὀπόεις.
741 4376 879 4429 Fabulam
904 4376 977 4429 hanc
1001 4393 1064 4428 cum
1089 4378 1183 4429 vetere
1202 4375 1368 4429 commercio
1387 4375 1462 4430 inter
1479 4375 1582 4431 Locros

302 4445 440 4517 Opuntios
460 4452 489 4499 ct
508 4444 617 4499 Elidem
637 4446 785 4500 cohaerere
804 4447 887 4500 docet
905 4446 1053 4514 Luebbert,
1076 4445 1116 4501 De
1137 4446 1257 4500 Pindaro
1277 4448 1427 4501 Locrorum
1446 4446 1582 4517 Opuntio-

301 4536 362 4572 rum
382 4516 473 4572 amieo
492 4518 522 4569 et
539 4520 657 4585 patrono
672 4535 698 4586 p.
716 4535 752 4582 ¹¹3
773 4517 973 4572 ct'.Prol.cxv1
993 4550 1025 4557 -
1048 4523 1090 4572 63.
1110 4517 1247 4587 μάτρωος,
1268 4517 1396 4588 Opuntia,
1416 4517 1465 4586 qui
1484 4517 1583 4572 matds

339 4593 382 4644 ter
407 4591 482 4655 erat,
508 4603 599 4656 neque
625 4587 700 4641 euim
726 4588 827 4642 fratres
853 4588 951 4642 matris
978 4587 1044 4656 soli,
1071 4589 1119 4642 sed
1140 4589 1226 4642 ctiam
1246 4589 1330 4643 ceteri
1351 4590 1410 4643 eius
1430 4588 1583 4661 cognatis

315 4661 433 4730 induro,
453 4663 485 4712 ut
503 4660 539 4713 ab
558 4658 687 4727 Homero,
707 4660 832 4729 μάτρωες
851 4659 1031 4743 appellantur
1048 4691 1083 4699 -
1103 4665 1145 4712 67.
1165 4677 1299 4714 concursu
1317 4661 1460 4730 hospitum
1475 4677 1508 4715 ex
1524 4678 1581 4715 om-

302 4731 386 4787 uibus
405 4730 567 4802 regionibus
587 4731 728 4800 Opuntem
747 4732 947 4786 confluentum
970 4730 1089 4802 gloriam
1113 4731 1187 4801 regis
1208 4731 1326 4800 Opuntia
1347 4731 1479 4787 similiter
1496 4735 1583 4802 poeta

300 4801 426 4857 illustrat
445 4807 530 4870 atque
549 4803 635 4858 Aeaci
656 4802 729 4873 regis
748 4803 875 4873 Aeginae
894 4803 1032 4857 N.v11111
1054 4835 1086 4841 -
