3442 5550
217 376 282 440 326
688 378 836 429 Pinnem
855 378 1021 431 semrom.

219 546 290 605 olim
314 548 435 605 coactus
458 544 519 604 fuit
542 538 583 625 (v.
603 536 661 626 35),
686 544 723 603 ad
742 544 846 602 turbas
865 544 975 622 civiles,
999 564 1076 621 quac
1094 544 1173 603 bella
1192 545 1311 605 Persica
1329 546 1499 622 sequeban-

217 638 277 712 tur,
302 635 454 694 commode
477 634 582 693 referri
600 638 733 711 possunt.
770 633 907 710 Denique
926 634 998 693 haec
1016 636 1152 710 tempora
1169 634 1243 694 bene
1262 654 1330 695 cum
1350 656 1394 709 eo,
1415 636 1500 711 quod

217 724 281 783 Ceii
295 724 460 782 Pindarum
475 723 650 782 Thebanum
670 724 706 782 ad
725 742 869 799 paeonem
888 723 1079 801 pangendum
1098 724 1272 783 conduxisse
1292 724 1322 782 in
1342 725 1497 800 prooemio

220 813 371 891 dicuntur,
386 813 566 889 conspirant.
596 812 667 872 Iade
682 814 761 872 enim
776 812 873 871 nescio
892 832 929 870 an
950 812 1089 890 colligere
1108 813 1205 891 liceat,
1224 817 1293 889 post
1312 813 1496 872 Simonidem

218 902 322 962 Caium
351 905 504 962 mortuum
532 894 573 981 (a.
598 894 677 983 468)
705 901 761 960 hoc
785 921 901 960 carmen
926 901 1071 978 scriptum
1094 921 1165 961 esse.
1211 903 1321 962 (feretra
1345 923 1363 962 a
1386 902 1496 962 iuvene

219 992 347 1051 Pindaro
371 992 401 1050 id
425 992 540 1050 factum
564 1010 626 1050 esse
650 991 814 1050 arbitratus
834 993 879 1049 est
899 990 989 1066 Leop.
1010 990 1128 1050 Schmid
1147 992 1232 1050 Pind.
1252 992 1321 1051 Leb.
1341 1014 1369 1068 p.
1388 1004 1442 1051 423
1458 1011 1495 1052 se.

309 1081 343 1139 ln
373 1080 525 1157 prooemio
555 1083 645 1157 poeta
674 1099 818 1156 paeancm
842 1079 920 1138 Ueiis
950 1080 1120 1138 faciendum
1144 1101 1173 1140 se
1202 1082 1232 1139 in
1261 1082 1344 1139 aliud
1375 1086 1495 1159 tempus

219 1170 385 1229 dilaturum
408 1170 459 1246 ait,
483 1171 519 1226 ut
543 1173 631 1228 antea
656 1169 783 1245 patriam
805 1188 899 1246 suam,
919 1189 995 1246 quac
1015 1189 1065 1227 sex
1084 1170 1224 1229 victorias
1242 1170 1376 1229 Isthmiis
1394 1190 1495 1246 repor-

221 1260 338 1337 taverit,
362 1261 393 1317 et
416 1258 602 1318 Herodotum
621 1259 724 1336 civem,
744 1258 795 1334 qui
816 1259 877 1335 ipse
896 1258 1028 1317 habenas
1046 1278 1191 1335 equorum
1212 1260 1241 1317 in
1262 1260 1313 1319 illo
1333 1261 1496 1319 certamine

218 1348 340 1424 rexerit,
369 1348 480 1424 hymno
511 1348 642 1423 equestri
676 1348 707 1405 in
738 1346 859 1405 modum
887 1347 962 1406 lolai
991 1351 1021 1406 et
1049 1348 1180 1407 Pollucis
1209 1349 1339 1407 illustret
1367 1341 1494 1429 (1-16).

218 1443 280 1496 Iam
304 1437 424 1496 fabulae
447 1436 510 1496 vice
534 1438 704 1515 funguntur
727 1436 830 1495 laudes
855 1434 974 1496 illorum
998 1438 1134 1514 heroum,
1164 1437 1216 1513 qui
1240 1438 1345 1513 optimi
1369 1439 1494 1516 aurigae

218 1526 332 1587 suerint
350 1529 381 1585 et
399 1528 553 1602 praeterea
572 1527 669 1585 multa
687 1525 820 1602 praemia
840 1544 929 1584 cursu
948 1525 1047 1586 iaculo
1067 1526 1147 1585 disco
1167 1527 1330 1586 meruerint
1348 1518 1376 1608 (1
1384 1520 1494 1607 7-31).

218 1617 291 1677 Post
308 1616 397 1675 breve
416 1616 472 1674 hoc
490 1615 680 1691 praeconium
698 1615 822 1673 heroum
837 1615 875 1673 ad
889 1619 1059 1691 praesentes
1073 1635 1120 1675 res
1134 1616 1269 1692 relapsus
1283 1616 1493 1693 Asopodorum

218 1705 363 1765 Herodoti
387 1708 503 1781 patrem
526 1704 760 1764 illustrissimum
784 1707 887 1762 narrat
909 1707 978 1779 post
999 1705 1146 1764 horrenda
1170 1706 1329 1784 naufragia
1352 1705 1494 1765 Thebana

219 1795 249 1854 in
273 1797 399 1871 paterna
422 1813 493 1852 rura
513 1792 709 1853 Orchomenia
728 1812 758 1853 sc
777 1793 930 1870 recepisse,
954 1793 1005 1853 sed
1028 1793 1089 1852 iam
1112 1794 1239 1870 pristina
1262 1796 1386 1854 fortuna
1408 1795 1493 1855 resti·

220 1886 288 1943 tuta
302 1884 398 1941 filium
412 1884 475 1943 eius
490 1883 675 1959 equestrium
689 1883 886 1942 certaminum
900 1883 1013 1961 gloriae
1028 1885 1231 1959 potiusquam
1245 1884 1288 1942 rei
1302 1885 1493 1959 pecuniariae

219 1972 360 2050 quaestui
388 1992 508 2048 operam
536 1972 718 2048 impendere,
746 1972 824 2030 unde
852 1972 977 2050 dignum
1005 1991 1073 2030 eum
1097 1992 1172 2049 esse,
1196 1993 1284 2049 quem
1307 1976 1416 2049 poetae
1440 1993 1494 2033 suo

220 2082 341 2122 munere
365 2066 472 2121 ornent
494 2052 638 2141 (aa-51).
680 2061 756 2119 Exin
781 2061 879 2120 varias
902 2061 1044 2120 victorias
1067 2061 1212 2121 Herodoti
1235 2066 1400 2139 enumerat,
1424 2084 1494 2122 eun

220 2152 345 2228 demque
365 2151 456 2210 etiam
475 2150 616 2226 Pythiam
635 2153 666 2209 et
685 2148 856 2227 Olympiam
875 2169 998 2210 coronas
1017 2154 1157 2226 appetere
1176 2150 1327 2229 significat
1345 2144 1494 2233 (sa-67);

222 2242 260 2300 ad
278 2244 462 2317 postremum
480 2240 579 2299 virum
599 2243 762 2317 strenuum,
777 2239 831 2316 qui
850 2240 886 2298 ad
905 2240 1010 2298 laudes
1028 2240 1222 2299 victoriarum
1237 2240 1357 2319 aspiret,
1373 2241 1444 2301 licet
1457 2242 1494 2299 ab

220 2329 337 2408 ignavis
360 2328 474 2388 civibus
497 2329 744 2406 reprehendatur,
767 2330 864 2388 solum
888 2332 988 2387 tamen
1011 2329 1108 2388 famae
1132 2329 1318 2406 posteritatis
1341 2331 1495 2390 consulere

219 2418 379 2495 praedicat.

309 2506 457 2566 Thebanis
481 2505 596 2565 civibus
619 2510 737 2582 praeter
760 2508 814 2567 hoc
838 2527 955 2566 carmen
978 2507 1127 2567 Pindarus
1146 2508 1274 2585 epinicia
1292 2509 1324 2568 P.
1344 2528 1385 2567 ιιι.
1409 2510 1432 2568 Ι.
1452 2528 1493 2568 ιιι.

219 2614 321 2656 1v.v11
345 2595 471 2671 scripsit.
508 2595 591 2654 Idem
611 2596 726 2671 patriae
750 2596 857 2656 decora
880 2597 1035 2656 exornavit
1058 2597 1088 2655 in
1112 2598 1239 2674 hymniS,
1263 2618 1394 2674 quorum
1417 2600 1494 2658 relli-

220 2685 307 2762 quias
337 2684 373 2742 fr.
397 2694 502 2742 ‘29-35
533 2685 672 2743 collectas
701 2684 805 2761 habes,
836 2686 865 2743 in
896 2686 1140 2764 hyporchemate,
1171 2687 1256 2746 cuius
1286 2706 1391 2747 versus
1422 2688 1494 2747 cele·

220 2774 363 2834 bernimos
382 2773 526 2849 Polybius
550 2774 681 2833 servavit
699 2767 749 2853 (fr.
771 2786 829 2832 109.
850 2766 925 2855 110),
949 2775 1076 2851 denique
1101 2775 1130 2833 in
1154 2776 1344 2851 dithyrambo
1368 2797 1495 2857 magnac

220 2864 291 2923 deae
311 2856 360 2944 (fr.
379 2854 428 2944 83)
448 2865 479 2922 et
497 2863 653 2939 parthenio
676 2863 763 2921 Panis
782 2856 833 2945 (fr.
853 2857 911 2945 95).
948 2865 983 2922 In
1007 2864 1155 2923 Thebanis
1179 2885 1248 2925 vero
1272 2865 1409 2941 epiniciis
1429 2887 1496 2926 cum

221 2953 251 3011 in
275 2952 344 3011 aliis
367 2956 433 3010 tum
464 2952 494 3009 in
522 2953 589 3028 hoc,
620 2953 700 3028 quod
730 2956 908 3032 tractamus,
939 2956 1044 3030 poetae
1076 2974 1159 3012 arnor
1186 2955 1302 3030 patriae
1331 2956 1444 3015 eminet
1466 2959 1496 3015 et

220 3042 300 3101 dulci
324 3061 412 3101 sensu
436 3042 569 3102 animum
592 3041 711 3101 lectoris
735 3041 837 3119 afficit,
861 3043 931 3101 licet
953 3043 1054 3101 ieiuna
1078 3042 1207 3119 quadam
1227 3044 1376 3104 tenuitate
1396 3064 1495 3104 rerum

221 3134 251 3190 et
273 3130 490 3191 sententiarum
513 3150 608 3207 paene
632 3132 731 3190 omnia
755 3132 882 3207 epinicia
906 3132 1047 3190 Thebana
1070 3131 1212 3191 laborent.

760 3285 804 3351 De
827 3286 949 3351 metris.

311 3396 457 3456 Carminis
480 3397 623 3472 festinati,
648 3398 695 3455 cui
720 3419 755 3456 ne
780 3398 883 3456 fabula
906 3399 1026 3474 quidem
1050 3400 1236 3458 exornandae
1260 3406 1350 3475 poeta
1367 3402 1496 3477 vacavit,

219 3486 360 3564 vulgares
383 3486 500 3545 numeri
523 3486 800 3562 dactylo-epitritici
824 3490 901 3545 sunt.
949 3488 1094 3564 Strophai·
1118 3508 1220 3547 versus
1244 3494 1370 3565 quartus
1394 3510 1496 3551 mono-

220 3575 312 3651 colos,
343 3595 432 3651 quem
463 3594 532 3633 cum
562 3575 650 3634 tertio
681 3576 711 3634 in
742 3596 836 3634 uniam
860 3597 979 3635 versum
1002 3578 1213 3638 lllommsenius
1237 3578 1404 3656 coniunxit,
1429 3599 1496 3640 curn

220 3663 325 3740 quinto
361 3664 462 3740 potius
497 3664 722 3742 coniungendus
756 3684 818 3723 esse
853 3666 985 3743 videtur,
1020 3670 1055 3724 ut
1087 3670 1152 3726 tota
1182 3668 1305 3744 stropha
1334 3688 1369 3728 ex
1401 3670 1496 3728 tribus

219 3753 365 3830 pericopis
396 3754 487 3826 (1-3.
510 3765 588 3813 4-5,
613 3746 644 3833 ιι)
670 3754 834 3830 composita
865 3755 911 3813 sit.
957 3755 1141 3814 Sententiam
1173 3757 1198 3814 si
1228 3762 1358 3834 spectas,
1389 3758 1497 3817 tertius

219 3842 383 3902 versiculus
408 3842 494 3901 modo
518 3842 604 3918 epodi
628 3842 692 3901 vice
716 3845 855 3922 fungitur
873 3837 934 3926 (vv.
953 3856 977 3902 4.
999 3856 1040 3904 aa.
1061 3840 1118 3923 38),
1142 3846 1229 3905 modo
1253 3846 1358 3922 proodi
1378 3840 1420 3927 (v.
1440 3842 1496 3927 55),

219 3931 306 3990 modo
330 3931 445 3990 medius
468 3930 620 4007 utrimque
644 3932 753 4007 pendet
776 3926 837 4013 (vv.
859 3946 900 3991 10.
919 3946 961 3993 44.
982 3928 1043 4015 61);
1072 3936 1108 3993 cl.
1129 3933 1161 3994 Ο.
1182 3954 1237 3993 v111
1260 3956 1305 4012 ep.
1326 3948 1341 3993 o
1365 3936 1398 3993 P.
1417 3955 1453 3995 ιιι
1472 3948 1496 4011 3,

220 4021 243 4079 Ι.
263 4040 281 4077 v
301 4032 325 4078 4.
372 4020 533 4096 Stropham
561 4024 591 4079 et
619 4020 747 4096 epodum
775 4022 913 4081 similiter
935 4028 1026 4099 atque
1057 4024 1087 4081 in
1117 4024 1246 4083 carmine
1274 4025 1311 4083 N.
1329 4043 1349 4081 x
1372 4044 1495 4101 procero

220 4129 306 4169 versu
329 4113 419 4186 poeta
442 4110 564 4189 claudit,
589 4110 639 4169 scd
658 4130 717 4170 non
736 4112 839 4170 eadem
859 4131 919 4188 qua
939 4112 968 4169 in
987 4112 1040 4171 illo
1060 4113 1217 4190 diligentia
1237 4114 1337 4173 orbcm
1356 4115 1496 4191 strophae

220 4198 424 4275 antistrophae
450 4200 538 4275 epodi
562 4200 695 4275 perfecta
721 4206 751 4259 et
777 4201 915 4260 absoluta
938 4201 1086 4260 sententia
1109 4203 1343 4262 concludendum
1369 4204 1496 4263 curavit.

220 4288 381 4347 Cantatum
405 4294 448 4346 est
474 4288 527 4347 hoc
551 4309 669 4348 carmen
693 4309 710 4347 a
734 4290 822 4350 choro
847 4290 877 4348 in
900 4291 1109 4350 comissatione
1133 4291 1263 4369 publica,
1287 4292 1365 4351 unde
1390 4292 1497 4355 decora

220 4377 302 4435 urbis
321 4376 490 4436 Thebarum
510 4378 605 4455 magis
625 4397 714 4453 quam
736 4379 925 4455 Strepsiadao
943 4380 1066 4439 victoris
1085 4381 1305 4456 praedicantur.
1337 4381 1497 4442 Praeterea

220 4486 255 4525 ex
274 4465 406 4526 versibus
427 4477 441 4525 7
462 4469 492 4525 et
512 4478 544 4524 15
564 4466 641 4525 effici
666 4468 784 4527 videtur
807 4468 954 4527 similibus
977 4469 1033 4528 hoc
1057 4489 1174 4529 carmen
1199 4473 1290 4547 atque
1315 4470 1444 4547 hymnos
1467 4471 1496 4529 in

220 4555 361 4616 victorias
385 4555 504 4614 curules
528 4557 661 4615 Pastoris
688 4560 719 4616 et
742 4558 818 4615 lolai
842 4558 936 4618 modis
960 4558 1125 4618 saltatoriis
1149 4562 1251 4619 actum
1273 4578 1346 4621 csse.
1384 4560 1496 4621 Tamen

222 4664 258 4704 ne
289 4645 326 4702 ad
357 4645 451 4703 instar
481 4645 611 4719 prosodii
642 4650 737 4705 metra
767 4647 906 4707 carminis
936 4646 1110 4725 refingerem
1140 4669 1300 4725 omnesque
1330 4668 1436 4708 versus
1467 4650 1497 4707 in

220 4732 356 4809 dipodias
390 4753 539 4811 cogerem,
574 4735 749 4794 ceatalectica
784 4736 913 4812 tripudia
945 4736 1020 4795 sexti
1054 4757 1156 4796 versus
1191 4738 1331 4814 strophae
1365 4738 1497 4815 prohibi·

222 4827 270 4879 tus
294 4842 367 4882 suni.
