3442 5550
597 428 646 479 111.
673 428 723 478 DE
742 426 852 479 LUDIS
870 427 917 479 ET
935 427 1113 480 EPINICIIS.
1387 423 1500 479 LXXIII

215 590 377 676 equestris
407 590 535 676 generis
564 589 778 655 certaminum
802 595 886 675 erat,
914 590 1000 673 quod
1026 589 1170 673 praemia
1193 610 1259 654 non
1284 588 1420 675 aurigis,
1448 589 1504 673 qui

216 698 311 782 equis
339 697 488 782 regendis
512 696 717 762 dexteritatis
740 701 774 762 et
795 697 927 762 virtutis
952 697 1146 762 documenta
1169 696 1345 781 ediderant,
1370 695 1426 760 sed
1449 696 1505 761 do-

216 804 329 888 minis,
356 804 413 888 qui
441 803 533 888 equis
563 803 685 870 alendis
713 809 745 869 et
773 804 940 889 quadrigis
968 803 1118 888 bigisque
1146 803 1340 869 adornandis
1367 825 1503 891 magnos

217 916 370 996 sumptus
393 909 628 995 impenderant,
651 910 865 975 donabantur.
904 909 1027 974 Verum
1046 914 1156 975 tamen
1174 911 1203 976 si
1222 911 1294 996 quis
1313 933 1380 976 non
1399 911 1504 976 solum

218 1040 320 1103 equos
348 1018 486 1100 aluerat,
515 1019 571 1082 sed
600 1019 699 1083 etiam
725 1018 760 1082 in
787 1018 962 1082 certamine
985 1021 1126 1101 rexerat,
1154 1023 1191 1082 ut
1213 1017 1401 1083 Herodotus
1423 1017 1505 1082 The-

218 1128 323 1192 banus
348 1122 501 1212 (1.115),
526 1126 684 1212 singulari
707 1125 762 1190 ille
785 1124 879 1189 laude
905 1123 1123 1212 ornabatur.¹)
1169 1125 1306 1189 Duobus
1330 1147 1412 1210 quae
1437 1124 1504 1189 dixi

219 1232 393 1321 generibus
422 1232 573 1297 ludorum
600 1232 634 1296 in
662 1232 826 1297 nonnullis
855 1231 960 1317 feriis,
986 1237 1024 1296 ut
1050 1231 1179 1316 Pythiis
1202 1231 1370 1315 Delphicis
1396 1231 1505 1316 Sicyo-

218 1341 352 1424 neisque
388 1344 421 1404 et
455 1338 692 1405 Panathenaeis
726 1338 997 1422 Atheniensibus,
1032 1338 1165 1403 tertium
1203 1360 1305 1424 genus
1343 1339 1504 1404 musicum

218 1445 328 1535 (ἀγὼν
351 1444 523 1533 μουσικός)
552 1446 698 1511 additum
727 1451 790 1528 est,
821 1446 905 1530 quod
935 1468 1008 1510 cum
1035 1446 1177 1530 primum
1205 1444 1368 1531 Apollinis
1397 1445 1503 1509 cultus

220 1554 387 1640 proprium
410 1553 523 1639 fucrit,
544 1557 661 1638 postea
683 1552 797 1637 etiam,
819 1552 876 1616 ubi
898 1550 1022 1638 ingenii
1045 1551 1219 1617 facultates
1242 1552 1333 1616 iuxta
1357 1551 1503 1636 corporis

220 1662 338 1727 robora
361 1659 503 1726 exerceri
526 1665 559 1724 et
580 1659 734 1745 praemiis
758 1659 866 1725 ornari
891 1664 1024 1744 coeptae
1047 1664 1136 1743 sunt,
1161 1660 1201 1723 ad
1226 1658 1307 1724 alios
1329 1658 1438 1744 ludos,
1467 1663 1504 1723 ut

219 1767 490 1850 Panathenaicos,
522 1767 718 1832 translatum
745 1771 805 1832 est.
851 1767 902 1833 Ex
925 1766 1058 1831 Pindari
1086 1772 1197 1832 autem
1224 1765 1373 1850 epiniciis
1402 1789 1503 1831 unum

221 1875 256 1940 P.
270 1893 321 1939 ΧΠ
344 1874 502 1939 musicam
525 1874 695 1940 victoriam
719 1873 810 1940 tibiis
834 1878 962 1958 partam
985 1878 1120 1959 spectat.

309 1980 542 2067 Gymnicorum
571 1980 784 2047 certaminum
810 1981 874 2046 alia
896 1986 989 2046 erant
1013 1980 1188 2065 simplicia,
1215 1985 1253 2046 ut
1276 2003 1388 2047 cursus
1412 1980 1504 2068 pugi-
1624 2029 1628 2037 ι

222 2089 308 2154 latus
338 2088 439 2171 lucta,
468 2087 533 2153 alia
556 2088 751 2173 composita,
778 2093 815 2152 nt
842 2088 1047 2171 pentathlum
1076 2092 1110 2153 et
1135 2088 1348 2173 pancratium.
1395 2088 1504 2172 Atque

221 2195 425 2281 pancratium
449 2195 591 2279 quidem,
618 2195 704 2280 quod
728 2194 957 2281 gravissimum
981 2200 1014 2260 et
1037 2194 1266 2260 difficillimum
1289 2194 1504 2260 certaminum

223 2303 448 2390 gymnicorum
475 2302 576 2367 fuisse
603 2302 676 2387 ipso
706 2302 838 2367 nomine
866 2302 1046 2368 indicatum
1077 2308 1142 2387 est,
1174 2324 1212 2367 ex
1241 2302 1504 2367 contentionibus

220 2410 325 2475 luctae
356 2414 390 2474 et
423 2408 590 2494 pugilatus
621 2409 803 2475 coniunctis
838 2410 1023 2494 constabat,
1060 2408 1267 2494 pentathlum
1297 2413 1407 2473 autem
1437 2409 1504 2474 sive

220 2515 463 2602 quinquertium
500 2538 540 2579 ex
578 2516 720 2601 quinque
758 2516 989 2582 certaminibus
1031 2516 1250 2601 compositum
1292 2521 1379 2600 erat,
1423 2538 1504 2600 quae

224 2623 366 2708 quinque
395 2622 574 2687 certamina
600 2623 749 2707 exposita
770 2623 872 2688 habes
895 2623 929 2687 in
953 2623 1186 2709 epigrammate
1211 2622 1398 2689 Simonideo
1426 2620 1433 2681 l
1445 2610 1487 2667 -Ψ
1523 2642 1527 2653 ·

370 2780 508 2866 Ἴσθμια
531 2780 586 2847 καὶ
610 2788 729 2848 Πυθοῖ
750 2789 893 2868 Λιοφῶν
916 2783 933 2849 ὁ
960 2786 1112 2861 Φίλωνος
1135 2783 1227 2849 ἐνίκα

427 2889 513 2972 άλμα
536 2890 721 2973 ποδωκείην
745 2891 862 2956 δίσκον
885 2891 1008 2955 άκοντα
1030 2891 1149 2974 πάλην,

224 3054 258 3113 et
278 3048 313 3112 in
336 3047 484 3111 versibus
509 3049 752 3114 memorialibus
776 3050 971 3116 scholiastae
994 3050 1077 3117 Plat.
1095 3052 1203 3117 Erast.
1227 3076 1257 3137 p.
1275 3050 1381 3117 135E

383 3188 569 3266 πένταθλος
592 3186 689 3268 οὗτος
712 3203 782 3268 τοῖς
804 3192 893 3268 νέοις
915 3193 1052 3276 ἀγωνία,

381 3297 478 3379 πάλη,
501 3301 670 3380 σίγυννος,
693 3300 790 3383 άλμα,
814 3300 928 3376 δίσκος
951 3298 1005 3365 καὶ
1030 3302 1163 3387 δρόμος,

223 3464 318 3543 atque
342 3458 510 3523 Eustathii
535 3459 575 3522 ad
599 3458 940 3525 Hom.ll.xx111621

383 3602 470 3685 άλμα
492 3603 607 3666 ποδῶν
630 3602 748 3691 δίσκου
772 3626 807 3668 τε
830 3606 912 3687 βολὴ
936 3603 990 3667 καὶ
1014 3605 1152 3679 άκονιος
1176 3603 1261 3688 ἐρωή

382 3705 438 3771 καὶ
462 3709 584 3792 δρόμος
606 3704 665 3790 ἠδὲ
689 3710 786 3793 πάλη,
810 3714 868 3795 μία
892 3709 923 3775 δ’
945 3713 1059 3775 ἔπλετο
1083 3720 1163 3776 πᾶσι
1187 3713 1328 3793 τελευτή.

228 3884 286 3952 Sed
314 3908 379 3970 quo
409 3886 519 3951 ordine
551 3886 609 3951 illa
640 3908 709 3952 sese
737 3888 935 3975 exceperint,
963 3910 1077 3954 vercor
1104 3894 1142 3953 ut
1168 3911 1323 3972 umquam
1352 3890 1440 3955 omni
1469 3913 1507 3954 ex

228 3998 315 4078 parte
343 3993 384 4058 ad
414 3993 572 4076 liquidum
601 3995 734 4079 perduci
761 3998 874 4081 possit.
925 3996 1128 4079 Quamquam
1155 3997 1312 4061 nonnulla
1340 3997 1509 4082 explorata

229 4108 307 4167 sunt.
355 4102 465 4185 Atque
488 4100 628 4185 primum
653 4123 767 4186 exeo,
796 4103 881 4187 quod
904 4103 1083 4167 Pausanias
1103 4104 1239 4188 v7,10.
1269 4106 1316 4187 ll,
1334 4106 1376 4169 10
1400 4103 1508 4188 saltui,

230 4208 329 4291 primo
349 4208 462 4292 utique
484 4207 663 4293 certamini,
684 4209 786 4275 arcini
811 4210 898 4295 dicit,
919 4209 1052 4274 initium
1077 4210 1221 4275 certandi
1243 4234 1262 4274 a
1281 4210 1367 4275 saltu
1385 4210 1508 4275 sactum

230 4333 294 4379 esse
322 4314 471 4380 efficitur.
516 4314 600 4379 Tum
630 4337 670 4379 ex
697 4318 809 4382 eodem
837 4316 1016 4381 Pausanias
1039 4335 1075 4380 vl
1100 4317 1154 4400 19,
1178 4320 1213 4401 4,
1245 4338 1309 4401 quo
1340 4317 1413 4382 loeo
1442 4323 1508 4381 tres

230 4420 384 4501 pentathli
403 4420 510 4486 discos
528 4422 629 4486 fuisse
649 4421 790 4511 tradit,²)
815 4423 949 4508 discum,
972 4428 1009 4487 ut
1028 4445 1092 4508 quo
1112 4428 1177 4489 tres
1198 4429 1369 4509 certarent,
1391 4425 1508 4510 luctae,

232 4571 368 4586 s...—-
377 4579 381 4582 -
392 4576 437 4582 -σ-

314 4673 340 4738 1)
360 4668 429 4724 Inde
447 4667 619 4736 Lycomedes
643 4668 672 4722 in
695 4666 780 4722 titulo
800 4668 920 4755 epinicio
940 4668 1088 4740 Olympiae
1114 4673 1223 4741 reperto
1242 4670 1334 4739 (Arch.
1351 4670 1412 4724 Zeit
1441 4674 1508 4725 1871}
1585 4662 1590 4674 ⁶

234 4750 254 4790 u.
270 4744 311 4807 17)
331 4739 494 4795 addendum
512 4739 622 4794 curavit
642 4737 735 4808 κέλητι
752 4744 846 4812 τελειῳ
866 4740 936 4812 ἰδίῳ.

315 4816 340 4881 2)
360 4811 442 4865 Paus.
458 4830 474 4863 v
492 4819 533 4879 19,
548 4817 577 4867 4:
602 4810 633 4866 ἐν
650 4811 739 4883 τοίντφ
759 4816 797 4882 τῷ
821 4815 956 4883 θησαυρῷ
979 4813 1050 4883 (scil.
1068 4821 1125 4868 τῶν
1144 4815 1320 4875 Σικυωνίων)
1344 4810 1436 4867 δίσκοι
1459 4813 1510 4869 τὸν

233 4875 351 4952 &aanor
369 4880 536 4937 ἀνάκεινται
554 4891 635 4951 τρεῖς,
655 4881 704 4944 οὓς
723 4882 751 4945 ἐς
769 4890 819 4936 τοῦ
839 4881 999 4939 πεντάθλου
1018 4884 1050 4938 τὸ
1069 4884 1213 4955 ἀγώνισμα
1233 4882 1431 4953 ἐσκομίζουσιν.
