3442 5550
325 416 389 481 388
885 422 1034 473 munirer

890 591 932 648 45
974 592 1015 648 20
1032 634 1038 646 .

370 685 377 697 ’
416 695 508 753 Bekk.
529 694 585 753 An.
605 715 648 773 gr.
668 705 716 752 80:
737 583 1190 794 Ἀρχαιέστερὶν·]Πένδαρος
1205 691 1336 774 Ὕμνοις.

892 875 933 934 ιο
959 871 1011 949 [21
1017 872 1037 949 y.

415 981 507 1040 Bekk.
527 981 582 1040 An.
602 1001 645 1059 gr.
665 991 730 1039 339:
747 976 890 1059 Ἄγριος
913 979 1047 1059 ἕλαιος,
1069 976 1108 1057 ἣν
1131 980 1161 1040 οἱ
1182 978 1285 1040 πολλολ
1308 978 1473 1060 άμριέλαιον
1497 985 1608 1041 καλοῦ·

328 1086 388 1145 σιν,
411 1067 470 1129 έστι
493 1067 572 1149 παρὰ
596 1068 739 1154 Πινδάρφ
762 1067 794 1128 έν
809 1065 940 1147 Ὕμνοις.

891 1251 931 1306 47
975 1251 1014 1308 18
1033 1297 1039 1309 .

416 1356 465 1415 Et.
483 1356 522 1415 M.
542 1366 602 1415 821.
619 1366 661 1414 59.
685 1354 760 1415 Gud.
776 1367 836 1414 578.
852 1367 902 1413 48ε
926 1243 1079 1433 Πδνδάρος
1103 1351 1135 1414 δέ
1158 1353 1191 1414 έν
1206 1350 1339 1432 Ὕμνοις·
1363 1352 1499 1436 έρίφων
1523 1351 1605 1435 μέθ’

329 1440 483 1524 δμήρεον
502 1437 687 1525 (μεθομήρεα
706 1463 787 1520 susp.
802 1437 928 1524 Bergk),
947 1437 1012 1504 οἷον
1030 1439 1106 1521 ὁμοῦ
1126 1442 1176 1503 καὶ
1195 1439 1256 1523 μετ’
1277 1444 1375 1504 αὐτῶν
1394 1445 1606 1525 πορευόμενον.

419 1747 541 1807 Aristid.
556 1767 579 1804 11
599 1759 650 1806 168
669 1747 772 1809 Πίοᾶ.ε
793 1745 914 1807 Οὐκοῦν
932 1747 1003 1826 πρίν
1021 1770 1088 1807 τινα
1105 1756 1165 1807 τῶν
1183 1745 1350 1808 ἀντιπάλων
1369 1746 1455 1826 fleto,
1475 1743 1529 1807 ἕνα
1547 1757 1607 1808 τῶν

330 1837 426 1914 φίλων
449 1836 600 1916 θηρεύσας
624 1833 719 1916 άγεις,
741 1834 792 1896 καὶ
814 1833 969 1908 πέπονθας
992 1835 1099 1897 ταύτὸν
1121 1842 1161 1921 τῷ
1185 1837 1340 1917 Πινδάρου
1364 1841 1473 1916 Πηλεῖ,
1496 1833 1531 1910 ὃς
1554 1847 1608 1916 τῆς

329 1948 359 1988 τε
378 1925 476 2007 θύρας
496 1924 635 2005 διήμαρτε
653 1924 703 1985 καλ
721 1924 773 1986 τὸν
792 1925 969 2004 Εὐρυτίωνα
987 1926 1128 2002 φίλτατον
1147 1924 1218 1987 ὄντα
1236 1925 1329 2010 ἑαυτῷ
1348 1925 1607 2006 προσδιέφθειρεν.

331 2017 427 2076 Schcl.
447 2020 469 2074 t.
488 2035 522 2073 111
542 2037 570 2092 p.
589 2026 641 2074 463
661 2015 705 2075 ed.
724 2015 826 2074 Dino:
844 2012 876 2075 ἕν
891 2010 1013 2094 Ὕμνοις
1033 2013 1175 2093 μέμνηται
1194 2015 1356 2095 Πίνδαρος,
1375 2016 1419 2076 ὅτι
1436 2015 1488 2077 τὸν
1505 2015 1606 2095 Εὐρυ-

329 2105 430 2182 τίωνα,
452 2103 504 2164 τὸν
519 2100 600 2183 Ἴρου
623 2113 676 2164 τοῦ
693 2100 833 2184 ’Ἄκτορος
856 2104 963 2183 παῖδα,
985 2101 1038 2165 ἕνα
1062 2102 1133 2164 ὄντα
1156 2114 1214 2164 τῶν
1240 2099 1459 2185 Ἀργοναυτῶν,
1489 2111 1606 2184 συνθη-

329 2196 454 2275 ρεύοντα
476 2190 558 2254 άκων
581 2191 730 2254 ἀπέκτεινε
753 2194 885 2272 Πηλεύς·

895 2375 936 2432 49
978 2375 1016 2432 19
1036 2421 1041 2429 .

420 2480 516 2539 Schol.
541 2478 625 2537 Pind.
649 2479 682 2538 P.
706 2498 737 2538 1v
761 2489 826 2538 288:
850 2366 1169 2559 ταύτην[δὲ](Φρέξου
1193 2473 1353 2561 μητρυιὰν)
1378 2476 1394 2538 δ
1417 2476 1472 2558 μὲν
1490 2480 1607 2541 Πίνδα-

330 2592 382 2649 ρος
404 2567 438 2628 ἐν
452 2563 574 2647 ’Ὕμνοις
598 2567 808 2646 Δημοδίκην
833 2563 1022 2647 (Δαμοδλκαν
1045 2588 1117 2627 corr.
1142 2562 1276 2651 Boechh)
1300 2568 1403 2646 φησίν.

421 2872 544 2943 Quintil.
568 2890 624 2931 vm
647 2883 671 2930 3.
697 2884 744 2931 τις
772 2872 962 2947 Exquisitam
985 2891 1055 2932 vero
1084 2871 1211 2950 figuram
1234 2872 1324 2931 huius
1352 2872 1395 2931 rei
1417 2872 1607 2948 deprendiaae

332 2962 413 3038 apud
440 2963 604 3038 principem
631 2961 793 3038 lyricorum
825 2960 989 3019 Pindarum
1018 2960 1121 3020 videor
1152 2961 1182 3018 in
1216 2961 1305 3039 libro,
1334 2981 1424 3037 quern
1455 2962 1608 3039 inscripsit

332 3047 470 3130 “ilicone
503 3052 533 3109 Is
556 3070 686 3127 namque
710 3050 848 3109 Herculis
871 3050 1018 3126 impetum
1041 3050 1182 3110 adversus
1205 3051 1351 3128 Meropas,
1376 3051 1483 3127 quiin
1508 3053 1608 3111 insula

333 3140 392 3201 Ooc
416 3141 558 3200 dicuntur
581 3140 744 3217 habitasse,
773 3159 832 3198 non
855 3139 919 3218 igni
942 3159 996 3199 nec
1019 3140 1116 3199 ventis
1139 3159 1193 3198 nec
1216 3140 1293 3198 mari
1316 3139 1367 3199 sod
1390 3140 1512 3200 fulmini
1535 3142 1609 3201 dicit

332 3231 459 3290 similem
482 3231 583 3307 fuisse,
606 3233 643 3288 ut
665 3229 718 3287 illa
741 3229 865 3307 minora,
888 3229 944 3288 hoc
966 3247 1022 3304 par
1044 3232 1129 3288 esset.
1167 3228 1234 3288 Huc
1256 3229 1388 3304 pertinet
1409 3230 1445 3289 fr.
1466 3241 1514 3307 613
1538 3251 1607 3291 ean-

332 3320 399 3379 dem
421 3319 556 3378 fabulam
579 3319 701 3394 respicit
723 3318 808 3375 Pind.
830 3318 867 3375 N.
891 3336 923 3376 1v
946 3329 988 3376 κο.
1033 3317 1055 3377 I.
1079 3336 1111 3378 VI
1134 3330 1177 3376 31.
1222 3317 1382 3377 Praeterea
1404 3320 1539 3380 conferre
1563 3321 1607 3379 in·

331 3410 522 3469 vatinius.

944 3534 982 3590 51

423 3640 520 3700 Strab.
540 3658 583 3699 vn
602 3661 629 3715 p.
649 3650 680 3697 91
702 3639 746 3698 ed.
765 3638 881 3699 liram:
904 3636 994 3717 εἴπερ,
1012 3636 1052 3710 ῶς
1072 3655 1165 3715 φησιν
1182 3636 1215 3698 έν
1234 3644 1295 3710 τοῖς
1305 3634 1427 3717 Ὕμνοις
1443 3639 1609 3720 Πίνδαρος,

334 3731 370 3791 οἱ
398 3723 475 3809 μεθ’
502 3725 717 3808 Ἡρακλέους
747 3725 783 3787 έκ
812 3727 942 3805 Τροίας
971 3725 1138 3799 πλέοντες
1169 3727 1226 3787 διὰ
1257 3726 1457 3807 παρθένιον
1479 3725 1608 3801 Ἕλλας

333 3817 515 3898 πορθμόν,
537 3816 612 3877 έπελ
635 3822 679 3900 τῷ
704 3817 865 3901 Μυρτῶφ
894 3824 1077 3896 συνῆψαν,
1105 3817 1155 3888 εἰς
1185 3820 1266 3877 Κῶν
1294 3815 1609 3897 έπαλινδρύμησαν

334 3907 501 3986 Ζεφύρου
524 3904 839 3977 ἀντιπνεύσαντος.

423 4102 464 4151 61.
502 4095 534 4148 ln
561 4095 708 4148 Strabonis
736 4094 829 4149 verbis
857 4093 905 4162 qui
935 4093 1027 4148 latent
1054 4111 1150 4149 verene
1179 4095 1219 4149 sic
1247 4095 1395 4149 restituere
1422 4099 1542 4150 conatus
1570 4099 1614 4152 cet

334 4166 528 4224 Schneidewin
547 4166 632 4222 Beitr.
652 4186 673 4221 z.
694 4166 765 4222 Krit.
785 4167 811 4221 d.
831 4165 908 4220 PLG.
929 4185 954 4235 p.
975 4182 1013 4221 aa:

918 4272 946 4326 ολ
965 4271 996 4326 δὲ
1015 4271 1082 4343 μεθ’
1100 4270 1250 4342 Ἡρακλέος

582 4343 613 4398 ἐκ
635 4345 743 4413 Τρωΐας
761 4349 892 4407 πλεῦντες
911 4342 960 4398 διὰ
979 4341 1138 4412 παρθένιον

578 4412 679 4478 Ἕλλας
696 4415 786 4485 πόρον
804 4416 866 4485 λρύν
885 4414 946 4470 ἐπεὶ
964 4414 1037 4485 τάχα
1055 4416 1184 4490 Μυρτῴῳ
1202 4425 1344 4485 ουνᾶψαν,

582 4487 745 4557 ἀμφιρύταν
764 4487 791 4551 ές
810 4493 876 4542 Κῶν
895 4483 1140 4558 έπαλινδρύμηοαν

582 4560 819 4622 ἀντιπνεύσαντος
840 4558 976 4628 Ζεφύρου.

425 4667 556 4722 Scholion
580 4665 721 4736 Aristoph.
741 4666 813 4721 Plut.
833 4684 845 4721 e
865 4666 901 4721 ab
927 4665 1035 4720 editore
1054 4665 1173 4720 Aldinae
1200 4665 1389 4735 suppositum:
1416 4666 1473 4719 Kal
1498 4665 1536 4720 τὰ
1564 4665 1616 4738 μὲν

336 4741 400 4807 περὶ
424 4748 473 4793 τοῦ
493 4735 607 4794 Πυθίου
628 4736 760 4806 τρίποδος
782 4735 927 4807 διαφόρως
951 4737 1135 4808 ἱστορούμενα
1153 4737 1184 4791 ἐν
1202 4746 1261 4800 τοῖς
1278 4746 1328 4792 τοῦ
1348 4736 1496 4805 Πινδάρου
1515 4736 1615 4810 ύμυοις

337 4808 472 4879 εύκαέρως
490 4811 557 4894 ἡμῖν
576 4807 741 4879 διείληπται.
779 4810 855 4864 Haec
874 4826 929 4877 non
950 4809 987 4862 ad
1005 4810 1136 4879 hymnos,
1155 4809 1203 4862 scd
1224 4809 1261 4862 ad
1280 4808 1380 4879 epinic.
1397 4808 1472 4863 0.1x
1487 4824 1513 4865 tt
1533 4826 1613 4882 spec·

335 4884 396 4936 tare
415 4882 551 4952 Bargkrue
570 4885 646 4937 recte
665 4881 838 4936 existimavit
856 4913 890 4921 -
908 4881 985 4934 Inter
1003 4881 1120 4949 hymnos
1139 4880 1285 4935 reserenda
1303 4885 1370 4935 aunt
1388 4879 1420 4934 fr.
1439 4897 1486 4937 ror.
1503 4897 1551 4938 ror.
