3442 5550
225 379 286 441 148
690 379 838 429 emnam
857 379 1020 430 arrxrcrx.

224 548 275 607 sed
306 547 415 605 eximia
445 547 574 622 quadam
606 549 670 605 arte
700 546 830 622 primum
860 546 890 603 in
922 545 1033 604 medias
1062 563 1110 603 res
1140 564 1193 604 nos
1223 545 1308 605 ducit
1335 536 1505 628 (to—100),

224 648 377 713 tta—1643
397 637 433 695 cf.
454 634 487 696 Ο.
503 655 559 692 11111
579 646 612 694 76
632 627 692 716 ss),
712 636 817 694 deinde
836 636 874 693 ad
893 654 936 711 ea,
954 654 1031 711 quae
1051 636 1120 694 ante
1139 638 1225 713 gesta
1244 638 1339 710 amnt,
1358 634 1503 711 deinceps

223 726 358 785 oratione
383 726 520 785 revoluta
544 717 714 806 (101-119)
738 729 869 786 extremo
894 726 957 783 loco
982 724 1173 783 concubitum
1196 725 1447 803 Argonautarum
1471 730 1504 782 et

225 815 417 873 lremniarmn
441 815 621 873 feminarum
643 814 730 891 ponit
754 807 932 895 (aaa-aartJ),
954 813 1033 871 unde
1052 814 1089 871 ad
1109 814 1299 890 Euphemum
1317 816 1348 872 et
1367 814 1504 889 Cyrenas

224 905 343 964 rediret.
388 905 489 979 Atque
519 904 592 963 haec
622 904 709 979 qnasi
739 922 847 979 corpus
878 902 1017 962 carminis
1045 902 1193 980 alliciunt,
1221 903 1253 960 111
1280 903 1400 981 epilogo
1428 922 1502 962 vero

225 986 396 1087 (noa-299)
420 995 509 1070 poeta
535 993 734 1070 pulcherrimo
761 992 930 1070 aenigmate
956 1011 1028 1051 usus
1054 1011 1181 1067 quercus
1204 992 1296 1050 etiam
1318 994 1390 1067 post
1411 1010 1503 1050 casus

224 1086 438 1159 tempestatum
461 1083 590 1158 speeiem
616 1082 706 1157 prisci
731 1080 846 1141 roboris
872 1080 1049 1158 exhibentis,
1076 1081 1288 1157 Demophilum
1311 1082 1502 1157 Cyrenaeum

225 1173 341 1231 exulem
365 1172 539 1231 clementiae
562 1172 641 1249 regis
665 1171 867 1245 commendat,
892 1189 953 1229 esse
977 1171 1056 1229 enim
1078 1190 1147 1230 eum
1171 1190 1189 1229 a
1211 1170 1379 1230 factionum
1402 1170 1503 1230 turbis

224 1262 364 1337 alienum,
379 1260 552 1319 liberalibus
568 1261 682 1319 artibus
696 1259 831 1318 deditum
846 1261 1035 1335 musicaeque
1050 1261 1195 1319 facultate
1210 1262 1359 1337 ornatum,
1369 1260 1501 1337 denique

222 1371 317 1426 nuper
339 1351 397 1410 sibi
419 1350 528 1409 Thebis
550 1350 699 1426 hospitem
722 1352 845 1410 tactum.

310 1440 490 1515 Rhapsodici
522 1439 661 1497 carminis
693 1439 807 1497 indoles
839 1459 938 1497 secmn
970 1439 1041 1515 sert,
1074 1442 1121 1515 ut,
1154 1439 1273 1497 etiamsi
1305 1439 1342 1497 ab
1373 1438 1500 1515 ineptiis

223 1549 338 1605 eorum,
366 1530 419 1605 qni
442 1532 548 1605 poetae
572 1530 704 1587 carmina
727 1532 883 1603 tamquam
906 1528 1059 1604 scriptoris
1083 1528 1223 1587 historias
1247 1529 1409 1605 dissecant,
1432 1528 1498 1587 lon-

221 1620 342 1697 gissime
366 1618 590 1694 abhorreamus,
619 1622 717 1677 tamen
742 1618 819 1675 unde
843 1621 932 1693 poeta
955 1618 1088 1675 fabulam
1112 1618 1259 1693 hauserit,
1291 1636 1368 1693 qnae
1393 1636 1411 1675 a
1435 1638 1498 1675 ma-

223 1707 335 1768 ioribus
359 1708 515 1784 accepisse,
539 1726 616 1782 quae
640 1708 702 1783 ipse
726 1707 843 1766 tinxisse
867 1707 1005 1766 videatur
1023 1725 1211 1782 quaeramus.
1249 1705 1393 1776 Quamvis
1417 1708 1497 1765 eninr

223 1798 370 1856 Pindarus
402 1816 480 1855 nova
512 1797 573 1871 ipse
607 1796 738 1855 invenire
771 1800 801 1855 et
833 1797 1013 1856 comminisci
1047 1796 1168 1855 minime.
1201 1799 1365 1872 sperneret,
1393 1799 1496 1855 tamen

223 1887 351 1965 vestigia
374 1886 580 1961 antiquiorum
607 1888 765 1945 auctorum
792 1889 828 1943 ut
856 1887 885 1943 in
914 1886 981 1944 aliis
1009 1886 1133 1962 fabulis,
1162 1886 1204 1943 sic
1233 1887 1263 1943 in
1291 1886 1346 1943 hac
1374 1904 1497 1961 quoque

222 1976 428 2054 Argonautica
451 1995 519 2033 eum
541 1979 676 2033 secutum
700 1994 771 2051 esse,
796 1975 860 2050 ipsa
883 1995 981 2033 rerum
1005 1977 1114 2033 natura
1137 1975 1357 2050 comprobatur.
1394 1976 1496 2050 Atque

223 2066 343 2124 Homeri
369 2065 489 2140 quidem
512 2064 696 2140 temporibus
719 2084 838 2123 carmen
860 2065 896 2123 dc
919 2065 1104 2140 Argonautis
1128 2064 1244 2122 exstitit
1266 2057 1317 2143 (ef.
1342 2062 1397 2121 Od.
1421 2087 1442 2139 μ
1463 2075 1496 2121 10

219 2148 311 2233 Ἀργὼ
341 2163 412 2212 πᾶσι
441 2146 596 2233 μέλουσα),
626 2155 676 2213 sed
709 2154 791 2211 illius
823 2154 962 2212 carminis
993 2174 1051 2212 non
1083 2154 1180 2212 solum
1210 2154 1324 2211 nnllam
1356 2152 1496 2211 notitiam

222 2243 410 2319 grammatici
433 2243 627 2301 Alexandrini
655 2243 892 2318 scholiastaeque
920 2242 1082 2319 habehant,
1111 2244 1161 2301 sed
1190 2263 1225 2303 ne
1254 2242 1403 2301 Pindarus
1430 2242 1496 2319 qui-

222 2334 289 2390 dem
317 2332 455 2391 habuisse
482 2333 608 2391 videtur.
654 2333 696 2390 At
722 2332 873 2390 habebant
900 2333 1003 2408 procul
1034 2332 1124 2391 dubio
1148 2335 1179 2391 et
1201 2331 1363 2407 Hesiodus,
1387 2331 1441 2407 qui
1465 2331 1494 2389 in

223 2422 312 2480 tortio
343 2422 417 2479 libro
442 2422 580 2497 tlatalogi
610 2422 645 2480 de
673 2422 857 2499 Argonautis
888 2421 1027 2496 exposuit
1050 2413 1155 2499 (schol.
1174 2421 1274 2497 Apoll.
1293 2421 1349 2479 Ith.
1372 2438 1394 2477 11
1421 2414 1496 2501 181),

222 2514 252 2569 et
283 2510 335 2586 qui
365 2511 487 2568 Hesiodi
513 2511 641 2587 vestigia
670 2511 809 2587 legebant
832 2514 938 2586 poetae
962 2511 1156 2588 genealogici.
1202 2510 1318 2567 Horum
1341 2510 1495 2587 igiturex

221 2599 402 2659 carminibus
422 2600 603 2657 lineamenta
621 2600 740 2657 fabulae
760 2600 889 2658 Pindaro
909 2600 1144 2659 recorrcinnanda
1168 2604 1265 2673 erant-3
1290 2618 1367 2674 equae
1392 2599 1495 2675 qualia

223 2690 361 2765 tuissent,
390 2690 444 2748 hoc
472 2689 536 2747 loco
565 2688 703 2766 colligere
732 2690 804 2747 olim
832 2689 860 2745 in
891 2689 990 2748 animo
1019 2690 1086 2747 t'uit.
1134 2690 1191 2747 Sed
1215 2694 1376 2764 postquam
1399 2692 1495 2748 totam

221 2779 297 2836 hauc
321 2779 474 2837 materiem
496 2779 528 2835 in
552 2778 834 2855 l'rolegomenorum
858 2778 963 2853 quinto
992 2778 1068 2837 libro
1097 2779 1268 2837 adumbrari
1297 2778 1405 2837 melius
1433 2798 1494 2837 esse

221 2867 373 2944 duximnS,
401 2868 525 2926 lectores
553 2868 590 2925 ad
622 2868 700 2926 huuc
730 2867 841 2925 librum
868 2871 899 2926 et
925 2868 1062 2943 inprimis
1089 2888 1117 2943 p.
1142 2885 1223 2926 cxxv
1246 2886 1288 2942 sq.
1314 2868 1494 2945 delegamus.

221 2958 278 3016 llic
306 2958 403 3017 solum
431 2977 597 3033 monemus,
626 2958 706 3033 quod
735 2957 764 3014 in
793 2957 848 3015 hoc
871 2958 1001 3015 ‹rannine
1024 2958 1217 3033 Argonautas
1240 2957 1413 3034 redeuntes,
1437 2977 1493 3016 nou

222 3048 251 3105 in
283 3046 453 3106 Colchidem
483 3047 649 3123 tendentes,
682 3047 793 3106 Lemno
823 3047 973 3122 appulisse
1003 3047 1141 3124 legimus,
1171 3047 1225 3105 hoc
1254 3046 1431 3123 Pindarum,
1461 3048 1496 3104 ut

221 3137 409 3197 oeconomiae
438 3136 577 3195 carminis
605 3137 785 3209 consuleret,
816 3155 940 3195 novasse
968 3136 1075 3212 rideri,
1108 3136 1234 3193 eundern
1267 3139 1384 3211 autem,
1417 3134 1496 3211 quod

221 3227 376 3301 pauciores
409 3245 500 3301 quam
528 3226 706 3302 Apollonius
739 3226 829 3284 duces
856 3225 1079 3303 Argonauticae
1112 3224 1308 3301 expeditionis
1335 3224 1496 3301 participes

220 3317 312 3374 fuisso
336 3319 452 3391 narrat,
476 3315 514 3372 ad
537 3315 697 3391 genuinam
721 3316 848 3374 formam
871 3315 980 3373 veteris
1001 3316 1100 3373 faniae
1122 3314 1246 3390 propius
1265 3333 1356 3389 quam
1375 3317 1496 3390 poetam

221 3404 456 3463 Alexandrinum
476 3405 621 3462 accedere.
650 3405 854 3479 Argonautica
874 3403 953 3461 enim
973 3404 1120 3479 expeditio
1141 3404 1310 3479 antiquitus
1329 3403 1424 3462 solius
1437 3403 1496 3461 fuit

221 3493 322 3569 stirpis
341 3492 543 3569 Aeolidarum,
566 3496 603 3549 ut
621 3493 763 3552 'l‘hebana
781 3494 860 3551 bella
878 3492 1117 3552 Labdacidarunr
1135 3496 1166 3551 et
1183 3492 1374 3570 Argivorum,
1394 3492 1495 3552 Troia·

221 3603 292 3640 num
311 3582 422 3639 bellum
442 3581 540 3657 gentis
555 3582 730 3640 Atridarum
749 3587 780 3641 et
798 3582 1048 3641 Dardanidarum.
1085 3584 1186 3657 Atque
1207 3582 1262 3640 hoc
1284 3581 1342 3639 ianr
1364 3602 1400 3639 ex
1419 3582 1494 3640 anti-

221 3671 376 3747 quioribus
391 3670 564 3730 auctoribus
578 3671 726 3729 Pindarus
741 3672 900 3747 sumpsisse
916 3672 1043 3749 videtur,
1059 3672 1138 3748 qnod
1158 3691 1216 3729 non
1237 3671 1332 3729 solum
1350 3670 1495 3745 Aeolides,

221 3762 273 3837 qui
297 3761 327 3818 in
352 3759 522 3819 Thessalico
546 3780 618 3838 agro
642 3761 822 3837 regnabant,
845 3761 896 3819 sed
922 3761 1014 3821 etiarn
1039 3780 1102 3839 eoS,
1127 3760 1179 3836 qui
1204 3760 1234 3818 in
1258 3761 1494 3835 Peloponnesum

220 3851 435 3928 migraverant,
458 3853 608 3907 consortes
636 3850 832 3926 expeditionis
861 3851 939 3911 lecit.
986 3852 1086 3910 Umnn
1110 3855 1209 3908 tamen
1238 3849 1337 3908 nescio
1366 3868 1404 3907 an
1432 3850 1494 3925 ipse

220 3939 341 3998 Hesiodi
369 3938 533 4015 personati,
562 3939 614 4014 qui
641 3939 672 3997 in
701 3938 821 4015 Κήυκος
848 3940 932 4024 γάμῳ
960 3940 1119 3999 Herculem
1148 3939 1185 3997 nb
1208 3939 1394 4016 Argonautis
1417 3939 1495 3997 circa

221 4028 403 4107 Magnesiam
430 4028 569 4086 relictum
598 4047 660 4087 esse
687 4029 847 4087 rettulerat
878 4026 982 4099 (schol.
1002 4030 1102 4105 Apoll.
1121 4048 1131 4085 1
1153 4040 1211 4104 las,
1231 4021 1276 4109 a),
1299 4028 1429 4106 vestigia
1451 4046 1493 4087 se-

219 4123 308 4177 cutus
332 4118 495 4194 novaverit,
520 4118 599 4193 quod
624 4136 684 4175 uua
708 4137 774 4176 curn
794 4118 891 4177 Ledae
914 4118 983 4176 tiliis
1007 4120 1099 4177 etiam
1117 4118 1277 4176 Alcmenae
1302 4117 1397 4175 filium
1420 4116 1493 4175 Her·

219 4209 315 4266 aulem
340 4206 464 4265 Colchos
493 4207 686 4284 navigantem
715 4208 793 4267 feeit.
840 4208 869 4265 ls
897 4209 977 4266 enim
1000 4227 1058 4266 non
1083 4208 1179 4266 solum
1203 4207 1288 4265 nulla
1311 4226 1380 4265 cunr
1403 4206 1493 4265 'Phes-

219 4297 311 4354 saliao
334 4295 439 4371 priscis
461 4296 582 4369 regibus
606 4296 754 4356 affinitate
778 4297 955 4356 coniunctus
979 4301 1052 4373 erat,
1071 4298 1121 4355 sed
1141 4297 1232 4355 etiam
1251 4301 1320 4372 post
1338 4297 1493 4373 Argonau·

218 4387 309 4445 ticam
333 4384 548 4461 expeditionem
574 4385 708 4444 floruisse
732 4387 803 4445 olim
823 4386 1010 4462 credebatur,
1033 4390 1069 4443 ut
1088 4386 1218 4444 maxime
1243 4406 1277 4444 ex
1302 4406 1336 4443 eo
1360 4396 1493 4461 apparet,

219 4477 297 4552 quod
321 4477 482 4551 Megaram,
507 4474 598 4531 tiliam
624 4476 767 4551 Creontis,
792 4496 914 4535 uxorem
937 4476 1055 4534 duxisse
1080 4476 1238 4534 serebatur.
1285 4475 1367 4533 Nihil
1393 4478 1492 4533 autem

218 4566 285 4624 miri
309 4565 407 4640 habet,
432 4563 510 4638 ‹prod
536 4564 691 4639 PindnruS,
716 4585 774 4640 quo
795 4565 893 4624 studio
913 4566 1090 4623 Dorieorurrr
1111 4565 1318 4623 institutorum
1338 4563 1493 4641 flagrabat,

218 4659 368 4713 auctorem
402 4654 528 4713 Doricae
561 4653 659 4730 gentis
692 4653 850 4714 Herculem
882 4674 900 4712 a
930 4654 1094 4712 clarissimo
1128 4658 1214 4713 coetu
1248 4654 1492 4730 Argonautarmn

217 4744 318 4803 abesse
338 4744 442 4801 noluit,
482 4745 620 4800 t'eterurrr
640 4745 741 4801 confer
761 4745 796 4801 de
823 4746 925 4803 lasone
945 4748 975 4801 et
995 4744 1179 4819 Argonautis
1203 4743 1342 4820 Seeliger,
1363 4742 1492 4801 ltoscher

217 4834 272 4891 lex.
292 4834 385 4909 myth.
406 4852 427 4889 11
447 4843 479 4889 aa
501 4852 536 4890 ss.
563 4851 569 4888 1
591 4844 642 4889 oon
662 4851 698 4893 ss.
