3442 5550
691 421 849 471 OLYMPIA
868 422 899 473 V.

370 579 476 656 ίκίτας
499 578 599 645 σέθεν
622 583 757 665 ἔρχομαι
782 583 920 657 Λυδίοις

415 687 531 751 ἀπύων
554 686 590 751 ε’ν
613 687 741 769 αὐλοῖς,
1239 708 1273 753 45

1061 883 1152 948 Ἀντ.
1178 883 1219 965 γ’.

289 1006 322 1052 20
367 990 513 1072 αἰτήσων
535 992 634 1054 πόλιν
656 990 706 1055 εὐ-

412 1099 580 1181 ανορίαισι
603 1096 702 1161 τόνδε
726 1103 860 1174 κλυταῖς

260 1264 262 1267 ,
368 1204 573 1279 δαιδάλλειν,
597 1203 637 1268 σε’
657 1203 703 1287 τ’,
722 1203 968 1289 Ὀλυμπιόνικε,
993 1213 1110 1272 Ποσει-

413 1313 581 1376 δανίαισιν
603 1312 716 1388 ἵπποις
1237 1329 1270 1375 σο

366 1417 621 1502 ἐπιτερπόμενον
644 1417 759 1503 φέρειν
783 1428 885 1504 γῆρας
908 1421 959 1483 εὕ-

410 1532 523 1610 θυμον
546 1525 578 1601 ἐς
601 1527 769 1609 τελευτάν,

1080 1721 1148 1787 Ἐπ.
1173 1723 1215 1805 γ’.

367 1831 465 1912 vles,
495 1834 624 1913 Ψαῦμι,
648 1828 908 1913 παρισταμένων.
955 1829 1090 1911 ὑγίεντα

409 1933 439 1999 δ’
467 1942 500 1999 εί
518 1959 569 2011 τις
592 1938 693 2019 ὄλβον
716 1937 823 2020 ἄρδει,

366 2041 528 2133 ἐξαρκέκοτν
552 2044 718 2107 κτεάτεσσι
742 2042 796 2106 καὶ
820 2043 976 2125 εὐλογίαν

409 2154 617 2235 προστιθείς,
640 2152 684 2234 μὴ
707 2150 824 2233 ματεύ-

409 2274 450 2340 σῃ
473 2257 553 2333 θεὸς
577 2255 742 2338 γενέσθαι.

157 2383 286 2391 ·-—-—-
299 2384 344 2389 ..-.
359 2384 362 2389 .

223 2454 264 2503 20.
284 2446 445 2516 εόανορίαις
464 2451 490 2504 Α
515 2482 547 2491 -
572 2456 613 2503 21.
634 2448 779 2504 δαιδάλεον
801 2451 872 2504 U—
893 2450 949 2502 οόλ.
970 2449 1000 2502 D
1018 2480 1050 2489 -
1071 2447 1296 2504 ποοειδανίαισιν
1315 2450 1428 2505 Boeckh

155 2524 312 2660 mmmm?
331 2521 513 2647 egholiorum:
536 2523 759 2575 ποοειδανίοισιν
781 2524 939 2592 (ποσειδων,
960 2522 998 2587 Α)
1018 2521 1106 2575 AOD
1129 2552 1164 2560 -
1188 2529 1229 2576 2³4.
1255 2521 1383 2576 sessivam
1401 2524 1429 2577 A

154 2733 341 2806 Olympicum
361 2752 425 2789 nam
444 2734 581 2788 Demetrii
599 2735 650 2789 See
672 2735 709 2788 sis
728 2734 922 2789 testimonium
935 2734 1032 2802 (schol.
1048 2733 1079 2788 0.
1094 2753 1111 2786 v
1125 2739 1162 2804 ιε)
1177 2735 1207 2788 in
1225 2734 1307 2790 Elide
1323 2734 1428 2792 Ἰδαῖον

155 2805 256 2873 ἄντρον
274 2805 348 2860 Iovis
368 2823 477 2860 sacrum
496 2805 582 2860 fuisse
601 2754 740 2860 tradentis
760 2822 889 2875 spernere
908 2823 941 2860 eo
961 2805 1050 2874 magis
1070 2805 1196 2873 iniquum
1217 2824 1278 2861 esse
1292 2807 1428 2877 ducimus,

153 2877 226 2945 quod
245 2877 405 2931 sacerdotes
424 2877 486 2930 Elei
504 2877 592 2932 etiam
610 2876 691 2930 ludos
707 2876 867 2947 Olympii-os
882 2878 918 2931 ab
933 2877 1052 2930 Hercule
1067 2875 1192 2931 Cretensi
1208 2878 1352 2932 institutos
1368 2897 1428 2934 esse

153 2947 303 3002 tradebant
330 2948 422 3017 (Paus.
443 2968 459 3000 v
478 2965 499 3016 ι,
518 2952 542 3018 ιι)
570 2951 599 3002 et
627 2948 760 3018 templum
790 2950 911 3018 Magnae
938 2947 1037 3001 matris
1065 2950 1213 3019 (μητρῷον)
1240 2948 1426 3020 Olympicum,

151 3018 278 3088 quamvis
302 3019 441 3074 recentius
460 3022 489 3073 et
508 3019 709 3073 diadochorum
728 3023 822 3075 aetate
842 3019 1029 3085 aedificatum,
1050 3022 1145 3073 tamen
1164 3019 1193 3072 in
1213 3019 1305 3073 locum
1324 3021 1427 3075 veteris

151 3089 246 3145 sacelli
262 3090 322 3145 eins
336 3091 407 3146 deae
421 3090 588 3145 successisse
603 3093 726 3155 constut3
746 3110 770 3144 s.
787 3089 931 3144 Bdttichcr
946 3088 1077 3159 Olympia
1091 3106 1139 3158 aas,
1157 3090 1281 3144 Lfibbert
1297 3092 1332 3145 de
1346 3091 1425 3146 Pind.

151 3178 234 3216 carm.
245 3161 276 3215 0.
288 3180 341 3233 xp.
354 3180 378 3217 ιο
388 3181 423 3218 ss.
437 3194 469 3203 -
486 3169 527 3217 19.
543 3159 657 3225 Λυδίοις
672 3161 821 3224 ἐναύλοις·
839 3160 917 3214 tibiis
932 3178 986 3215 non
1001 3160 1030 3213 in
1047 3161 1135 3229 Lydia
1148 3160 1241 3227 factis,
1257 3161 1306 3214 sed
1321 3164 1426 3217 λυδιστλ

108 3238 111 3243 ’
149 3232 333 3358 ἡρμοσμένοις
347 3257 381 3275 ⁴-
396 3239 438 3288 21.
458 3231 500 3288 σε’·
520 3251 619 3358 {aarum
633 3236 759 3300 venuste,
777 3251 839 3286 cnm
854 3231 939 3303 paulo
954 3235 1020 3285 ante
1035 3233 1129 3286 lovem
1143 3231 1316 3314 appellasset
1330 3242 1365 3303 (v.
1383 3240 1425 3303 ιν),

149 3321 222 3359 nunc
260 3303 417 3358 saumidem
436 3305 518 3428 appel
533 3308 563 3358 at
584 3338 614 3344 --
636 3311 678 3358 21.
698 3302 923 3358 Ποσειδανίαισι·
944 3304 978 3358 de
997 3303 1130 3373 Neptuno
1149 3320 1189 3358 rei
1209 3305 1346 3373 equestris
1365 3306 1426 3358 fau·

149 3380 209 3430 tore
228 3375 300 3429 conf.
320 3376 350 3429 P.
366 3395 393 3428 vi
409 3394 447 3442 ³⁰3
482 3375 583 3431 eminis
603 3379 697 3430 nutem
717 3375 810 3445 potius
830 3392 913 3442 quam
934 3374 1058 3428 maribus
1078 3374 1200 3429 Graecos
1220 3375 1250 3429 in
1268 3375 1426 3430 certamini-

150 3446 202 3501 bus
221 3463 285 3501 usos
310 3464 371 3501 esse
398 3450 497 3501 notum
519 3450 574 3513 est;
600 3448 633 3502 cs.
654 3448 684 3501 O.
705 3467 732 3499 vi
753 3465 785 3501 ιι.
806 3446 1094 3500 vu151.P.1v1;.l.
1115 3465 1125 3498 1
1143 3462 1177 3501 ss.
1198 3466 1215 3500 v
1234 3463 1246 3501 σ
1266 3479 1300 3488 -
1318 3453 1360 3502 22.
1381 3447 1426 3502 εὖ·

148 3522 243 3588 θυμόν
261 3522 355 3572 utrum
375 3518 412 3573 ad
431 3527 518 3588 γῆρας
541 3536 578 3572 an
601 3519 638 3572 ad
663 3518 795 3573 τελευτάν
819 3516 924 3571 referas
949 3518 1040 3588 possis
1066 3517 1197 3572 dubitare
1221 3550 1254 3558 —
1279 3524 1320 3573 23.
1341 3518 1426 3592 ὄλβον

149 3589 230 3659 ἄρδει
248 3589 384 3644 audacius
402 3592 487 3662 poeta
506 3589 625 3659 agrestis
645 3589 718 3643 dixit
736 3590 773 3644 ad
788 3589 945 3660 exemplum
959 3588 1038 3644 Pind.
1054 3590 1073 3645 l.
1089 3609 1116 3643 v1
1130 3607 1156 3644 οι
1170 3589 1283 3658 πάτραν
1296 3588 1426 3658 Χαρίτων

149 3661 265 3728 ἄρδοντι
289 3658 420 3736 καλλίστᾳ
445 3659 547 3733 δρόσῳ·
572 3662 643 3715 conf.
663 3661 736 3716 Plat.
755 3678 812 3731 rep.
832 3680 881 3714 vm
899 3679 925 3730 p.
941 3676 1003 3716 σόοι
1025 3669 1075 3716 τοῦ
1094 3659 1145 3731 μὲν
1163 3662 1269 3729 πατρὸς
1287 3663 1375 3716 αὐτοῦ
1393 3661 1425 3715 τὸ

148 3732 303 3803 λογιστικὸν
322 3731 353 3786 ἐν
372 3741 404 3803 τῇ
425 3741 500 3802 ψυχῇ
519 3732 654 3800 ἄρδοντος
673 3733 721 3785 καλ
740 3732 874 3798 αὔξοντος
892 3765 927 3772 -
945 3737 987 3787 24.
1007 3732 1043 3801 μὴ
1059 3733 1180 3804 ματεύσῃ
1194 3734 1264 3795 θεὸς
1278 3732 1425 3801 γενέσθαι·

148 3802 264 3874 illepide
283 3803 435 3857 Pindarum
454 3804 474 3857 l.
489 3823 506 3856 v
522 3821 546 3857 ιι
564 3804 600 3872 μὴ
620 3802 722 3873 μάτευε
744 3806 812 3866 Ζεὺς
830 3803 965 3873 γενέσθαι
984 3803 1111 3857 imitatus
1130 3807 1180 3858 est.
1216 3803 1424 3858 Proverbialem

146 3874 204 3928 vim
222 3874 428 3930 sentententiae
447 3874 593 3928 illustrant
611 3876 692 3929 Isocr.
713 3874 794 3944 epist.
814 3894 835 3942 ο,
856 3892 867 3929 a
887 3873 971 3930 οὐδὲν
994 3875 1047 3944 γὰρ
1072 3875 1149 3928 ἔσται
1172 3875 1271 3929 λοιπὸν
1290 3875 1329 3930 ἔτι
1350 3875 1423 3944 πλὴν

148 3945 221 4000 θεὸν
239 3943 374 4015 γενέσθαι
393 3949 423 4000 et
440 3944 558 3999 Laconis
577 3948 645 4000 nota
664 3962 718 3999 vox
738 3946 774 3999 ad
792 3946 944 4016 Diagoram
964 3945 1180 4016 olympionicam
1202 3964 1246 4016 ap.
1266 3947 1320 4001 Cic.
1340 3947 1422 4001 Tusa.

147 4036 156 4069 1
175 4033 210 4082 ιι,
230 4034 280 4072 111:
304 4036 365 4072 cum
384 4018 510 4072 Rhodias
528 4018 683 4088 Dispersa,
705 4018 905 4087 Olympionices
927 4020 1039 4086 nobilis,
1061 4035 1118 4072 ναν
1136 4019 1181 4073 dic
1200 4020 1254 4072 duo
1271 4034 1334 4073 οιτον
1351 4020 1424 4085 tilios

146 4091 259 4143 victores
279 4089 422 4159 Olympiae
440 4089 564 4155 vidisset,
582 4092 693 4144 accessit
713 4090 811 4157 (Laco)
831 4090 870 4143 nd
887 4106 974 4143 senem
992 4095 1017 4143 ct
1035 4089 1206 4160 pratulatus,
1224 4106 1333 4157 morere,
1351 4091 1423 4144 Dia·

145 4175 228 4230 ροτο,
246 4161 351 4231 inquit,
368 4176 425 4215 νον
442 4161 514 4216 enim
532 4161 563 4215 in
580 4162 685 4216 caelum
703 4177 865 4216 accessurus
883 4177 917 4215 es.
