3442 5550
746 1369 905 1423 umora.
925 1371 966 1421 Z.

499 1532 803 1617 ΣΩΓΕΝΕΙ
849 1531 1216 1615 ΑΙΓΙΝΗΤΗι

748 1724 969 1779 ΠΕΝΤΑΘΛΩι.

770 2011 946 2083 strophae.

310 3696 344 3753 ln
368 3698 422 3756 hoc
446 3699 574 3758 carmine
594 3699 712 3758 duabus
732 3698 892 3774 provinciis
911 3703 1000 3773 poeta
1019 3700 1140 3757 functus
1164 3702 1210 3757 eat
1233 3700 1264 3755 et
1287 3697 1407 3773 epinicii
1424 3697 1494 3756 scri·

221 3784 316 3861 bandi,
341 3805 400 3862 quo
418 3786 575 3846 victoriam
596 3788 720 3865 Sogenis
738 3787 919 3846 Nemeaeum
939 3786 1114 3864 illustraret,
1133 3789 1164 3846 et
1186 3786 1366 3847 detensionis
1385 3785 1494 3846 haben·

218 3873 281 3950 dae,
304 3895 366 3951 qua
389 3876 520 3952 crimina,
544 3875 655 3952 quibus
678 3875 715 3934 ob
740 3894 883 3952 paeanem
907 3879 998 3936 antea
1020 3875 1144 3952 Delphis
1168 3877 1283 3935 lactum
1303 3895 1321 3935 a
1340 3875 1495 3935 malevolis

217 3963 387 4023 bominibus
410 3965 577 4042 petebatur,
601 3966 801 4044 redargueret.
847 3965 1080 4042 Neoptolemum
1103 3965 1191 4042 enim,
1214 3965 1268 4042 qui
1291 3965 1369 4025 inter
1391 3965 1495 4025 heroos

218 4053 406 4129 Aeginetioos
434 4059 510 4131 erat,
539 4055 570 4112 in
599 4074 711 4131 paeane
739 4054 791 4113 illo
820 4055 918 4114 verbis
946 4052 1139 4133 ἀμφιπόλοισι
1162 4053 1351 4132 μαρνάμενον
1375 4061 1494 4133 μοιριᾶν

217 4139 281 4218 περὶ
303 4151 391 4219 τιμᾶν
415 4140 596 4204 ἀπολωλέναι
624 4136 665 4225 (v.
688 4144 776 4204 schol.
801 4144 839 4203 ad
863 4164 909 4205 vv.
930 4156 972 4206 94.
994 4136 1060 4224 150)
1090 4147 1247 4220 tamquam
1270 4145 1417 4203 latronem
1440 4143 1494 4201 im·

217 4230 342 4306 probum
367 4237 397 4290 et
420 4233 599 4312 sacrilegum
622 4234 790 4293 diffamasse
814 4234 1017 4294 incusabatur.
1055 4232 1153 4291 Huius
1176 4232 1271 4310 igitur
1293 4232 1425 4293 criminis
1449 4231 1493 4290 in-

216 4320 328 4379 vidiam
352 4321 493 4396 primum·
506 4324 640 4383 omnium
667 4323 723 4383 sibi
751 4323 931 4383 abluendam
959 4343 1021 4383 esse
1049 4321 1186 4399 putabat,
1210 4342 1247 4381 ne
1269 4322 1494 4399 lleginotarum¹

217 4428 293 4485 quos
318 4431 352 4468 er
371 4411 471 4470 animo
490 4411 643 4491 diligebat,
662 4414 763 4472 lavore
782 4413 953 4489 privaretur
972 4432 1044 4472 neve
1063 4411 1198 4471 carmina
1216 4430 1272 4470 sua
1290 4411 1327 4471 ab
1347 4410 1493 4469 obtrecta-

217 4499 332 4558 toribus
360 4499 455 4560 sibilis
485 4502 718 4580 exagitarentur.
768 4502 852 4561 Adeo
882 4505 986 4561 autem
1015 4501 1090 4560 hanc
1121 4500 1300 4561 defensionis
1331 4518 1434 4558 curam
1462 4499 1493 4557 in

216 4590 280 4647 toto
312 4590 441 4648 carmine
472 4592 643 4666 praevalere
674 4590 784 4667 voluit,
815 4593 851 4648 ut
874 4594 904 4649 et
927 4593 1089 4650 metrorum
1112 4610 1220 4670 genere
1244 4609 1292 4665 eo,
1320 4588 1401 4665 quod
1424 4607 1494 4665 pae-

216 4696 308 4736 anum
327 4679 482 4754 proprium
496 4683 582 4757 esset,
601 4682 737 4739 uteretur
755 4683 786 4738 et
805 4679 933 4739 colorem
952 4699 1102 4756 paeonum
1120 4679 1372 4756 dithyrambicum
1390 4677 1493 4737 multi·

216 4765 320 4825 tudine
351 4766 528 4845 figurarum,
560 4769 742 4828 transituum
770 4769 899 4845 abrupta
929 4770 1038 4846 forma,
1068 4769 1227 4829 verborum
1249 4766 1493 4843 transpositionis

216 4855 343 4915 audacia
372 4856 549 4919 imitaretur.
596 4858 681 4928 Quod
712 4861 813 4918 autem
849 4879 885 4918 ex
920 4859 1072 4919 veteribus
1108 4857 1312 4936 grammaticis
1347 4857 1494 4934 nonnulli,
