3442 5550
705 1269 871 1323 moulon.
891 1268 927 1320 P'
947 1266 986 1321 Δ’.

511 1433 849 1519 ΜΕΛΙΣΣΩι
898 1429 1183 1515 ΘΗΒΑΙΩι

657 1630 791 1681 ΙΠΠΟΙΣ
810 1625 1038 1681 unvammai.

306 3509 374 3568 Duo
398 3508 531 3567 carmina
554 3507 576 3565 I.
597 3526 630 3564 111
654 3513 899 3582 ct1v‚quorum
927 3507 1010 3582 prius
1033 3507 1174 3566 victorias
1202 3508 1289 3586 duae,
1317 3508 1492 3569 isthmicam

217 3599 373 3677 pancratio
402 3603 432 3656 et
460 3597 639 3656 Nemeaeum
667 3596 822 3673 quadrigis
849 3599 968 3671 partam
991 3588 1032 3676 (v.
1055 3590 1114 3675 11),
1144 3598 1273 3655 alterum
1296 3598 1392 3657 solam
1416 3598 1492 3657 Isth·

219 3689 326 3747 micam
350 3687 484 3744 illustrat
507 3678 548 3766 (v.
569 3677 626 3766 38),
650 3685 753 3744 iisdem
775 3685 877 3743 metris
896 3685 1060 3761 composita
1080 3689 1158 3746 sunt.
1196 3685 1281 3756 Quod
1300 3706 1368 3745 cum
1387 3706 1408 3746 a
1426 3707 1492 3748 con-

220 3777 378 3836 suetudine
402 3775 523 3834 Pindari
547 3775 578 3832 in
601 3793 782 3850 unoquoque
806 3774 935 3833 carmine
955 3774 1021 3832 aliis
1045 3775 1176 3833 numeris
1198 3776 1303 3834 utendi
1326 3775 1493 3854 abhorreat,

219 3868 286 3925 inde
306 3865 505 3925 excusandum
525 3884 588 3923 esse
604 3863 817 3922 Constantinus
836 3864 923 3921 Bulle
944 3857 1107 3944 (Bremens.
1124 3884 1221 3941 progr.
1239 3867 1322 3924 1869
1344 3869 1375 3923 et
1388 3865 1494 3925 Jahrb.

219 3960 239 4015 f.
259 3957 294 4015 el.
314 3955 390 4014 Phil.
411 3966 461 4013 103
481 3946 607 4034 (1870),
627 3964 678 4010 585
698 3944 750 4033 ss.)
770 3952 878 4029 docuit,
898 3953 978 4027 quod
997 3953 1055 4012 duo
1075 3954 1147 4011 haec
1166 3954 1298 4012 carmina
1316 3974 1376 4012 non
1396 3955 1491 4014 solum

219 4046 272 4105 uni
302 4045 456 4121 eidemque
484 4043 597 4103 homini
626 4042 749 4118 scripta,
778 4042 827 4100 sed
856 4041 946 4099 ctiam
970 4045 1006 4099 ut
1028 4043 1117 4100 simul
1141 4046 1319 4102 canerentur
1342 4043 1493 4102 destinata

223 4136 358 4194 fuissent.
404 4135 524 4193 Etenim
551 4153 619 4192 curn
643 4132 771 4207 epinicia
794 4150 853 4190 non
876 4150 992 4207 semper
1014 4132 1155 4191 continuo
1179 4137 1248 4207 post
1269 4132 1427 4192 victoriam
1452 4153 1493 4192 re·

222 4228 383 4302 portatam,
407 4223 458 4283 sed
482 4242 568 4298 saepe
593 4221 749 4297 aliquanto
772 4225 849 4297 post,
872 4223 1041 4295 opportuna
1064 4221 1216 4280 occasione
1240 4221 1350 4299 oblata,
1374 4241 1495 4301 ageren-

219 4320 279 4392 tur,
302 4315 457 4373 Melissum
480 4312 656 4370 Thebanum
679 4309 811 4368 conicere
834 4308 917 4387 licet,
941 4329 1009 4368 cum
1036 4311 1165 4386 primum
1189 4310 1316 4370 Isthmia
1338 4311 1494 4387 pancratio

219 4425 309 4464 verno
338 4407 471 4478 temporo
499 4401 633 4475 vicisset,
661 4399 838 4475 Pindarum,
866 4401 902 4455 ut
928 4399 1055 4474 epinicio
1083 4400 1212 4459 carmine
1237 4400 1313 4460 hanc
1336 4401 1493 4462 victoriam

220 4494 400 4568 illustraret,
429 4490 599 4566 adduxisse,
628 4489 677 4546 scd
705 4508 772 4546 cum
800 4491 914 4546 aestate
938 4489 1089 4564 sequentis
1113 4489 1196 4567 anni,
1220 4490 1398 4565 priusquam
1421 4490 1494 4548 illud

221 4582 381 4658 epinicium
406 4582 571 4654 caneretur,
595 4597 703 4637 novam
725 4577 883 4636 victoriam
906 4578 1041 4636 curulem
1064 4578 1184 4637 Nemeis
1207 4583 1385 4638 consecutus
1410 4582 1495 4655 osset,

220 4672 345 4729 eundem
370 4689 506 4745 rogasse,
529 4671 566 4726 ut
588 4667 664 4725 hanc
688 4686 807 4743 quoque
831 4686 969 4725 coronam
994 4686 1054 4724 una
1078 4687 1145 4725 cum
1169 4669 1222 4726 illa
1243 4668 1439 4747 praedicaret,
1465 4669 1495 4727 id

221 4759 300 4836 quod
328 4763 417 4834 poeta
446 4758 490 4816 ita
517 4758 600 4832 fecit,
629 4761 663 4813 ut
686 4776 753 4814 cum
778 4756 837 4814 iam
862 4757 989 4814 alterum
1013 4757 1174 4831 epinicium
1198 4757 1384 4835 perfecisset,
1407 4759 1494 4818 breve

220 4848 354 4906 odarium
389 4848 480 4906 trium
511 4846 714 4923 stropharum,
745 4864 804 4920 quo
835 4845 962 4920 duplicis
991 4845 1133 4905 victoriae
1163 4847 1344 4906 mentionem
1375 4849 1495 4926 faceret,
