3442 5550
689 377 848 429 OLYMPIA
867 375 942 425 xm.

271 542 386 607 εὐθεῖα
409 544 562 622 γλῶσσαν
584 537 698 624 ὀρνύει
722 535 842 619 λέγειν·

269 650 397 733 ἀμαχον
420 642 457 711 δὲ
480 646 558 730 κρύ-
572 656 633 723 ψαι
656 646 692 709 τὸ
717 639 874 726 συγγενὲς
896 636 989 724 ἦθος.

270 756 375 840 ὔμμιν
398 752 450 837 δέ,
473 753 589 829 παῖδες
606 749 740 832 Ἀλάτα,
763 749 869 815 πολλὰ
892 745 952 833 μὲν
975 772 1024 812 νι-

313 864 464 945 καφόρον
486 859 628 942 ἀγλαΐαν
642 899 656 906 -
671 859 808 922 ὤπασαν

202 985 235 1034 15
272 969 389 1052 ἄκραις
412 965 543 1050 ἀρεταῖς
565 964 821 1051 ὑπερελθόντων
845 963 946 1049 ίεροῖς
969 960 1005 1025 έν
1028 959 1178 1039 ἀέθλοις,

271 1073 377 1139 πολλδι
401 1071 432 1138 δ’
457 1072 683 1158 ἐν-καρδίαις
705 1070 839 1157 ἀνδρῶν
862 1072 982 1152 ἔβαλον

276 1282 372 1374 Ὧραι
394 1286 624 1371 πολυάνθεμοι
647 1285 705 1370 ἀρ-

317 1405 394 1479 χαῖα
416 1396 618 1478 σοφίσματα·
642 1402 709 1458 πᾶν
733 1389 765 1456 δ’
791 1391 947 1476 εὑρόντος
970 1393 1078 1476 ἔργον.

274 1499 327 1567 ταὶ
351 1502 532 1566 Διωνύσου
554 1504 661 1566 πόθεν
685 1498 842 1583 ἐξέφανεν

275 1611 339 1674 σὺν
362 1608 507 1694 βοηλάτᾳ
529 1607 659 1691 χάριτες
672 1647 685 1655 -
700 1605 913 1692 διθυράμβφ;

205 1736 240 1782 20
276 1718 326 1792 τίς
349 1716 413 1798 γὰρ
437 1715 579 1790 ἱππείοις
603 1712 638 1777 ἐν
661 1716 809 1777 ἔντεσσιν
832 1711 949 1797 μέτρα,

276 1821 296 1905 ἣ
319 1828 410 1886 θεῶν
433 1832 565 1885 ναοῖσιν
588 1821 717 1884 οἰωνῶν
740 1818 877 1905 βασιλέα
900 1820 1042 1903 δίδυμον

276 1926 426 2013 ἐπέθηκ’,
450 1926 486 1992 ἐν
509 1924 546 1991 δὲ
569 1925 671 1991 Μοῖσ’
700 1926 881 2003 ἁδύπνοος,

190 2054 401 2063 ---—-—-

261 2126 302 2175 14.
333 2120 446 2175 ὤπασεν
473 2120 511 2175 0¹
536 2151 572 2159 -
599 2127 639 2174 15.
670 2121 876 2189 ὑπερελθοῖισιν
903 2120 1008 2174 Meeeh.
1036 2151 1072 2159 -
1099 2116 1228 2173 ἀέθλοισι
1254 2116 1282 2171 Β
1297 2115 1406 2171 GDE
1433 2144 1466 2153 -

190 2199 231 2248 Π.
258 2189 424 2262 σοφίσματα.
450 2189 529 2245 ἅπαν
554 2191 622 2260 130,
642 2189 801 2261 σοφίσματ’.
826 2190 905 2246 ἅπαν
923 2191 965 2247 D:
991 2188 1149 2260 σοφίσμαθ’
1170 2189 1248 2243 ἅπαν
1266 2190 1336 2258 Byr.
1356 2191 1386 2242 et
1403 2185 1466 2240 edd.

189 2295 222 2305 -
243 2268 285 2318 18.
305 2265 383 2317 διων.
398 2261 516 2317 Mosen:
537 2264 607 2317 διον.
623 2263 712 2317 ΒΟΙ)
732 2295 763 2302 -
784 2268 825 2317 19.
846 2262 971 2335 βοηλάτω
993 2265 1065 2318 0-
1086 2267 1127 2315 20.
1147 2263 1188 2323 τίς
1207 2259 1235 2314 δ’
1252 2259 1299 2328 ἀρ’
1316 2260 1467 2324 Hermann,

208 2333 376 2390 robebiliter
395 2364 428 2374 —
447 2331 680 2388 fortissimorum
700 2366 732 2374 -
753 2333 877 2388 ἔντεσσιν
891 2334 1009 2389 Mosen:
1029 2333 1118 2387 ἔντεσι
1133 2333 1160 2387 Β
1167 2332 1224 2389 01)
1238 2363 1272 2372 -
1291 2338 1333 2385 21.
1354 2325 1468 2403 βασιλέα

188 2354 336 2461 δὶοθοίιλιί
362 2405 481 2477 βασιλῆα
503 2405 594 2473 codd„
614 2407 732 2477 βασιλῆα
755 2407 893 2475 δι’δνμνον
912 2404 1042 2460 Boeckh¹
1062 2437 1094 2445 -

263 2554 306 2602 14.
322 2545 430 2602 ’Atetta‘
447 2547 546 2602 schot:
562 2545 671 2616 Ἀλήτης
682 2546 803 2617 ἡγήσατο
813 2556 862 2618 τῆς
872 2545 1005 2612 ἀποικίας
1013 2557 1069 2603 τῶν
1079 2545 1278 2617 Ἡρακλειδῶν,
1288 2544 1333 2601 dte
1349 2544 1375 2601 ολ
1386 2541 1469 2610 Ἡρα·

191 2622 299 2675 κλεῖδαι
317 2619 458 2690 κατῄεσαν
478 2619 517 2682 είς
535 2617 764 2688 Πελοπόννησον,
784 2621 832 2673 καὶ
851 2620 936 2683 αὐτὸς
954 2617 993 2683 εἷς
1012 2618 1051 2674 ὧν
1069 2628 1125 2674 τῶν
1140 2617 1341 2687 Ἡρακλειδῶν·
1361 2612 1397 2687 ἦν
1416 2614 1469 2684 γὰρ

188 2690 320 2747 Ἱππότου
339 2700 389 2744 τοῦ
410 2690 552 2752 Φύλαντος
570 2698 620 2744 τοῦ
637 2688 775 2761 Ἀντιόχου
794 2699 843 2745 τοῦ
859 2690 1039 2760 Ἡρακλέους·
1060 2686 1140 2753 οὗτος
1159 2689 1292 2759 ἐκράτησε
1312 2689 1469 2759 Κορίνθου

191 2761 290 2832 διόπερ
308 2764 416 2825 παῖδας
434 2756 513 2815 εἶπεν
529 2759 639 2829 ’Κλήταν
657 2763 722 2825 τοὺς
741 2761 914 2830 Κορινθίους
932 2764 969 2825 ὡς
987 2762 1153 2832 ἀπογόνους.
1191 2760 1315 2832 Δίδυμος
1333 2762 1366 2816 δέ
1384 2779 1471 2831 φησιν

190 2837 241 2889 τὸν
252 2832 365 2902 ’,ἀλήτην
379 2833 416 2902 μὴ
431 2832 557 2901 οἰκιστὴν
571 2841 619 2902 τῆς
629 2831 775 2899 Κορίνθου
789 2832 945 2903 γεγονέναι,
955 2833 1031 2909 ἀλλὰ,
1041 2833 1156 2956 βασιλέα
1172 2832 1225 2887 ἔτει
1239 2838 1392 2906 τριηκοστῷ
1402 2833 1471 2903 μετὰ

189 2902 466 3031 esseest
478 2902 637 3044 tett-
658 2902 1471 3030 e‘semetsemetemme

190 3047 250 3103 tiae
271 3046 368 3101 studia
389 3045 517 3114 iniciunt,
537 3045 577 3099 sie
597 3046 629 3101 0.
644 3065 682 3098 vn
697 3062 723 3100 ιι
742 3044 790 3099 Sol
809 3046 926 3100 Ithodiis
947 3079 979 3086 —
1000 3051 1033 3099 18
1048 3066 1088 3115 sq.
1108 3046 1331 3115 dithyrambum,
1351 2995 1471 3115 qudeum

226 3119 301 3174 stiae
316 3116 420 3172 Bacchi
435 3116 598 3171 coniunctas
613 3133 672 3171 esse
687 3120 772 3186 poete
786 3117 941 3187 praedicat,
957 3117 1083 3172 Corinthi
1093 3117 1225 3172 Arionem
1240 3117 1368 3172 docuisse
1383 3118 1473 3172 tradit

191 3138 317 3245 fferodx
333 3205 372 3256 ²³3
387 3189 422 3242 ef.
433 3187 522 3243 Proel.
533 3206 578 3269 up.
589 3189 669 3242 Phot.
680 3188 749 3244 bibl.
761 3204 800 3244 ιω
815 3218 848 3228 ,
865 3194 906 3245 19,
922 3189 1056 3261 βοηλάτη·
1072 3188 1274 3259 grammaticae
1288 3188 1366 3260 leges
1382 3190 1472 3244 solum

193 3261 351 3316 admittunt
380 3259 641 3330 interpretationem
668 3259 843 3329 dithyrambi
870 3277 966 3315 vocem
999 3260 1087 3314 ultum
1120 3260 1282 3328 excitantis,
1314 3278 1407 3330 neque
1437 3261 1472 3314 de

192 3332 274 3389 bovis
301 3348 350 3385 seu
375 3330 501 3401 praemio
528 3346 577 3384 eeu
603 3330 739 3386 sacrificio
765 3332 890 3402 cogitare
916 3332 1020 3386 sinunt.
1057 3331 1163 3386 Schot:
1193 3331 1208 3385 ὁ
1237 3333 1380 3400 Πίνδαρος
1408 3335 1473 3407 βοη·

193 3403 281 3473 λάτην
309 3402 359 3457 τδν
387 3402 567 3474 διθύραμβον
594 3403 810 3491 προσαγορεύει,
838 3402 900 3470 ἤτοι
928 3403 976 3457 διὰ
1004 3404 1036 3458 τὸ
1065 3407 1133 3476 βοῦν
1162 3398 1236 3457 εἶναι
1262 3408 1299 3457 τά
1328 3402 1474 3473 νικήσαντι

194 3475 336 3530 ἔπαθλον·
361 3473 434 3542 λερδς
459 3472 513 3542 γάρ
538 3481 588 3527 τοῦ
614 3474 766 3529 Διονύσου·
795 3495 813 3542 η
839 3475 887 3528 διὰ
913 3476 945 3529 τό
971 3474 1142 3529 ἐλαύνεσθαι
1167 3474 1255 3528 αὐτόν
1273 3460 1322 3529 διὰ
1340 3478 1408 3548 βοῆς
1427 3476 1475 3529 ιιαλ

193 3545 335 3616 λέγεσθαι.
373 3544 389 3598 δ
416 3542 560 3613 Πίνδαρος
589 3544 620 3599 δὲ
649 3543 679 3599 έν
708 3554 766 3608 τοῖς
793 3544 1001 3616 Ὑπορχήμασιν
1034 3545 1064 3600 ἐν
1092 3544 1179 3619 Νάξῳ
1206 3547 1293 3615 φησὶν
1321 3552 1476 3671 ενρεθηναι

193 3626 305 3688 πρῶτον
319 3615 509 3688 διθύραμβον,
529 3616 559 3670 έν
578 3615 609 3669 δὲ
628 3622 665 3669 τῶ
679 3618 779 3690 πρώτῳ
792 3626 848 3671 τῶν
863 3617 1055 3690 Δνθυράμβων
1071 3616 1100 3671 ἐν
1116 3617 1232 3689 Θήβαις,
1253 3617 1380 3672 ἐνταῦθα
1398 3620 1416 3671 δ
1445 3614 1476 3672 έν

195 3690 331 3760 Κορίνθῳ
351 3719 385 3769 -7
403 3692 446 3742 20.
466 3685 553 3768 μέτρα
570 3672 706 3768 intellego
726 3688 812 3757 frene,
833 3706 920 3741 unum
938 3706 1026 3760 genus
1044 3705 1182 3743 armorum
1197 3687 1375 3757 equinorum3
1395 3690 1475 3743 frene

197 3764 294 3815 sutem
312 3774 392 3828 equis
411 3758 552 3812 moderari
570 3761 675 3828 optime
694 3763 778 3828 poete
792 3758 853 3829 ipse
868 3760 942 3814 infru
956 3780 981 3815 v.
998 3776 1023 3815 οι
1037 3778 1073 3814 ee.
1089 3759 1225 3828 exposuit.
1256 3760 1309 3824 Qui
1323 3761 1476 3830 Didymum

196 3837 233 3901 (τ.
249 3830 349 3900 schol.)
368 3828 457 3883 secuti
475 3829 648 3884 Pheidonem
662 3828 838 3884 Corinthium
856 3831 1029 3886 inventorem
1049 3848 1096 3886 seu
1111 3833 1263 3885 metrorum
1279 3835 1307 3885 et
1321 3833 1476 3901 ponderum

195 3920 245 3958 seu
266 3905 347 3984 rotee
365 3899 500 3983 figulinpe
518 3904 620 3971 poetae
638 3901 726 3983 menti
750 3903 933 3983 obversatum
953 3920 1014 3957 esse
1037 3904 1152 3973 putent,
1176 3920 1232 3956 non
1255 3902 1399 3993 explicupt
1421 3919 1476 3971 quo

197 3977 297 4101 lsiddidlo..
310 3974 629 4098 ldgddzqudldittdrddss
648 3975 1037 4113 άίῗδνριβΐσιίῖθῐλθέηδίοδδδτῃδ
1049 3976 1315 4108 κατὰλάόὺςβδάάάδζ
1328 3978 1479 4101 τδδὸδμέάν

197 4115 310 4186 ἀίτωμα
328 4114 428 4186 (Giebe
452 4114 516 4183 eld).
545 4116 650 4183 δίδυμα
669 4111 892 4197 (Aidepsos-cod,
912 4133 980 4172 corr.
996 4116 1093 4185 Lehre)
1113 4114 1145 4170 δέ
1164 4134 1260 4185 φησιν,
1279 4115 1321 4171 ὅτι
1340 4120 1425 4172 διπλᾶ
1443 4116 1479 4170 τὰ

197 4189 270 4243 ἀετί)
327 4206 360 4255 α,
383 4184 504 4240 ὄπισθεν
523 4187 571 4239 καὶ
594 4184 762 4255 ἔμπροσθεν.
800 4187 945 4258 Onginem
969 4191 1064 4242 sutem
1087 4188 1169 4241 huius
1193 4188 1408 4259 significationis
1431 4204 1478 4242 vo·

198 4258 251 4314 cab
285 4258 292 4270 '
318 4256 479 4327 ἀκάματος
500 4256 654 4310 Pindarum
675 4273 732 4310 non
755 4274 790 4312 ex
816 4256 1001 4313 similitudine
1025 4259 1148 4327 quedam
1175 4258 1284 4341 fastigii
1311 4260 1389 4314 aedis
1416 4276 1479 4313 eum

198 4330 297 4399 equile
320 4327 382 4382 eles
406 4327 574 4382 extendente
597 4327 743 4397 repetiisse
768 4331 861 4398 patet,
888 4331 938 4385 sed
961 4347 995 4385 ex
1019 4347 1064 4399 eo,
1090 4330 1164 4399 quod
1189 4331 1316 4399 aquilam
1339 4332 1430 4401 ipsam
1449 4331 1479 4383 in

199 4416 309 4457 summo
331 4398 448 4468 fastigio
471 4399 550 4454 aedis
573 4398 694 4469 primum
716 4404 870 4470 posuerunt-
893 4400 1038 4471 (ἐπέθηκε)
1062 4406 1091 4455 et
1113 4405 1213 4470 posteo
1239 4402 1352 4472 aquilae
1378 4418 1479 4458 nomen

199 4471 289 4527 etism
309 4470 347 4524 sd
365 4472 531 4552 tympanum
549 4474 579 4524 et
595 4471 701 4541 figurae
720 4471 750 4525 in
769 4488 801 4525 eo
820 4472 928 4541 positus
947 4476 1092 4527 traxerunt
1112 4505 1143 4512 —
1165 4470 1301 4543 ἐπέθηκε·
1328 4473 1431 4528 rectius
1450 4472 1479 4525 iu

199 4544 271 4597 dues
290 4544 388 4612 portes
407 4541 517 4596 divides
536 4538 583 4594 ἐπ’
604 4541 700 4611 ἔθηκε,
719 4542 1034 4613 quandoquidemttne
1050 4544 1087 4598 ad
1104 4548 1375 4614 utramquepartem
1395 4561 1480 4597 enun-

200 4614 284 4681 eisti‚
304 4613 351 4666 ee
371 4611 462 4666 solem
480 4612 516 4665 ed
573 4613 719 4668 steriorem
737 4614 861 4683 pertinet
880 4648 912 4655 -
932 4622 974 4670 22.
998 4621 1108 4670 Μοῖσα·
1132 4615 1202 4670 cleri
1220 4615 1294 4669 inter
1311 4619 1411 4685 poetes
1429 4614 1479 4668 Co·

200 4684 324 4739 sinthios
348 4685 430 4736 erant
451 4683 585 4737 Eumene
608 4683 716 4756 epicos,
740 4685 827 4739 Arion
851 4686 913 4740 dith
933 4687 1086 4754 iambicus,
1110 4688 1203 4742 Aeson
1226 4686 1337 4755 lyricus.
1375 4685 1481 4741 schot:

201 4763 285 4811 τοῦτο
310 4752 361 4807 διὰ
383 4753 432 4807 τὸν
457 4754 607 4823 Εὔμολπον
630 4756 774 4825 (Εὔμηλον
796 4774 851 4812 em.
866 4758 911 4811 W'
926 4759 1065 4825 emowitz)
1085 4758 1153 4813 ὄντα
1173 4760 1330 4826 Κορίνθιον
1348 4759 1396 4812 καὶ
1415 4757 1481 4828 γρά-

204 4839 304 4899 φαντα
324 4825 423 4879 νόστον
436 4833 492 4879 τῶν
507 4823 655 4893 Ἑλλήνων.
675 4827 774 4891 άλλως·
794 4827 874 4884 τοῦτό
894 4848 981 4899 φησιν
999 4831 1060 4885 ἀντὶ
1081 4838 1131 4884 τοῦ
1149 4831 1279 4900 μουσικοί
1296 4829 1375 4901 εἰσιν,
1393 4826 1482 4898 παρό-

1231 4921 1268 4973 7*
