3442 5550
462 412 498 463 11.
526 412 575 462 DE
594 413 688 463 ARTE
706 412 866 464 METRICA
885 413 1041 464 PlNDARl.
1300 411 1390 465 XXXI

101 580 226 639 tarum.
272 572 394 637 Eadem
423 577 532 637 autem
559 574 625 638 iam
648 574 752 639 multo
777 574 1015 659 antiquioribus
1039 574 1243 657 temporibus
1266 575 1389 639 radices

101 702 183 744 suas
217 685 338 766 egerat.
389 678 434 744 Ut
466 680 552 745 enim
585 681 825 747 Anacreontem
858 683 971 745 ducem
1005 686 1038 744 et
1070 681 1262 766 signiferum
1292 682 1389 746 huius

95 787 337 852 cantilenarum
365 787 456 851 lusus
485 786 585 853 fnisse
613 789 758 875 mittam,
789 788 901 872 hymni
932 809 1060 872 quoque
1089 793 1122 853 et
1149 811 1302 875 paeones,
1329 790 1386 873 qui

97 915 206 978 nuper
233 916 272 959 ex
297 894 452 959 thesauro
477 893 725 961 Atheniensium
749 895 909 980 Delphico
932 894 967 957 in
991 893 1095 959 lucem
1118 896 1276 979 protracti
1300 900 1385 980 sunt,

97 1000 246 1066 eiusdem
266 1001 317 1065 vel
336 1006 423 1066 certe
443 1000 559 1066 similis
578 1001 720 1066 fabricae
740 1007 826 1066 sunt.
857 1000 964 1077 Quid?
984 1002 1069 1085 quod
1084 1002 1251 1087 Euripidis
1265 1003 1388 1088 plerae-

99 1130 165 1192 que
184 1108 353 1194 strophae,
371 1108 563 1192 praesertim
582 1130 663 1192 quas
682 1115 836 1193 provecta
852 1113 958 1172 aetate
972 1109 1099 1193 panxit,
1117 1109 1166 1174 ita
1180 1116 1386 1194 comparatae

98 1220 192 1298 sunt,
219 1221 256 1280 nt
285 1238 412 1281 summa
440 1214 489 1279 vis
517 1215 675 1299 colorum,
703 1217 838 1281 minima
865 1239 1016 1281 versuum
1045 1220 1078 1280 et
1103 1217 1310 1300 periodorum
1334 1219 1386 1282 sit.

98 1322 188 1387 Nam
207 1345 288 1407 quae
304 1321 576 1388 Wilamowitzius
594 1323 630 1386 in
644 1322 818 1408 Hippolyti
837 1323 978 1388 editione
997 1345 1099 1408 nuper
1113 1324 1258 1389 restituit
1272 1330 1386 1411 metra,

97 1452 140 1495 ea
162 1430 317 1514 pleraque
340 1452 444 1515 neque
468 1429 540 1494 cola
563 1434 640 1494 sunt
662 1451 767 1514 neque
789 1430 869 1494 iusti
893 1452 1005 1495 versus
1011 1483 1020 1516 ,
1043 1431 1098 1495 sed
1122 1431 1264 1496 medium
1288 1433 1387 1518 quod-

99 1538 177 1601 dam
205 1537 310 1602 invita
334 1535 481 1601 Minerva
502 1535 641 1622 factum,
670 1559 734 1621 quo
759 1537 891 1602 minime
915 1560 968 1602 ars
991 1537 1168 1623 Euripidea
1192 1539 1386 1605 continetur.

101 1643 212 1708 Huius
239 1648 355 1728 poetae
384 1649 487 1708 artem
514 1644 549 1708 in
575 1643 686 1727 lyricis
715 1643 912 1709 carminibus
940 1643 1128 1709 lectitandis
1155 1646 1297 1730 positam
1331 1648 1387 1732 qui

101 1751 267 1834 scriptura
298 1755 331 1814 et
363 1750 572 1816 distinctione
605 1755 846 1836 repraesentare
880 1751 979 1835 volet,
1011 1752 1040 1816 is
1071 1753 1212 1837 primum
1241 1753 1386 1817 omnium

101 1858 177 1924 cola
199 1858 241 1922 ad
259 1858 422 1943 exemplar
440 1859 580 1923 traditae
598 1858 806 1923 colometriae
825 1880 989 1944 separare,
1011 1859 1125 1924 deinde
1144 1859 1291 1924 artificiis
1311 1860 1387 1924 scri·

102 1964 205 2030 bendi
223 1965 545 2049 comprehensionem
564 1966 708 2031 colorum
727 1965 762 2029 in
780 1966 931 2050 periodos
944 1965 1086 2032 indicare
1101 1966 1240 2031 debebit.
1264 1965 1386 2031 Verum

100 2073 189 2137 hanc
215 2094 283 2137 non
308 2071 409 2138 fuisse
432 2078 536 2137 artem
558 2073 776 2138 vetustiorum
798 2077 968 2157 poetarum
993 2073 1211 2158 choricorum,
1238 2095 1278 2137 ne
1301 2073 1387 2138 Atti-

101 2201 218 2245 corum
242 2179 372 2263 quidem
394 2185 565 2264 poetarum
584 2180 728 2245 omnium
746 2185 860 2244 nostra
879 2180 1036 2244 memoria
1052 2179 1219 2265 praeclaro
1239 2180 1386 2245 acumine

100 2309 178 2352 cum
206 2286 344 2351 aliorum
371 2287 515 2352 virorum
542 2287 713 2352 doctorum
737 2293 807 2351 tum
830 2284 973 2373 Augusti
997 2285 1155 2352 Bocchhii
1182 2287 1385 2372 exploratum

100 2400 201 2478 atque
230 2395 478 2478 comprobatum
506 2400 565 2459 est.
610 2394 717 2459 Probe
740 2394 844 2480 igitur
866 2393 1112 2479 distinguendae
1136 2400 1212 2459 sunt
1234 2394 1269 2458 in
1291 2395 1387 2489 resti-

101 2500 233 2567 tuendis
257 2502 454 2566 carminibus
478 2501 590 2585 lyricis
613 2506 644 2566 et
670 2505 793 2565 aetates
816 2504 988 2584 poetarum
1006 2506 1039 2565 et
1060 2523 1179 2586 genera
1198 2501 1385 2565 carminum.

101 2608 293 2674 Carminum
320 2631 440 2695 genera
466 2609 697 2695 distinguenda
720 2608 801 2692 dixi,
828 2608 914 2692 quod
937 2607 1037 2673 etiam
1060 2609 1164 2673 Attici
1187 2612 1317 2694 poetae,
1339 2608 1386 2673 in-

100 2716 216 2802 primis
235 2715 472 2801 Aristophanes
491 2722 525 2782 et
537 2715 734 2802 Aeschylus,
752 2722 882 2799 praeter
901 2715 1059 2800 carmina,
1077 2715 1195 2799 quibus
1214 2714 1384 2780 hominum

100 2823 285 2908 aequalium
314 2823 498 2889 delicatulis
530 2824 664 2888 auribus
690 2823 897 2910 indulgentes
925 2822 1040 2888 molles
1068 2828 1101 2887 et
1129 2828 1243 2891 tennes
1270 2824 1385 2888 modos

100 2930 312 3017 effinxerunt,
344 2931 408 2995 alia
440 2935 706 3017 composuerunt,
738 2931 774 2995 in
803 2931 922 3015 quibus
950 2935 1090 2994 veterem
1119 2931 1385 2995 consuetudinem

99 3038 223 3103 imitati
245 3039 351 3124 magis
376 3039 416 3103 ad
439 3039 644 3105 maiestatem
667 3044 700 3103 et
724 3038 930 3103 severitatem
948 3037 1056 3122 poesis
1076 3037 1225 3103 choricae
1244 3038 1385 3122 adspira-

101 3146 188 3210 bant.
238 3143 396 3210 Aetatnm
428 3149 537 3210 autem
569 3151 693 3231 quanta
724 3145 772 3210 vis
804 3144 917 3230 fuerit,
953 3145 1075 3230 optime
1107 3144 1290 3231 intelleget,
1328 3146 1384 3230 qui

98 3256 237 3317 naturae
274 3257 372 3337 atquc
408 3253 602 3339 proprietati
638 3253 826 3318 Pindaricae
863 3251 975 3316 Musae
1013 3251 1157 3317 animum
1199 3252 1384 3337 adverterit,

99 3381 235 3444 eamque
259 3383 333 3426 cnm
356 3361 488 3427 levitate
507 3361 820 3427 Anacreonticcrum
844 3365 877 3424 et
900 3358 1068 3424 dulcedine
1086 3359 1293 3445 popularium
1318 3382 1384 3424 car-

98 3465 225 3530 minum
258 3468 442 3533 contulerit.
492 3466 652 3533 Pindarus
685 3469 772 3534 enim
799 3490 873 3533 cum
902 3489 921 3529 a
949 3466 1118 3531 lenociniis
1147 3467 1382 3532 cantilenarum

97 3570 284 3638 Ionicarum
312 3596 447 3659 prorsus
471 3575 661 3641 abhorreret
684 3581 717 3640 et
740 3574 845 3661 magis
870 3574 910 3638 ad
934 3579 1095 3639 tumorem
1119 3579 1152 3638 et
1176 3575 1383 3659 magnificen-

97 3681 180 3746 tiam
208 3703 306 3765 quam
334 3682 373 3746 ad
399 3680 600 3748 dulcedinem
624 3688 657 3747 et
681 3682 898 3769 gracilitatem
921 3681 1106 3766 inclinaret,
1127 3703 1195 3745 non
1219 3681 1325 3746 solum
1348 3681 1381 3745 in

97 3788 281 3853 elocutione
306 3793 339 3853 et
362 3789 561 3854 ornamentis
586 3789 758 3875 orationis,
781 3789 959 3854 sedetiam
983 3788 1019 3853 in
1037 3788 1184 3853 versibus
1203 3788 1382 3874 pangendis

96 3894 295 3960 sublimitati
323 3900 356 3959 et
385 3896 564 3982 granditati
592 3918 690 3980 quam
718 3896 857 3961 maxime
886 3896 1021 3961 studuit.
1068 3894 1286 3971 Quamobrem
1311 3894 1382 3960 cola

94 4002 216 4088 pusilla
242 4024 358 4087 parum
386 4000 536 4089 curabat,
564 4026 715 4069 versuum
743 4003 902 4089 imprimis
931 4002 1038 4068 decori
1067 4008 1100 4066 et
1129 4002 1283 4088 dignitati
1311 4023 1382 4086 pro-

95 4110 271 4196 spiciebat3
302 4109 365 4174 hcc
393 4113 502 4173 autem
530 4111 652 4196 duplici
680 4111 776 4176 modo
805 4116 972 4175 assecutus
1002 4114 1066 4193 est,
1097 4110 1183 4193 quod
1207 4113 1240 4172 et
1262 4109 1380 4196 longos

95 4239 208 4282 versus
233 4217 435 4303 grandesque
458 4216 609 4301 periodos
634 4217 861 4302 conformavit,
885 4221 918 4281 et
940 4221 1050 4301 partes
1070 4238 1221 4281 versuum
1240 4216 1289 4281 ita
1307 4240 1381 4283 con-

96 4324 187 4389 flavit
210 4328 310 4407 atque
334 4323 586 4411 conglutinavit,
609 4330 646 4389 ut
674 4324 806 4390 difficile
830 4323 902 4389 cola
920 4323 1183 4409 disiungerentur
1201 4329 1234 4388 et
1253 4347 1380 4410 separa-

95 4436 216 4496 rentur.
262 4428 342 4496 lnde
372 4454 446 4496 raro
474 4432 569 4517 plura
591 4432 663 4498 cola
686 4431 778 4516 paria
799 4431 834 4495 in
856 4430 989 4494 Pindari
1012 4430 1210 4495 carminibus
1235 4454 1306 4496 sese
1329 4454 1381 4496 ex-

97 4538 235 4623 cipiunt,
258 4542 293 4602 et
317 4560 481 4622 caesurae,
505 4540 622 4622 quibus
647 4538 719 4604 cola
742 4539 783 4603 ab
806 4538 931 4603 Atticis
949 4538 1056 4622 poetis
1082 4537 1217 4603 scenicis
1241 4539 1381 4623 plerum·

99 4666 165 4728 que,
183 4669 204 4710 a
220 4644 360 4711 noviciis
379 4645 485 4730 poetis
504 4645 616 4731 lyricis
634 4646 701 4711 fere
722 4667 848 4731 semper
867 4643 1145 4728 discriminantur,
1163 4667 1318 4730 persaepe
1337 4646 1378 4710 ab

101 4772 135 4816 eo
160 4752 330 4840 neglectae
354 4751 572 4817 inveniuntur.
619 4752 732 4837 Neque
756 4756 866 4817 tamen
888 4752 1000 4816 eadem
1024 4774 1122 4817 causa
1145 4753 1289 4818 omnium
1313 4773 1381 4817 car·

105 4858 221 4927 ninum
244 4860 330 4927 vatis
349 4859 496 4926 Thebani
519 4865 583 4947 est,
607 4861 693 4945 quod
715 4864 753 4924 ut
774 4859 961 4947 intellegas,
985 4860 1132 4926 conferre
1155 4860 1247 4926 iuvat
1265 4864 1379 4927 tenues
