3442 5550
628 406 855 459 FRAGMENTA.

165 1031 215 1096 Οὐ
239 1030 368 1116 Πηλέος
391 1031 549 1097 ἀντιθέου
572 1035 713 1117 μόχθοις
736 1034 850 1106 νεότας
873 1029 1058 1115 ἐπέλαμψεν
1079 1034 1224 1116 μυρίοις;

165 1150 297 1224 πρῶτον
320 1136 380 1223 μὲν
399 1137 582 1223 Ἀλκμήνας
605 1143 669 1204 σὺν
691 1140 754 1225 υἱῷ
784 1140 913 1223 Τρώιον
937 1137 980 1222 νἰμ
1003 1138 1119 1202 πεδίον

164 1245 219 1311 καὶ
233 1247 312 1331 μετὰ
332 1249 496 1332 ζωστῆρας
512 1244 686 1332 Ἀμαζόνος
699 1241 814 1329 ἦλθεν,
828 1243 883 1309 καὶ
898 1246 956 1309 τὸν
972 1242 1117 1321 Ἰάσονος
1131 1243 1268 1321 εὔδοξον
1281 1247 1385 1309 πλόον

130 1352 366 1429 οέκτελίσσαις
389 1345 454 1419 εἷλε
478 1355 647 1437 Μή-δειαν
671 1352 707 1418 ἐν
728 1355 867 1437 Κόλχων
891 1354 1013 1436 δόμοις.

655 1558 715 1615 173
756 1556 820 1615 610
839 1600 844 1613 .

408 1659 537 1743 Σύριον
560 1552 762 1742 εὐρυαίχμαδ
786 1548 915 1722 διδῑπον
937 1658 1088 1742 στρατόν.

461 1862 533 1920 174.
559 1862 630 1920 175.
657 1861 718 1918 176
743 1853 832 1938 [169.
858 1861 930 1918 161.
956 1852 1042 1937 162}

203 1966 292 2024 Pane.
316 1985 359 2026 vu
382 1979 411 2043 2,
437 1979 464 2026 τε
492 1970 590 2049 πολλῷ
618 1962 650 2025 δὲ
677 1965 858 2045 πρεσβύτερα
886 1961 926 2023 ἔτι
955 1960 1070 2042 ἢκατὰ
1095 1959 1200 2035 Ἴωνας
1223 1961 1257 2022 τὰ
1280 1961 1310 2034 ἐς
1333 1961 1388 2041 τὴν

111 2049 246 2135 Ἀρτεμιν
270 2053 324 2131 την
349 2047 490 2131 Ἐφεσίαν
518 2052 607 2115 ἐστίν’
637 2053 673 2115 οὐ
697 2053 757 2132 μὴν
780 2053 875 2114 πάντα
898 2051 986 2134 μετὰ
1010 2053 1051 2124 εἰς
1075 2051 1129 2130 τὴν
1152 2051 1227 2113 θεὸν
1249 2051 1389 2129 ἐπύθετο,

116 2140 181 2220 ἕμολ
213 2143 328 2220 δοκεῖν,
360 2144 528 2223 Πίνδαρος,
565 2140 598 2216 ὃς
630 2138 791 2223 Ἀμαζόνας
824 2141 855 2203 τὸ
888 2141 968 2222 ἱερὸν
999 2141 1058 2220 ἔφη
1090 2151 1176 2203 τοῦτο
1209 2142 1389 2220 ἱδρύσασθαι

120 2230 347 2312 στρατευομένας
379 2231 427 2293 ἐπὶ
458 2226 588 2311 Ἀθήνας
618 2255 646 2292 τε
675 2231 726 2293 καὶ
755 2229 853 2310 Θησέα
884 2265 928 2274 -
957 2233 1039 2292 Idem
1063 2251 1074 2290 1
1097 2244 1122 2310 2,
1147 2246 1175 2291 1:
1208 2230 1390 2292 ἐσελθόντων

117 2318 148 2381 δὲ
172 2320 202 2394 ἐς
225 2320 279 2400 τὴν
306 2321 393 2382 πόλιν
414 2320 493 2383 ἐστὶν
513 2316 669 2400 Ἀντιόπης
698 2331 799 2400 μνῆμα
820 2315 991 2400 Ἀμαζόνος·
1019 2321 1129 2399 ταύτην
1155 2319 1210 2398 τὴν
1231 2315 1389 2399 Ἀντιόπην

10 2432 13 2437 ’
118 2411 270 2490 Πίνδαρος
293 2409 347 2490 μέν
371 2429 463 2489 φησιν
486 2410 545 2472 ὑπὸ
567 2412 716 2491 Πειρίθου
738 2409 789 2471 καὶ
810 2408 928 2489 Θησέως
951 2407 1143 2488 ἁρπασθῆναι
1170 2443 1205 2451 -
1232 2412 1312 2470 Plut.
1336 2411 1388 2470 vit.

117 2501 202 2559 Thes,
227 2512 275 2559 28:
308 2509 360 2578 τῆς
388 2497 419 2560 δὲ
440 2493 595 2579 Ἀντιόπης
622 2499 837 2578 ἀποθανούσης
861 2497 947 2580 ἔγημε
971 2493 1118 2582 (Θησεύς)
1144 2500 1293 2579 Φαίδραν,
1317 2497 1390 2579 ἔχων

117 2588 185 2649 viiiv
205 2586 380 2651 Ἱππόλυτον
403 2588 432 2662 ἕξ
454 2584 623 2669 Ἀντιόπης,
646 2587 685 2662 ὡς
710 2586 741 2650 δὲ
764 2588 916 2670 Πίνδαρός
940 2607 1029 2668 φησι,
1051 2584 1251 2668 Δημόφῶντα.

605 2790 666 2846 177
692 2780 906 2866 [ιιι-1681

383 3020 610 3151 Πεπρωμόναν
633 3065 731 3149 ἔθηκε
754 3077 890 3150 μοῑ-ραν
913 3077 1129 3150 μετατραπεῑν

381 3170 649 3259 Ἀνδροφθόρον,
672 3169 751 3237 οὐδὲ
775 3182 868 3258 σι-γᾷ
890 3173 1062 3257 κατερρύη.

389 3341 725 3471 Τρόχον-μέλοςξταλ
749 3383 785 3451 δὲ
810 3390 990 3471 Χεί-ρωνος
1014 3384 1152 3450 ἐντολαί.

189 3578 232 3632 Fr.
254 3584 312 3632 122.
350 3578 440 3633 Schol.
461 3578 524 3632 Eur.
544 3580 675 3634 Androm.
696 3596 749 3635 roa:
768 3578 863 3648 οἱμὲν
882 3576 993 3641 πλείους
1014 3577 1166 3648 Τελαμῶνά
1187 3596 1256 3647 φασι
1275 3594 1389 3641 συστρα-

118 3658 214 3703 τεῦσαι
232 3655 270 3722 τῷ
286 3648 418 3716 Ἡρακλεῖ
434 3650 479 3703 ἐπὶ
497 3651 548 3719 τὴν
562 3648 656 3720 Ἴλιον,
676 3649 690 3704 δ
710 3649 740 3704 δὲ
762 3651 903 3718 Πίνδαρος
922 3652 969 3702 καὶ
990 3648 1093 3719 Πηλέα,
1111 3647 1180 3717 παρ’
1197 3645 1229 3702 οὗ
1250 3648 1321 3701 ἔοικε
1340 3647 1392 3716 τὴν

119 3718 243 3789 ἱστορίαν
262 3720 277 3774 δ
298 3719 452 3790 Εὐριπίδης
475 3724 581 3794 λαβεῖν·
605 3721 677 3791 λέγει
705 3721 736 3775 δὲ
767 3720 918 3790 Πίνδαρος·
944 3722 980 3774 οὐ
1009 3720 1163 3789 (Πίνδαρος
1191 3718 1273 3773 οὕτω·
1302 3717 1391 3772 Cobet

119 3792 314 3862 probabiliter)
334 3798 389 3846 κτλ.
411 3824 442 3831 -
464 3800 485 3846 1.
511 3791 629 3862 μόχθοις
647 3790 746 3856 νεότας
764 3793 868 3862 Bergk:
888 3790 1009 3861 μόχθων
1028 3794 1167 3846 νεώτατον
1186 3790 1263 3844 codd.
1281 3821 1312 3828 -
1333 3789 1391 3844 ἐνί·

119 3869 229 3931 λαμηεν
252 3863 324 3917 coni.
344 3864 436 3934 Bergk
458 3896 493 3903 —-
515 3871 539 3917 2.
562 3866 669 3932 Τρώιον
692 3863 820 3919 Boeokh:
842 3865 944 3932 Τρώων
963 3863 1043 3919 codd.
1065 3896 1096 3903 —
1117 3870 1141 3917 3.
1158 3861 1301 3931 Ἀμαζόνος
1319 3861 1390 3916 coni.

120 3934 221 3989 Bothe:
239 3932 384 4004 Ἀμαζόνας
398 3934 483 4004 vulgo
498 3969 531 3975 -
546 3943 570 3989 4.
591 3937 638 3988 καλ
657 3938 686 3988 et
702 3945 812 4004 πρῶτον
826 3934 877 4004 μὲν
892 3934 946 3989 eibi
965 3935 1135 4004 respondent
1154 3965 1185 3972 —
1206 3939 1229 3986 5.
1250 3932 1393 3997 ἐκτελέσας

119 4009 169 4059 aut
188 4005 383 4072 ἐκτελευτήσας
402 4008 481 4061 codd.
502 4039 534 4046 -
555 4007 585 4059 ἐκ
605 4005 718 4075 Κόλχων
742 4006 835 4076 δόμων
854 4025 879 4060 v.
900 4006 917 4059 l.
939 4039 971 4045 —
991 4005 1092 4060 Merito
1112 4004 1228 4059 offendit
1245 4005 1321 4073 quod
1340 4005 1392 4060 hoc

119 4077 148 4130 in
167 4077 289 4130 carmine
309 4077 446 4132 Pindarus
467 4078 501 4132 de
520 4077 603 4131 Peleo
622 4077 769 4169 praedicat
787 4095 859 4146 quae
879 4077 942 4130 aliis
961 4077 992 4131 in
1010 4076 1189 4143 carminibus,
1208 4080 1240 4129 ui
1258 4077 1291 4130 N.
1312 4096 1339 4130 ιν
1358 4093 1391 4131 ιο.

119 4150 138 4202 Ι.
159 4168 186 4201 vr
206 4165 239 4204 οι.
268 4148 300 4202 fr.
321 4166 354 4204 eo.
374 4166 412 4216 τι,
432 4149 492 4203 eius
511 4149 592 4202 fratri
611 4148 757 4205 belamoni
776 4148 940 4219 assignavit.

190 4219 232 4273 Fr.
254 4225 312 4274 173.
351 4219 452 4274 Strabo
471 4240 509 4273 111
528 4238 579 4275 are:
608 4221 656 4274 καὶ
676 4219 818 4289 Πίνδαρός
836 4239 923 4288 φησιν
942 4217 984 4273 ὅτι
1003 4219 1033 4272 αλ
1050 4215 1193 4288 Ἀμαζόνες
1212 4218 1339 4286 Σύριον
1359 4261 1364 4270 .
1386 4261 1391 4271 .

119 4289 276 4359 στρατόν,
300 4292 351 4360 τὴν
371 4291 401 4345 ἐν
422 4292 581 4365 Θεμισκύρᾳ
600 4290 747 4346 κατοικίαν
766 4290 837 4346 οὗτοι
856 4295 948 4360 δηλῶν
968 4323 1000 4331 -
1021 4290 1144 4359 Σκόριον
1163 4289 1233 4343 coni.
1255 4288 1392 4342 Wclckcr.

190 4363 233 4415 Fr.
255 4369 312 4416 177.
352 4363 478 4416 Priscian
497 4364 532 4417 de
551 4366 629 4417 metr.
650 4364 759 4417 Terent.
800 4379 863 4416 ,ιιι
883 4362 925 4417 ed.
946 4360 1024 4416 Keil:
1050 4361 1188 4415 Pindarus
1207 4364 1280 4414 teste
1299 4359 1393 4413 Helio-

119 4434 186 4487 doro
206 4435 405 4502 ἁντέστρεψεν,
430 4435 482 4488 hoc
501 4439 544 4488 oet
562 4435 701 4488 convertit
720 4383 880 4502 rhytbmum
899 4433 1051 4487 iambicum
1070 4432 1123 4487 hoc
1142 4433 1237 4487 modo:
1261 4450 1393 4499 πεπρω-

119 4503 226 4572 μέναν
241 4511 295 4558 κτλ,
321 4505 403 4559 Falso
418 4505 550 4560 metricus
565 4506 627 4575 iste,
642 4505 746 4575 partim
761 4504 923 4560 colomeiria
937 4521 1068 4575 perversa
1082 4505 1113 4558 in
1127 4520 1247 4559 errorem
1262 4503 1393 4557 inductae

119 4576 163 4644 (cf.
178 4576 251 4629 Ptol.
267 4580 321 4644 xv),
345 4578 394 4629 hos
414 4594 509 4630 vernus
534 4578 570 4632 ad
593 4593 719 4630 normam
743 4576 878 4630 iustorum
903 4576 1085 4631 iambicorum
1104 4593 1233 4630 versuum
1253 4575 1393 4644 exigebat.

120 4646 222 4701 Omnes
238 4665 332 4701 verane
353 4648 389 4701 ad
409 4648 526 4703 candem
545 4648 672 4702 fabulam
687 4646 788 4717 Oedipi
807 4648 946 4718 pertinere
964 4649 1086 4717 putabat
1103 4647 1195 4717 Bergk
1219 4679 1251 4686 —
1278 4653 1300 4700 1.
1321 4651 1394 4700 θῐκε

119 4718 220 4842 Βυτμλτ,
235 4721 279 4772 ταὶ
296 4720 366 4773 coni.
382 4720 524 4773 Hermann
539 4721 600 4791 ipso
615 4720 685 4772 duc-e
701 4719 857 4774 Prisciono:
873 4720 902 4772 αλ
916 4719 995 4774 codd.
1009 4717 1166 4780 -ἐντολάς
1180 4719 1250 4772 coni.
1267 4670 1392 4785 Pubsob.;

119 4807 190 4844 con.
211 4791 239 4843 P.
259 4809 287 4844 iv
306 4808 345 4845 roo
369 4793 554 4846 διδασκαλίαν
572 4793 712 4859 Χείρωνος
732 4824 763 4830 -
784 4797 800 4843 4
820 4793 849 4844 eb
867 4795 883 4843 6
907 4808 940 4845 ex
959 4790 1033 4844 binis
1053 4789 1179 4843 versibus
1199 4789 1313 4843 confinii
1334 4805 1394 4843 eene

119 4861 251 4915 videntur

1128 4948 1181 5002 27*
