3442 5550
218 395 283 459 284
690 398 836 448 crunam
858 398 1023 451 errarem.

219 566 298 625 inter
320 584 396 642 quos
419 565 627 625 Aristarchum
651 565 743 624 fuisse
767 565 890 642 mireriS,
914 566 1145 641 Neoptolemum
1162 565 1311 641 quendam
1336 564 1500 641 Achaeum,

220 655 273 731 qui
296 675 350 731 pro
375 655 490 733 Sogane
514 655 631 713 labores
654 655 825 715 certaminis
848 654 1048 732 sustinuisset,
1072 654 1201 713 Pindaro
1225 673 1328 713 ansam
1351 654 1501 714 inserendi

221 745 356 803 fabulam
379 744 416 802 de
439 744 637 820 Neoptolemo
661 745 748 803 heroe
772 744 945 820 praebuisse
968 747 1152 820 putaverunt
1175 736 1226 823 (cf.
1244 743 1334 804 schol.
1354 743 1392 802 ad
1410 744 1500 802 inscr.

221 837 252 892 et
269 854 296 892 r.
317 831 372 910 56),
396 833 425 891 id
449 835 554 892 contra
577 833 735 893 veritatem
760 838 790 892 et
817 837 936 909 praeter
963 833 1170 892 necessitatem
1197 833 1401 911 excogitatum
1423 832 1499 892 bene

221 923 281 981 iam
309 922 458 997 Didymus
481 923 513 980 in
537 923 657 982 scholiis
680 922 834 981 refutavit.
880 923 938 982 Sed
961 927 997 981 ut
1020 922 1058 981 ad
1081 922 1201 999 epinicii
1224 941 1346 981 causam
1369 922 1499 1001 redeam,

220 1013 351 1090 Sogenes
374 1011 549 1070 Thoarionis
579 1012 658 1070 filius
682 1011 830 1089 Aegineta
853 1033 888 1071 ex
912 1011 1005 1071 nobili
1028 1015 1117 1090 gente
1140 1011 1363 1071 Euxenidarum
1386 1003 1428 1092 (v.
1450 1006 1499 1092 70)

221 1102 334 1160 Nemea
361 1100 557 1177 quinquertio
583 1101 704 1159 vicerat.
750 1100 835 1160 Hanc
868 1101 963 1179 igitur
993 1101 1149 1160 victoriam
1182 1103 1271 1176 poeta
1299 1100 1355 1161 sibi
1379 1102 1498 1176 praedi-

220 1189 347 1250 candam
370 1189 539 1267 proposuit,
567 1210 663 1266 neque
687 1189 724 1248 ad
748 1190 907 1266 gentilium
930 1190 1084 1267 victorias,
1112 1193 1148 1248 ut
1171 1189 1202 1247 in
1225 1190 1292 1248 aliis
1316 1190 1499 1249 carminibus

221 1278 404 1358 Aegineticis
427 1278 507 1356 fecit,
526 1279 653 1357 deflexit,
672 1278 752 1355 quod
771 1280 881 1357 nullae,
906 1280 1019 1356 opinor,
1042 1298 1145 1338 eorum
1163 1280 1294 1338 fuerunt.
1316 1311 1353 1319 -
1375 1279 1500 1358 Locum,

219 1368 271 1426 ubi
290 1388 408 1428 carmen
427 1367 616 1444 cantabatur,
635 1388 682 1427 vv.
702 1380 735 1426 90
750 1387 787 1427 ss.
806 1360 971 1428 indicatum
994 1387 1057 1428 esse
1075 1369 1181 1428 merito
1200 1368 1356 1427 Disaenius
1375 1369 1500 1444 statuit3

218 1477 288 1516 nam
319 1476 396 1534 quae
427 1457 462 1515 de
494 1457 633 1537 Sogenis„
650 1458 737 1528 domo
762 1458 866 1528 ,media
895 1458 1062 1528 interduo
1091 1458 1203 1529 sacella
1232 1458 1370 1517 Herculis
1397 1459 1500 1534 posita

218 1547 373 1624 dicuntur,
407 1550 473 1605 tum
503 1546 622 1606 demum
652 1550 740 1625 grata
769 1550 800 1605 et
830 1550 903 1624 apta
932 1549 1031 1624 erant,
1061 1546 1087 1605 si
1114 1547 1169 1606 hoc
1193 1549 1257 1607 loco
1281 1547 1345 1624 ipso
1368 1546 1500 1623 epinicia

218 1636 397 1715 agebantur.
433 1635 570 1713 Denique
593 1637 629 1695 de
654 1639 786 1712 tempore
809 1636 950 1695 carminis
973 1657 1008 1696 ex
1031 1636 1151 1695 scholiis
1175 1636 1212 1694 ad
1236 1636 1322 1695 inser.
1346 1636 1499 1715 discimus,

218 1725 364 1803 Sogenem
396 1725 546 1785 Nemeade
571 1727 611 1783 54
641 1717 968 1803 (τεσσαρεσκαιδεκάτην
1001 1725 1097 1802 codd,
1133 1725 1245 1785 emend.
1270 1724 1304 1784 G.
1328 1719 1498 1805 Hermann)

217 1814 374 1891 pentathlo
401 1814 520 1891 vicisse,
549 1815 629 1891 quod
658 1814 682 1873 si
710 1815 824 1873 Nemea
852 1813 898 1875 Ol.
918 1818 969 1892 51,
989 1818 1008 1873 4
1029 1815 1169 1874 instituta
1197 1833 1259 1874 esse
1283 1815 1412 1875 Eusebio
1436 1834 1498 1874 cre·

216 1904 315 1963 dimus
339 1898 390 1983 (ef.
414 1904 492 1963 Prol.
516 1895 667 1983 cxxxvii),
693 1905 748 1963 hoc
771 1924 890 1963 carmen
915 1902 960 1963 01.
987 1907 1037 1981 78,
1063 1907 1080 1963 2
1105 1929 1146 1951 =
1172 1905 1235 1963 467
1261 1923 1286 1963 a.
1312 1903 1379 1963 Chr.
1404 1904 1498 1980 scrip·

217 1997 283 2052 tum
307 1996 361 2053 est.

306 2082 469 2141 Exorditur
497 2084 600 2158 poeta,
627 2086 662 2140 ut
685 2083 747 2142 fere
770 2083 800 2141 in
825 2082 973 2160 epiniciis,
997 2102 1016 2140 a
1038 2082 1108 2159 diis,
1132 2082 1162 2140 in
1186 2083 1327 2140 carminis
1349 2082 1499 2159 principio

218 2172 374 2248 Ilithyiam
392 2171 486 2247 deam,
505 2171 592 2231 cuius
613 2171 757 2231 beneficio
781 2191 849 2232 eum
872 2172 1006 2231 homines
1029 2174 1192 2232 nascantur
1214 2174 1245 2230 et
1268 2172 1306 2230 ad
1328 2171 1499 2231 iuventutis

218 2262 320 2322 florem
338 2260 523 2337 perveniant,
546 2261 676 2338 Sogenes
701 2281 820 2337 quoque
843 2261 931 2321 ludos
954 2260 1083 2320 obeundi
1107 2262 1284 2320 facultatem
1307 2260 1435 2336 adeptus
1458 2261 1500 2320 sit

218 2343 326 2431 (1—8).
364 2350 478 2409 Deinde
505 2351 660 2408 Musarum
687 2352 802 2427 favore,
829 2371 904 2426 quae
933 2350 1080 2409 mendacii
1103 2354 1190 2428 grata
1214 2351 1311 2426 specie
1334 2349 1424 2409 corda
1446 2352 1499 2410 ho·

217 2440 333 2500 minum
351 2439 549 2516 demulceant,
568 2440 681 2498 famam
699 2460 798 2499 rerum
821 2439 894 2498 bene
918 2442 1072 2518 gestarum
1095 2439 1200 2519 augeri
1223 2439 1345 2515 exponit
1364 2432 1499 2520 (ει-24),

218 2530 300 2588 nuda
330 2528 408 2587 enim
432 2529 559 2588 veritate
582 2529 693 2606 vulgus
723 2549 782 2587 non
811 2528 991 2589 commoveri
1021 2529 1154 2605 exemplo
1178 2529 1278 2588 Aiacis
1309 2528 1499 2605 comprobari

219 2611 368 2698 (at-30),
396 2624 500 2677 contra
523 2618 619 2676 adeo
648 2619 751 2677 heroes
775 2618 867 2677 etiam
890 2620 1024 2681 mortuos
1047 2618 1210 2678 honoribus
1233 2617 1338 2697 augeri
1361 2619 1498 2694 exemplo

219 2706 366 2767 Aeacidae
390 2707 581 2783 Neoptolemi
605 2707 814 2783 demonstrari,
834 2725 902 2766 cum
921 2707 1000 2766 enim
1019 2710 1088 2784 post
1106 2727 1264 2767 aerumnas
1283 2707 1354 2766 belli
1374 2707 1499 2766 Troiani

219 2801 250 2857 et
274 2813 388 2855 errores
411 2796 526 2855 reditus
553 2796 684 2872 primum
711 2797 865 2873 Ephyram
893 2799 923 2855 et
950 2796 1017 2855 exin
1049 2796 1182 2872 Delphos
1204 2797 1347 2874 venisset,
1378 2796 1409 2854 in
1433 2796 1500 2856 rixa

219 2904 290 2945 eum
314 2885 434 2961 quidem
456 2889 579 2961 propter
597 2905 700 2945 carnes
718 2886 833 2949 hostiae
853 2906 870 2944 a
888 2885 1034 2961 Delphico
1053 2885 1183 2962 quodam
1202 2886 1265 2945 cive
1285 2886 1499 2962 interemptum

220 2994 294 3052 esse,
318 2975 370 3033 sed
392 2994 470 3034 nunc
493 2979 651 3051 tamquam
674 2976 839 3035 antistitem
864 2979 895 3034 et
917 2974 1045 3034 iudicem
1073 2994 1225 3034 sacrarum
1253 2994 1432 3051 pomparum
1455 2975 1501 3034 di·

219 3065 300 3124 vinis
327 3064 488 3124 honoribus
515 3065 601 3142 fungi
626 3056 768 3144 (30-5‘2).
816 3065 898 3134 Quae
926 3084 994 3123 cum
1024 3068 1113 3124 antea
1140 3065 1184 3122 ita
1213 3069 1376 3141 narrasset,
1399 3069 1436 3123 ut
1459 3065 1499 3124 ab

219 3154 328 3213 invidis
356 3153 527 3213 hominibus
554 3173 710 3230 perperam
738 3172 793 3212 sua
821 3154 911 3213 verba
941 3153 1206 3230 interpretantibus
1236 3153 1272 3212 de
1302 3154 1383 3212 fama
1413 3154 1498 3214 illius

217 3243 316 3303 herois
339 3242 502 3301 detraxisse
527 3243 760 3320 insimularetur,
784 3263 802 3300 a
825 3244 901 3302 falso
925 3244 980 3302 hoc
1004 3242 1125 3302 crimine
1147 3242 1256 3301 iterum
1275 3242 1445 3318 iterumque
1465 3262 1497 3303 se

217 3335 331 3411 purgat
354 3335 384 3390 et
406 3335 442 3389 ut
465 3332 606 3409 aliorum,
630 3332 674 3391 ita
697 3333 788 3391 etiam
812 3332 1000 3409 Thean'oniS,
1023 3331 1118 3407 patris
1143 3331 1280 3409 SogeniS,
1304 3333 1401 3390 famae
1425 3332 1498 3392 boni

217 3440 247 3481 se
271 3421 424 3481 consulere
453 3425 605 3480 asseverat
628 3414 770 3501 (eu-69).
818 3421 866 3480 Sic
895 3421 1028 3479 oratione
1057 3421 1095 3479 ad
1122 3439 1169 3480 res
1192 3423 1364 3497 praesentes
1386 3420 1498 3482 reflexa

218 3511 342 3589 Sogenis
365 3510 509 3568 virtutem
533 3511 726 3586 quinquertio
757 3510 952 3588 singulariter
979 3509 1202 3585 comprobatam
1229 3529 1339 3570 corona
1362 3530 1397 3568 er
1421 3529 1497 3571 auro

218 3599 305 3658 ebore
335 3598 459 3657 corallio
489 3599 655 3674 composita
685 3603 773 3659 ornat
806 3590 954 3678 (to—79),
987 3599 1136 3675 simulque
1169 3599 1270 3658 Iovem
1302 3599 1498 3677 Nemeaeum,

218 3690 360 3764 Aeacum,
383 3688 464 3747 Iovis
482 3687 578 3746 lilium
597 3687 782 3765 eundemque
801 3688 939 3747 Herculis
958 3687 1096 3766 amicum,
1115 3688 1275 3747 Herculem
1294 3688 1393 3764 ipsum
1412 3688 1496 3747 dein-

218 3795 287 3853 ceps
310 3777 359 3852 pie
382 3776 536 3852 praedicat
554 3769 699 3856 (80-94).
737 3778 798 3837 Sub
822 3776 910 3836 finem
933 3777 1091 3837 Herculem
1114 3777 1265 3854 implorat,
1289 3780 1324 3835 nt
1347 3797 1381 3836 eo
1404 3778 1497 3837 inter·

219 3866 342 3926 cedente
372 3866 480 3925 coniux
510 3866 633 3925 Iunonis
664 3871 694 3925 et
723 3867 858 3926 Minerva
890 3866 1065 3925 felicitatem
1096 3867 1270 3926 Thearionis
1304 3866 1498 3944 filiorumque

218 3955 283 4015 eius
310 3955 459 4033 integram
487 3960 605 4015 servent
634 3947 800 4036 (ut—101),
828 3962 859 4015 et
887 3959 981 4015 semet
1007 3956 1106 4031 ipsum
1134 3955 1232 4015 denuo
1261 3956 1298 4015 ab
1322 3955 1497 4016 criminibus

218 4044 389 4104 invidorum
412 4046 664 4105 calumniatorum
688 4045 827 4104 defendit.

307 4133 343 4191 In
366 4134 496 4193 carmine
519 4135 575 4194 hoc
598 4134 772 4211 explicando
796 4134 854 4194 duo
873 4135 931 4194 viri
951 4153 968 4193 a
987 4134 1106 4213 vulgari
1125 4134 1176 4194 via
1198 4135 1287 4213 longe
1311 4141 1499 4195 recesserunt

220 4223 293 4283 God.
313 4221 503 4283 Hermannus
523 4217 637 4304 (opusc.
653 4242 689 4281 111
707 4236 740 4283 aa
755 4216 817 4306 ss),
837 4223 890 4301 qui
910 4227 1030 4300 poetam
1049 4223 1087 4283 ob
1106 4243 1251 4300 paeanem
1268 4224 1356 4283 illum
1375 4243 1394 4283 a
1412 4225 1499 4285 falsis

218 4311 476 4372 criminationibus
513 4332 543 4372 se
579 4333 710 4390 purgare
749 4313 885 4392 negavit,
927 4316 957 4372 et
994 4313 1217 4372 llomemannus
1255 4313 1377 4393 ql‘hilol.
1411 4316 1495 4374 1886

217 4423 245 4479 p.
271 4413 322 4462 596
342 4394 407 4481 ss),
432 4402 484 4478 qui
508 4403 562 4461 hoc
586 4422 704 4461 carmen
730 4400 897 4480 ἐπικήδειον
921 4421 984 4462 esse
1004 4402 1129 4480 Sogenis
1148 4407 1235 4461 aestu
1253 4402 1325 4462 solis
1344 4396 1386 4483 (εἰ
1403 4402 1497 4475 πόνος

219 4483 256 4569 ἦν
279 4512 306 4552 r.
327 4483 375 4571 74)
404 4491 483 4550 inter
510 4491 671 4550 ludendum
699 4491 871 4568 interempti
899 4494 930 4550 et
957 4492 987 4550 in
1015 4491 1086 4550 fano
1114 4491 1252 4550 Herculis
1280 4493 1390 4568 sepulti
1419 4493 1496 4553 miro

216 4581 352 4641 acumine
374 4581 576 4640 demonstrare
600 4584 725 4641 conatus
748 4585 801 4640 est.
848 4580 951 4641 Sobrio
975 4599 1044 4640 cum
1067 4579 1176 4640 indicio
1200 4580 1235 4640 de
1259 4582 1400 4640 carminis
1424 4601 1495 4642 con·

217 4669 284 4728 silio
313 4669 435 4728 Curtius
464 4669 587 4746 Steden,
610 4689 709 4748 progr.
728 4670 808 4746 Lips.
831 4672 915 4730 1882
940 4671 1157 4729 commentatus
1181 4673 1235 4748 est,
1258 4671 1303 4729 ita
1326 4673 1436 4747 tamen,
1459 4674 1496 4730 ut

217 4776 286 4817 cum
309 4758 485 4818 scholiastae
508 4759 675 4818 narrationi
698 4779 757 4819 non
777 4761 866 4836 plane
885 4757 1029 4819 confidere
1049 4777 1139 4818 ausus
1158 4762 1244 4837 esset,
1263 4759 1496 4835 Neoptolemum

216 4846 254 4905 ab
278 4847 345 4906 aliis
370 4847 550 4924 quibusdam
574 4847 763 4908 diffamatum
785 4867 848 4908 esse
872 4851 1002 4925 putaret.
