3442 5550
299 366 319 428 2
773 365 922 416 Piranum
941 364 1107 414 EPINlClh.

297 554 395 610 mene,
428 532 489 591 filio
522 533 675 607 Hieronis,
711 534 780 606 post
812 533 937 588 mortem
969 531 1065 606 patris
1097 529 1280 603 dedicatrun,
1312 528 1469 604 Olympiae
1502 528 1580 586 vidit

297 622 462 681 Pausanias
482 641 536 680 1111
560 633 602 697 la,
622 633 647 699 a,
674 622 725 696 qui
747 621 804 678 hoc
828 621 1013 697 epigramma
1037 619 1237 677 anathematis
1260 619 1420 677 memoriae
1447 617 1579 692 prodidit

512 736 575 796 Σόν
598 757 667 796 ποτε
691 735 828 812 νικήσας,
851 739 910 794 Ζεῦ
932 728 1085 812 Ὀλύμπιε,
1109 733 1217 812 σεμνὸν
1240 730 1355 813 ἀγῶνα,

556 826 708 910 τεθρίππῳ
733 821 786 901 μὲν
809 824 902 896 ἅπαξ,
926 822 1118 902 μουνοκέλητι
1141 821 1173 882 δὲ
1197 824 1258 895 δίς,

513 909 584 992 (δῶρ’
605 909 704 993 Ἱέρων
727 914 794 973 τάδε
818 931 865 972 σοι
889 908 1073 992 ἐχαρίσσατο,
1096 918 1166 985 παῖς
1191 906 1219 971 d'
1245 909 1393 989 ἀνέθηκεν

557 1001 738 1081 Δεινομένης
761 1003 870 1082 πατρὸς
894 1011 996 1080 μνῆμα
1020 1003 1219 1083 Συρακοσίου.

385 1124 450 1181 Iam
483 1123 508 1180 si
537 1140 676 1199 quaeras,
709 1139 799 1196 qumn
827 1140 863 1177 ex
894 1119 990 1178 tribus
1023 1120 1156 1179 victoriis
1186 1120 1259 1177 liaeo
1292 1119 1362 1196 oda,
1395 1138 1485 1194 quam
1520 1138 1578 1177 non

299 1213 395 1271 solum
418 1213 559 1288 primam,
583 1211 634 1269 secl
658 1211 749 1268 etiam
772 1210 937 1285 principem
965 1213 995 1266 et
1018 1209 1247 1284 pulcherrimam
1276 1211 1391 1266 veteres
1414 1208 1579 1266 laudabant

299 1302 428 1381 (Lucian
457 1300 534 1358 Gall.
556 1293 599 1381 7),
628 1301 821 1374 spectaverit,
850 1299 961 1356 curulis
984 1297 1111 1357 victoria
1135 1297 1322 1373 Olympiadis
1344 1301 1383 1357 18
1404 1298 1434 1355 in
1458 1318 1578 1356 censrun

301 1410 358 1450 non
378 1391 469 1466 verrit,
494 1390 634 1464 quoniam
654 1389 810 1447 victoriam
832 1388 887 1446 boc
909 1388 1039 1446 carmine
1058 1388 1241 1445 illustratam
1261 1387 1353 1445 eelete
1372 1390 1491 1463 partam
1515 1407 1577 1446 esse

298 1482 389 1554 poeta
408 1481 470 1554 ipse
495 1499 522 1536 v.
543 1490 575 1537 18
598 1479 740 1537 declarat.
772 1478 875 1552 Neque
896 1477 1053 1535 victoriam
1072 1476 1164 1534 celete
1185 1476 1230 1534 Ol.
1252 1478 1291 1534 73
1312 1480 1497 1551 reportatam
1520 1477 1577 1534 huc

299 1569 417 1627 trahere
442 1568 521 1644 licet,
546 1568 683 1642 quamvis
706 1566 884 1625 scholiastae
903 1566 1038 1642 plerique
1061 1566 1115 1623 hoc
1139 1565 1263 1624 fecerint
1287 1569 1317 1623 et
1340 1567 1483 1624 victoriae
1509 1569 1578 1624 ante

299 1660 404 1733 partae
424 1657 535 1714 mentio
555 1658 585 1714 in
600 1657 657 1715 hac
672 1656 728 1714 oda
747 1674 804 1714 non
823 1655 884 1712 frat.
913 1654 1033 1712 Etenim
1048 1655 1093 1712 Ol.
1108 1656 1147 1713 73
1164 1656 1293 1713 nondum
1308 1675 1357 1712 rer
1373 1656 1465 1714 Hiero
1481 1656 1578 1714 factus

299 1749 365 1805 erat
397 1767 491 1821 neque
524 1746 672 1804 Pindarus
703 1747 793 1819 poeta
821 1744 852 1801 in
884 1744 954 1801 aula
983 1745 1062 1821 regis
1095 1744 1342 1802 commorabatur.
1387 1745 1579 1820 Relinquitur

298 1837 392 1913 igitur
424 1836 552 1894 victoria
580 1834 682 1893 01.ἵῖ
704 1859 746 1880 =
767 1836 831 1891 472
852 1852 878 1890 a.
899 1832 980 1910 Chr,
1013 1853 1102 1907 quam
1135 1853 1169 1890 eo
1202 1834 1298 1909 magis
1331 1854 1397 1891 cum
1428 1834 1577 1893 Boecklrio

299 1926 429 2000 amplexi
443 1928 586 1999 tenemus,
606 1923 685 1999 quod
700 1925 731 1979 et
745 1942 886 1995 summae,
901 1941 961 1997 qua
975 1922 1126 1997 perfusum
1143 1925 1187 1980 est
1205 1923 1261 1980 hoc
1281 1941 1408 1998 carmen,
1423 1924 1579 1981 serenitati

297 2014 426 2091 felicitas
445 2013 533 2071 huius
552 2013 704 2088 temporis,
727 2013 836 2070 Poenis
855 2012 1075 2087 Tyrrhenisque
1095 2013 1221 2069 devictis
1245 2015 1275 2068 et
1298 2013 1424 2069 internis
1447 2012 1578 2071 dissidiis

298 2103 486 2179 compositis,
524 2103 636 2178 optime
670 2102 822 2176 convenit,
861 2104 891 2157 et
923 2102 1065 2158 maiorem
1103 2101 1214 2159 curulis
1247 2101 1417 2159 certaminis
1450 2102 1579 2178 gloriam

295 2192 456 2250 Hieronem
480 2192 541 2249 iam
565 2193 630 2249 tum
654 2193 751 2248 mente
776 2191 907 2268 agitasse
931 2210 1018 2248 versu
1041 2202 1091 2248 11‘2
1115 2209 1133 2246 a
1156 2193 1246 2263 poeta
1269 2190 1434 2248 indicatum
1458 2194 1511 2249 est.

386 2282 422 2338 ln
436 2281 588 2356 prooemio
598 2283 688 2354 poeta
699 2279 873 2355 Olyrnpieae
884 2280 1026 2338 victoriae
1041 2279 1197 2354 splendore
1213 2278 1364 2337 illustrato
1374 2280 1485 2356 Iovem,
1495 2280 1579 2339 cuius

297 2370 360 2428 ludi
384 2370 436 2427 isti
459 2370 535 2428 sacri
560 2373 654 2445 erant,
683 2373 713 2425 et
736 2369 897 2426 Hieronem
920 2388 1033 2446 regem,
1058 2369 1110 2443 qui
1133 2368 1220 2426 modo
1244 2387 1381 2427 coronam
1406 2369 1437 2426 in
1461 2370 1578 2428 colonia

298 2459 418 2534 Pelopis
447 2458 536 2533 Lydii
564 2458 655 2517 celete
681 2463 842 2535 meruerat,
872 2459 1001 2516 carmine
1025 2457 1259 2533 phormingeque
1284 2457 1341 2516 sibi
1364 2459 1578 2532 praedicandos

298 2549 371 2607 dicit
394 2540 529 2627 (1—24).
576 2548 689 2606 Deinde
718 2548 749 2603 in
777 2546 937 2622 principali
967 2549 1052 2620 parte
1081 2547 1220 2605 carminis
1244 2566 1262 2604 a
1284 2548 1434 2605 mentione
1457 2548 1578 2623 Pelopis

297 2638 458 2713 profectus,
478 2635 612 2695 fabulam
626 2640 757 2694 veterem
771 2636 806 2692 de
822 2636 950 2693 Tantalo
965 2636 1087 2692 deorum
1106 2636 1314 2693 familiaritate
1330 2636 1471 2694 abutente
1487 2640 1578 2713 atque

297 2727 360 2786 filio
388 2727 451 2783 eius
479 2725 589 2801 Pelope
619 2725 816 2802 Oenomaum,
847 2744 947 2801 regem
982 2725 1091 2802 Elidis,
1124 2725 1218 2783 curuli
1249 2727 1410 2783 certamine
1441 2727 1578 2786 vincente

298 2815 590 2892 Hippodamiamque
614 2814 779 2890 praemium
807 2814 950 2873 victoriae
974 2814 1162 2872 nanciscente
1186 2814 1278 2872 refert
1306 2807 1458 2896 (ao—92).
1497 2816 1578 2886 Quae

298 2904 402 2963 fabula
417 2925 484 2964 cum
498 2906 565 2979 ipsa
578 2905 623 2961 rei
636 2904 786 2979 praesenti
802 2906 832 2960 et
842 2903 1015 2977 Olympicae
1031 2903 1175 2962 victoriae
1189 2904 1406 2978 praedicandae
1422 2905 1579 2979 aptissima

298 2997 385 3070 esset,
409 2995 580 3052 inventione
600 2996 631 3051 et
648 2994 768 3070 iugenio
792 2992 915 3051 Pindari
935 2993 1026 3049 etiam
1046 2993 1145 3067 aptior
1164 2993 1244 3050 facta
1264 2996 1317 3069 est,
1339 2995 1418 3069 quod
1437 2993 1578 3070 Pelopem

299 3104 317 3142 a
341 3085 491 3158 Neptune,
516 3082 633 3141 fautore
654 3083 834 3159 equestrium
860 3082 1027 3140 studiorum
1053 3081 1104 3161 (cf.
1124 3082 1156 3139 P.
1177 3100 1208 3140 V1
1227 3075 1284 3162 50),
1308 3103 1433 3158 puerum
1457 3086 1577 3159 raptum

299 3175 329 3231 et
348 3174 486 3231 iuvenem
504 3173 536 3229 in
555 3173 715 3230 certamine
735 3170 867 3247 equestri
885 3171 1021 3228 adiutum
1040 3190 1103 3229 esse
1123 3175 1306 3229 commentus
1326 3176 1378 3231 est.
1410 3171 1470 3229 Sub
1490 3173 1578 3230 tinem

299 3262 372 3320 odae
397 3280 415 3319 a
438 3261 559 3336 Pelopis
586 3262 735 3337 sepulcro,
767 3280 859 3336 prope
888 3260 967 3334 quod
1000 3260 1164 3318 certamina
1193 3258 1350 3336 Olympica
1381 3260 1507 3337 fiebant,
1540 3262 1577 3319 ad

300 3351 459 3409 victoriam
477 3350 617 3408 Hieronis
637 3351 803 3425 equestrem
822 3349 902 3406 redit
920 3352 951 3405 et
969 3350 1060 3405 etiam
1084 3350 1313 3424 splendidiorem
1333 3352 1490 3409 victoriam
1508 3370 1578 3410 mox

299 3440 326 3497 ei
341 3439 538 3497 obventuram
562 3458 624 3497 esse
649 3442 814 3516 auguratur
829 3430 1000 3518 (aa—114).
1028 3438 1077 3495 Ad
1099 3442 1282 3513 postremum
1305 3441 1396 3497 altius
1420 3458 1579 3518 assurgens

299 3529 384 3606 regia
406 3528 554 3605 dignitate
579 3527 653 3585 nihil
676 3528 860 3602 praeclarius
884 3546 946 3585 esse
970 3527 1127 3600 profitetur
1155 3529 1282 3603 deosque
1311 3533 1462 3606 precatur,
1490 3532 1525 3586 ut
1548 3532 1580 3587 et

300 3618 426 3677 Hieroni
458 3617 543 3693 regni
571 3617 712 3674 maiestas
744 3619 776 3674 et
803 3616 858 3674 sibi
887 3616 984 3693 gloria
1016 3617 1149 3690 poeticae
1183 3618 1257 3674 artis
1288 3619 1426 3693 perennis
1458 3621 1581 3677 maneat

299 3697 488 3788 (lle—120).
520 3739 562 3745 -—
594 3706 742 3764 Pindarus
773 3709 863 3781 poeta
896 3706 927 3762 in
964 3705 1061 3762 fronte
1093 3725 1213 3764 suerum
1243 3709 1406 3766 carminum
1438 3708 1578 3783 epinicio-

298 3817 364 3855 rum
396 3795 539 3855 Oenomai
570 3797 600 3852 et
630 3796 749 3871 Pelopis
780 3796 815 3852 de
846 3793 1048 3869 Hippodamia
1077 3815 1208 3871 pugnam
1240 3796 1341 3856 Musae
1365 3817 1485 3855 munere
1509 3798 1578 3856 illu·

300 3889 427 3945 stratam
446 3886 555 3960 posuit,
574 3888 609 3942 ut
627 3885 744 3960 aliquot
763 3885 848 3942 annis
867 3887 934 3959 post
954 3902 1085 3942 summus
1105 3885 1212 3942 artifex
1232 3885 1355 3944 Phidias
1372 3887 1453 3944 Iovis
1472 3888 1579 3961 templi

299 3975 451 4050 Olympici
474 3977 650 4049 tympanum
673 3973 838 4049 principale
863 3974 971 4031 statuis
995 3973 1116 4031 eandem
1145 3974 1227 4031 illam
1252 3995 1384 4053 pugnam
1407 3994 1578 4052 repraesen-

299 4062 435 4122 tantibus
460 4064 662 4121 cremandum
685 4064 810 4123 curavit.

387 4153 512 4210 Praeter
543 4152 599 4210 hoc
631 4171 750 4211 cannen
777 4151 925 4209 Pindarus
952 4150 1076 4209 Hieroni
1109 4153 1191 4210 misit
1223 4154 1351 4227 epinicia
1383 4153 1416 4211 P.
1444 4172 1464 4215 1.
1488 4173 1520 4216 11.
1546 4173 1581 4214 111

299 4246 390 4318 atque
419 4241 620 4315 hyporchema
648 4244 679 4298 et
708 4241 833 4315 scolion,
864 4259 989 4315 quomm
1013 4240 1118 4318 fragm.
1149 4254 1207 4300 105.
1237 4255 1287 4300 lot
1312 4247 1342 4300 et
1367 4254 1425 4301 125.
1456 4255 1507 4302 126
1531 4264 1579 4302 ex-

301 4334 396 4408 stant,
420 4331 541 4404 iusuper
567 4331 670 4388 amicis
696 4330 834 4388 Hieronis
860 4329 980 4404 scripsit
1008 4329 1136 4406 Agesiae
1163 4331 1196 4389 O.
1212 4350 1255 4408 vr,
1283 4330 1420 4390 Chromio
1443 4333 1480 4391 N.
1499 4352 1519 4391 1.
1540 4352 1579 4391 rx.

299 4421 371 4479 Inde
395 4422 523 4495 apparet
545 4423 664 4494 poetam
689 4419 827 4476 Hieronis
851 4419 929 4495 regis
949 4417 1156 4477 familiaritate
1177 4421 1244 4478 irule
1264 4420 1301 4477 ab
1321 4422 1579 4497 Ol.lb,1usque

299 4510 338 4567 ad
361 4509 407 4567 Ol.
429 4510 480 4584 78,
502 4513 517 4566 1
539 4528 625 4566 usum
650 4528 721 4566 esse.

845 4608 889 4673 De
910 4609 1033 4674 metris.

388 4723 454 4781 Oda
477 4723 715 4798 praeclarissima
738 4723 769 4778 in
792 4722 876 4799 regia
894 4723 981 4782 domo
1001 4722 1139 4780 Hieronis
1159 4724 1281 4783 victoris
1301 4724 1379 4783 inter
1398 4725 1579 4803 convivium,

300 4813 338 4870 ad
362 4813 568 4872 celebrandam
599 4816 765 4888 equestrem
794 4811 952 4887 victoriam
983 4813 1160 4871 adornatum
1192 4806 1253 4894 (vv.
1278 4808 1415 4895 11106),
1440 4833 1457 4871 a
1481 4815 1580 4895 choro,
