3442 5550
891 1244 1050 1295 NEMEON.
1069 1239 1108 1293 Δ’.

581 1406 1009 1491 ΤΙΜΑΣΑΡΧΩι
1064 1404 1422 1489 ΑΙΓΙΝΗΤΗ.

834 1600 934 1649 ΠΑΙΔΙ
955 1600 1163 1651 ῙΙΑΛΑΙΣΤΗι.

873 2813 1113 2895 Argumentum.

444 2945 579 3005 Victoria
601 2944 758 3022 Nemeaea,
784 2963 875 3021 quam
898 2943 1108 3003 Timasarchus
1127 2943 1304 3003 Timocratis
1326 2944 1407 3003 filius
1426 2944 1577 3023 Aegineta
1598 2964 1632 3003 ex

356 3034 561 3095 illustrissima
584 3038 672 3113 gente
697 3033 952 3093 Theandridarum
974 3034 1058 3093 lucta
1086 3036 1262 3092 consecutus
1290 3038 1368 3110 erat,
1395 3034 1552 3110 praeclaro
1578 3032 1631 3093 hoc

356 3125 485 3184 camnine
512 3124 691 3183 illustratur.
730 3124 771 3182 Ut
790 3122 869 3181 enim
887 3117 965 3181 aliae
988 3126 1091 3201 gentes
1115 3121 1229 3181 nobiles
1247 3122 1450 3200 Aeginetioae‚
1474 3122 1519 3182 sic
1542 3122 1630 3183 etiam

356 3213 612 3273 Theandridarum
643 3231 718 3290 gens
749 3212 896 3290 gymnicis
925 3211 1138 3271 certaminibus
1173 3211 1304 3287 impense
1336 3231 1457 3288 operam
1491 3211 1629 3287 navabat,

355 3304 433 3361 unde
456 3302 584 3361 maiores
603 3301 788 3360 Timasarchi
807 3298 971 3377 Olympiois
994 3300 1144 3360 Isthmicis
1167 3300 1322 3359 Nenneaeis
1346 3300 1463 3360 coronis
1487 3300 1563 3360 clari
1585 3320 1629 3361 ex·

355 3391 505 3449 stiterunt.
552 3390 721 3467 Singularis
748 3409 817 3449 vero
846 3390 912 3449 laus
940 3389 1029 3448 huius
1052 3390 1150 3469 gentis
1173 3394 1251 3467 erat,
1279 3390 1360 3467 quod
1383 3390 1470 3449 iuxta
1492 3390 1630 3469 gymnica

355 3481 456 3538 studia
479 3479 571 3538 etiarn
593 3480 707 3537 musica
731 3478 898 3555 exercebat3
916 3479 1053 3555 inprimis
1072 3479 1235 3555 Timooriti,
1255 3479 1349 3555 patris
1368 3479 1566 3557 Timasarehi,
1584 3496 1628 3538 ars

354 3568 462 3628 fidibus
494 3569 631 3644 cauendi,
665 3568 819 3644 Euphanis
851 3569 900 3628 avi
932 3568 1061 3643 epinicia
1093 3567 1225 3627 earmina
1256 3588 1274 3626 a
1303 3568 1433 3627 Pindaro
1466 3568 1628 3627 laudantur

354 3650 396 3739 (v.
422 3670 463 3718 14.
488 3650 544 3737 90).
590 3658 695 3733 Alipta
718 3657 926 3716 Timasarchus
954 3658 1077 3717 Melesia
1104 3657 1279 3716 Atheniensi
1309 3676 1381 3715 usus
1409 3662 1476 3716 erat
1505 3649 1550 3737 (r.
1574 3646 1628 3731 ael,

354 3747 440 3806 cuius
463 3747 611 3805 Pindarus
634 3747 726 3805 etiam
749 3746 857 3805 O.v111
881 3758 914 3805 54
938 3749 968 3804 et
990 3747 1027 3804 N.
1047 3766 1077 3805 ru
1103 3758 1135 3805 74
1159 3747 1340 3806 mentionem
1366 3746 1445 3807 fecit.
1493 3745 1628 3807 Ceterum

354 3855 413 3895 non
442 3837 504 3895 sine
532 3856 640 3914 magno
669 3836 769 3895 labore
798 3839 828 3894 et
857 3836 989 3912 periculo
1019 3836 1244 3896 Timasarohum
1273 3835 1430 3895 victoriam
1461 3840 1626 3911 reportasse

354 3944 456 3984 versus
476 3936 580 3984 28-32
600 3929 741 4003 arguunt.
762 3957 803 3965 -
824 3924 867 3984 De
886 3930 1019 4001 tempore
1039 3925 1178 3984 carminis
1198 3925 1273 3983 nihil
1293 3924 1452 3984 memoriae
1476 3926 1626 4001 proditum

354 4018 407 4091 est,
432 4015 483 4074 sed
506 4035 541 4073 en
559 4016 644 4073 varia
663 4014 787 4089 ratione,
808 4032 868 4090 qua
886 4019 975 4089 poeta
994 4015 1147 4074 Melesiam
1166 4014 1238 4074 locis
1258 4014 1389 4072 laudatis
1408 4016 1627 4085 commemorat,

353 4104 452 4164 elucet
474 4104 550 4162 hauc
569 4104 725 4163 victoriam
745 4108 814 4161 ante
834 4101 867 4162 Ο.
887 4122 942 4161 vrrr
961 4108 992 4163 et
1008 4104 1045 4161 N.
1066 4123 1105 4181 vr,
1125 4104 1186 4163 sive
1206 4107 1276 4162 ante
1295 4122 1407 4162 annum
1427 4104 1494 4162 460
1513 4121 1541 4161 a.
1556 4104 1627 4175 cnr„

353 4213 412 4270 quo
441 4212 518 4252 anuo
547 4211 665 4251 carmen
694 4191 728 4252 Ο.
747 4211 803 4251 r111
831 4194 944 4252 factum
972 4198 1030 4270 est,
1061 4196 1179 4268 partam
1209 4211 1280 4252 esse.
1325 4192 1487 4251 Praeterea
1517 4193 1628 4253 laetum

354 4286 419 4342 tum
442 4282 584 4358 temporis
604 4288 718 4341 statum
738 4302 836 4342 rerum
855 4281 1044 4358 publicarum
1062 4282 1154 4341 fuisse
1174 4283 1300 4340 necdum
1319 4282 1486 4359 quidquam
1505 4278 1630 4357 periculi

351 4372 567 4451 Aeginetarum
592 4371 724 4430 libertati
753 4371 790 4429 ab
809 4371 1041 4431 Atheniensibus
1064 4370 1241 4447 impendisse
1265 4374 1330 4431 tota
1350 4370 1466 4429 indoles
1490 4370 1628 4429 conuiuis

351 4462 463 4540 gaudio
488 4461 575 4538 quasi
594 4461 758 4519 exultantis
778 4461 917 4519 declarat.
956 4460 1041 4530 Quod
1060 4479 1129 4519 vero
1151 4460 1305 4519 Salamina
1324 4460 1465 4536 Cypriam
1485 4460 1566 4519 inter
1583 4460 1629 4519 de·

353 4570 423 4611 oona
446 4551 579 4630 Aeginae
604 4556 692 4626 poeta
715 4554 848 4610 recenset
867 4544 909 4629 (v.
928 4542 977 4630 48)
997 4552 1028 4609 et
1050 4548 1161 4607 fabulis
1185 4550 1326 4626 mythicis
1350 4549 1456 4626 utitur,
1479 4552 1629 4627 utquam

351 4640 412 4700 late
439 4640 574 4718 Aeginae
604 4659 675 4715 opes
705 4642 829 4714 pateant
858 4640 1053 4715 demonstret,
1083 4638 1138 4697 hoc
1168 4638 1212 4696 ita
1242 4639 1437 4716 interpretor,
1467 4644 1504 4697 ut
1533 4638 1628 4716 specie

351 4730 483 4804 mpdhica
511 4732 682 4805 praesentes
710 4748 756 4786 res
784 4728 1012 4787 Atheniensium
1042 4747 1204 4804 cornumque
1236 4728 1384 4788 sociorum
1412 4728 1629 4806 Aeginetarum

352 4822 420 4893 post.
447 4840 580 4896 pugnarn
609 4819 645 4875 ml
674 4818 900 4893 Euurynmdontn
927 4838 981 4893 per
1003 4822 1098 4875 terras
1121 4822 1152 4875 et
1175 4818 1270 4875 muria
1293 4817 1514 4877 dominantium
1537 4817 1628 4895 signi·
