3442 5550
762 423 893 474 summ
912 425 958 476 rx.
1432 422 1495 486 νοτ

274 583 423 666 θρέψατο
446 584 548 648 παῖδα
567 584 741 669 Κυράναν·
766 581 869 669 ἁμὶν
893 584 969 649 οὔθ’
998 587 1098 650 ἱστῶν
1120 587 1352 671 παλιμβάμους
1375 584 1443 670 ε’φί-

1071 697 1170 775 λησεν
1193 692 1304 775 ὁδούς,

277 801 352 864 οὔτε
376 800 521 863 δείπνων
544 801 694 883 οἰκοριᾶν
716 797 788 882 μεθ’
819 796 953 881 ἑταιρᾶν
976 798 1124 883 τέρψιας,
1464 817 1497 863 35

221 926 255 970 eo
276 905 344 971 ἀλλ’
374 906 568 971 ἀκόντεσσίν
591 930 624 970 τε
648 905 798 991 χαλκέοις

274 1013 433 1100 φασγάνῳ
457 1036 491 1077 τε
514 1012 706 1098 μαρναμένα
729 1014 876 1096 κεράιζεν
899 1013 1036 1098 ἀγρίους

273 1127 395 1204 θῆρας,
421 1115 440 1202 ἦ
463 1121 590 1184 πολλάν
614 1118 724 1184 τεκαὶ
749 1119 888 1203 ἡσύχιον

273 1226 393 1311 βουσὶν
416 1230 552 1310 εἰρήναν
575 1227 754 1312 παρέχοισα
776 1226 954 1315 πατρῴαις,
977 1229 1036 1292 τὸν
1059 1224 1096 1293 δὲ
1119 1231 1298 1311 σύγκοιτον
1317 1230 1443 1311 γλυκὺν

273 1343 403 1417 παῦρον
427 1334 479 1399 ἐπὶ
504 1336 682 1420 γλεφάροις

223 1460 256 1505 κο
276 1441 384 1506 ὕπνον
408 1442 622 1507 ἀναλίσκοισα
646 1440 788 1528 ῥέποντα
810 1444 893 1528 πρὸς
916 1441 972 1506 ἀῶ,

274 1660 342 1740 κίχε
367 1681 423 1722 νιν
447 1661 557 1722 λέοντί
577 1655 649 1721 ποτ’
676 1655 925 1742 εὐρυφαρέτρας
1291 1661 1370 1742 Στρ.
1394 1655 1438 1740 β’.
1463 1675 1496 1720 ts

274 1763 400 1851 ὀβρίμφ
424 1765 554 1848 μούναν
576 1767 775 1828 παλαίοισαν

275 1872 350 1954 άτερ
376 1870 497 1955 ἐγχέων
521 1869 673 1955 ἑκάεργος
692 1868 871 1936 Ἀπόλλων.

274 1977 391 2042 αὐτίκα
416 1976 447 2042 d’
473 1977 508 2042 ἐκ
531 1977 683 2062 μεγάρων
706 1982 858 2064 Χείρωνα
880 1976 1081 2063 προσέννεπε
1106 1986 1217 2063 φωνᾷ·

219 2104 254 2148 :ro
275 2087 407 2169 Σεμνὸν
429 2087 566 2170 ἄντρον,
594 2087 773 2170 Φιλυρίὸα,
801 2086 973 2170 προλιπὼν
996 2087 1108 2168 θυμὸν
1132 2086 1289 2166 γυναικὸς
1312 2082 1366 2149 καὶ
1389 2109 1442 2170 με-
1463 2104 1496 2149 oo

1069 2192 1174 2274 γάλαν
1198 2193 1340 2257 δύνασιν

291 2392 332 2439 19.
353 2383 476 2439 δείπνων
495 2384 585 2441 Boi:
606 2389 722 2440 δεῖπνον
740 2386 784 2440 D⁸
803 2389 832 2440 et
849 2404 875 2439 v.
891 2385 908 2439 l.
925 2385 1019 2446 schol..
1039 2388 1140 2440 deivos
1160 2384 1229 2439 coni.
1244 2385 1338 2456 Bergk
1354 2419 1385 2426 -
1403 2387 1496 2441 οίκοο-

219 2466 283 2525 ριᾶν
302 2458 441 2526 (οἰκοριᾶν
459 2457 578 2523 Mosch.‚
599 2458 741 2531 οίκοορχᾶν
764 2456 927 2524 Schreeder)
951 2455 1019 2526 μεθ’
1042 2456 1155 2524 ἑταιρᾶν
1173 2456 1291 2525 τέρψιας
1316 2457 1412 2513 codd:
1436 2456 1495 2525 τέρ-

218 2542 287 2593 ψιας
316 2527 385 2583 ote'
416 2528 518 2597 ἑταρᾶν
547 2529 692 2597 οἰκουρίαν
721 2546 754 2583 ex
778 2528 891 2584 scholiis
915 2528 1013 2583 elicuit
1038 2528 1131 2598 Bergk
1155 2559 1186 2568 -
1212 2534 1253 2581 ⁸22.
1278 2528 1356 2599 ἁσυχ.
1376 2529 1443 2583 BD
1461 2562 1495 2569 -

220 2606 261 2656 24.
286 2605 363 2671 γλεφ.
389 2601 424 2656 V:
454 2602 530 2673 βλεφ.
552 2601 621 2656 BD
640 2633 672 2640 —
688 2598 778 2654 ὕπνον
795 2646 799 2655 .
817 2645 821 2654 .
838 2608 969 2668 ,παῦρον
993 2600 1023 2667 V,
1047 2597 1138 2654 ὕπνον
1163 2599 1206 2652 ἐπὶ
1233 2599 1383 2669 γλεφάροις
1405 2599 1493 2668 παῦρ’

218 2674 400 2727 ἀναλίσκοισα
428 2671 499 2727 coni.
527 2671 633 2743 Bergk3
663 2672 840 2740 ἀλδήσκουσα
870 2689 919 2742 pro
948 2671 1129 2725 ἀναλίσκοισα
1157 2670 1228 2724 coni.
1255 2671 1291 2724 M.
1319 2670 1432 2725 Schmid
1462 2703 1494 2711 -

220 2749 261 2800 27.
281 2743 339 2816 ὀβρ.
355 2744 428 2812 BD,
448 2743 526 2816 ὀμβρ,
541 2745 573 2811 P,
593 2744 627 2798 ot'.
644 2743 674 2798 0.
690 2761 743 2798 ιιι
764 2776 796 2783 -
817 2750 859 2797 29.
879 2743 909 2797 ἐκ
929 2742 1057 2813 μεγάρων
1077 2742 1170 2797 codd:
1195 2740 1224 2796 di
1250 2752 1399 2812 σμαραγών
1423 2743 1494 2797 coni.

290 2892 331 2940 18.
358 2884 551 2958 παλιμβάμους
575 2884 658 2948 ὁδούς
676 2884 801 2953 Heynius
825 2885 859 2938 de
883 2885 963 2940 radio
982 2884 1182 2955 interpretatur
1201 2900 1250 2954 per
1269 2887 1390 2938 tramam
1408 2888 1493 2939 eunte

217 2959 246 3011 et
263 2956 405 3025 redeunte,
425 2956 581 3011 Boeckhius
600 2956 635 3011 da
654 2956 817 3011 mulieribus
836 2955 933 3026 iugum
952 2957 1103 3010 textorium
1122 2954 1320 3010 ambientibus.
1356 2955 1494 3010 Boeekhii

216 3028 274 3082 inte
310 3028 476 3082 rotationem
495 3027 640 3081 illustrant
663 3027 784 3082 scholia:
811 3026 1018 3100 παλιμβάμους·
1039 3029 1102 3082 ἀντὶ
1122 3036 1170 3081 τοῦ
1190 3028 1442 3096 παλιμπορεύτους,
1463 3026 1492 3081 αλ

218 3098 270 3168 γὰρ
307 3101 377 3167 ρθαί
396 3097 568 3169 ύφαίνουσαι
586 3098 810 3167 προπορεύονται
829 3100 877 3152 καὶ
895 3099 981 3153 πάλιν
996 3099 1044 3153 τὸν
1059 3099 1146 3152 αὑτὸν
1160 3098 1329 3166 πορεύονται
1343 3095 1430 3151 τόπον
1445 3101 1491 3152 καί

219 3167 443 3240 ὑποστρέφουσιν
463 3204 495 3210 -
515 3177 556 3224 19.
584 3169 754 3224 scholiastae
772 3187 835 3224 cum
855 3169 917 3224 ούτε
936 3179 993 3224 τῶν
1011 3168 1133 3224 δείπνων
1151 3169 1201 3232 τάς
1219 3168 1337 3236 τέρψιας
1356 3168 1418 3223 olins
1438 3177 1494 3224 τῶν

221 3241 337 3310 ἑταίρων
356 3251 411 3297 τῶν
429 3251 477 3296 τοῦ
498 3243 576 3296 οίκου
596 3245 788 3306 δετποζουοιῑιν
806 3240 855 3304 τὰς
874 3239 990 3309 τέρψιας
1009 3242 1235 3312 interpretentur,
1254 3241 1345 3309 ipsam
1365 3240 1493 3295 codicum

217 3313 365 3368 lectionem
389 3315 566 3381 confirmant,
591 3314 640 3368 sed
663 3330 763 3383 parum
783 3314 926 3367 commode
945 3318 1002 3368 tres
1021 3330 1077 3381 res,
1097 3312 1199 3382 quibus
1217 3311 1340 3379 virgines
1360 3311 1492 3380 aequales

219 3384 348 3453 (ἑταῖραι)
375 3384 561 3453 delectentur,
581 3384 716 3453 Cyrenaeo
744 3388 922 3467 aspematnm
948 3402 1009 3440 esse
1036 3387 1208 3452 statuerunt,
1236 3400 1306 3453 opus
1333 3383 1494 3449 tentorium,

217 3456 408 3510 conviviorum
426 3456 539 3526 gaudio,
559 3457 659 3510 domus
678 3455 960 3512 administrationem.
988 3458 1059 3527 Apte
1079 3456 1153 3511 enim
1173 3454 1282 3524 Cyrene
1301 3454 1492 3508 conviviorum

217 3544 355 3580 unacum
375 3529 518 3582 sodalibus
538 3529 651 3582 domum
671 3527 893 3582 custodientibus
916 3528 1107 3582 obeundorum
1130 3527 1237 3596 gaudia
1260 3527 1399 3596 respuisse
1423 3526 1491 3580 dici-

217 3601 269 3653 tur.
308 3598 459 3653 Offeusioni
484 3617 550 3654 sane
574 3603 618 3654 est
641 3600 732 3653 forma
755 3600 901 3667 οἰκουριαν
925 3617 979 3654 non
1004 3604 1062 3653 tom
1083 3615 1184 3666 genere
1210 3597 1345 3651 feminino
1364 3604 1424 3666 λ-ᾶν
1443 3615 1493 3668 pro

218 3676 278 3731 ιον)
304 3688 388 3739 quam
412 3675 540 3741 correpta
563 3672 738 3741 diphthongo
767 3688 812 3724 ου·
837 3670 930 3725 nescio
954 3676 1049 3725 tamen
1074 3688 1110 3724 an
1130 3670 1200 3724 haee
1219 3669 1357 3739 correptio
1376 3668 1493 3723 Aeolios

218 3741 339 3795 dialecto
363 3745 392 3795 et
415 3743 497 3796 analo
519 3742 548 3796 ia
574 3742 729 3811 duplicium
755 3744 906 3797 formosum
931 3752 1033 3812 μοῦνος
1059 3747 1088 3796 et
1113 3740 1208 3812 μόνος,
1235 3750 1335 3808 κοῦρος
1354 3743 1383 3793 et
1401 3739 1491 3808 κόρος,

217 3821 316 3876 νοῦσος
335 3816 364 3867 et
382 3811 469 3879 νότος,
489 3834 572 3882 ουρος
590 3818 619 3868 et
638 3814 702 3882 ὄρος
721 3814 790 3867 satis
809 3813 922 3868 defendi
941 3814 1078 3884 possit-
1092 3821 1134 3868 ⁶20.
1155 3811 1292 3883 χαλκέοις
1313 3811 1416 3876 aeneis,
1436 3829 1492 3864 non

218 3883 322 3954 terreis,
334 3885 369 3938 od
380 3902 480 3939 aevum
490 3884 605 3940 heroum
616 3885 843 3955 significandum
858 3886 893 3938 cf.
909 3885 939 3940 Ο.
951 3905 961 3938 1
975 3902 1008 3940 rs.
1023 3904 1050 3938 ιν
1061 3901 1094 3939 ιι.
1114 3885 1168 3938 N.1
1182 3901 1215 3938 ss.
1231 3904 1247 3936 ,r
1262 3901 1286 3936 m
1299 3915 1332 3925 -
1343 3888 1385 3938 25.
1400 3881 1492 3936 ἀπνον

218 3951 338 4025 ἀέκοντα
361 3956 430 4024 πρὸς
453 3958 506 4010 der
531 3958 565 4011 cf.
585 3958 649 4013 Eur.
669 3957 751 4011 Rhes.
772 3974 811 4012 sos
834 3955 934 4019 ἀπνος·
960 3956 1071 4019 ἀὸιστος
1093 3956 1147 4025 γὰρ
1172 3955 1222 4029 έβα
1248 3953 1398 4027 βλεφάροις
1422 3954 1492 4021 πρὸς

217 4027 298 4095 ἀοῦς,
324 4043 396 4095 quae
419 4045 483 4098 pars
503 4028 592 4082 somni
612 4047 675 4083 eum
694 4028 857 4082 dulcissima
876 4028 925 4095 sit,
944 4028 1066 4082 maxime
1085 4027 1265 4081 venatoribus
1285 4025 1420 4093 fugienda
1439 4029 1489 4080 est.

216 4096 305 4152 Recta
322 4098 368 4152 via
386 4103 466 4152 vetus
485 4101 672 4169 paraphrasta
691 4099 834 4154 aberravit
848 4099 1048 4169 interpretans:
1068 4107 1150 4153 τοῦτο
1166 4098 1197 4152 δι’
1211 4116 1298 4167 φησιν
1313 4099 1349 4160 ὡς
1362 4097 1412 4160 τὰς
1426 4097 1490 4151 νύκ-

216 4189 265 4234 τας
284 4169 349 4233 ὅλας
363 4172 426 4239 περὶ
441 4172 475 4224 τὰ
489 4172 640 4240 κυνηγέσια
654 4170 809 4242 γινομένης,
828 4172 898 4239 πρὸς
912 4172 1020 4239 ὄρθρον
1034 4169 1065 4224 δὲ
1080 4168 1288 4239 κοιταζομίνης·
1309 4168 1394 4222 immo
1408 4185 1490 4222 mane

216 4242 350 4312 surgebat
364 4242 453 4295 somni
468 4243 615 4297 dulcedine
630 4247 725 4314 spreta
745 4276 777 4283 —
797 4249 838 4297 26.
860 4243 983 4295 futuram
1002 4240 1145 4295 dominam
1163 4244 1254 4295 terrae
1273 4240 1385 4294 leonum
1400 4240 1490 4294 nutri-

216 4312 255 4365 cis
274 4312 320 4368 ref.
340 4313 369 4367 P.
390 4332 406 4365 v
425 4320 461 4367 nst
479 4332 574 4385 pugna
593 4334 656 4370 eum
675 4317 755 4370 leons
775 4315 905 4380 decebat3
930 4331 1015 4382 quam
1039 4317 1135 4366 autem
1160 4329 1285 4383 pugnam
1304 4311 1442 4365 Pindarus
1462 4315 1491 4365 et

216 4382 404 4457 Callimachus
420 4385 463 4452 hy
480 4405 500 4437 11
518 4406 550 4440 m.
571 4406 601 4439 m
621 4406 659 4440 ms
678 4386 815 4456 Cyrenam
834 4405 896 4439 curu
916 4385 996 4439 leone
1015 4384 1045 4437 in
1064 4384 1142 4438 Pelio
1158 4387 1253 4439 monte
1268 4382 1490 4437 committentem

216 4454 296 4523 facit,
317 4472 379 4509 eam
398 4456 427 4509 in
448 4456 535 4525 Libyn
559 4459 664 4512 factam
684 4459 734 4512 alii
752 4462 850 4529 postea
870 4460 1066 4524 narraverunt,
1090 4456 1200 4524 quade
1219 4472 1248 4508 re
1267 4454 1331 4508 vide
1350 4453 1489 4507 uberrime

216 4526 406 4598 disputantem
426 4528 604 4597 Siudniezka,
624 4531 765 4598 Hermes,
783 4549 791 4584 ι
809 4548 843 4583 ss.
918 4535 959 4583 ⁸28.
980 4528 1045 4595 ἄτερ
1065 4527 1167 4598 ἐγχέων
1186 4526 1348 4597 epexegesis
1367 4540 1428 4578 esse
1449 4524 1489 4576 ri-

216 4598 296 4653 detur
315 4598 435 4652 nominis
454 4601 574 4668 μούναν;
595 4603 628 4655 ef.
645 4602 677 4656 N.
693 4621 723 4654 111
743 4622 766 4655 :n
785 4634 817 4642 -
834 4607 876 4655 29.
897 4600 926 4654 ἐκ
946 4599 1086 4670 μεγάρων·
1107 4617 1140 4652 ex
1160 4598 1272 4668 regione
1288 4600 1352 4649 ante
1367 4596 1489 4659 domum,

215 4687 286 4740 quae
305 4670 383 4724 notio
402 4687 436 4724 ex
455 4671 643 4725 locutionibus
664 4674 693 4727 ἐκ
712 4677 814 4738 δεξιᾶς,
834 4673 864 4726 έκ
883 4680 932 4725 τοῦ
952 4671 1112 4741 ἔμπροσθεν
1131 4676 1198 4724 unta
1218 4672 1268 4729 est,
1289 4667 1343 4720 nisi
1359 4667 1388 4719 έκ
1407 4666 1489 4741 μεγά-

215 4762 269 4809 ρων
288 4740 458 4811 προσέννεπε
479 4742 552 4796 idem
570 4744 663 4798 valere
683 4746 761 4798 ducis
776 4750 861 4812 utque
877 4744 906 4796 ἐκ
921 4742 1049 4813 μεγάρων
1063 4743 1133 4811 πρὸς
1149 4742 1249 4797 ἑαυτὸν
1262 4739 1381 4813 ἐκάλεσε.
1407 4740 1487 4791 Certe

215 4813 309 4868 aliena
328 4814 364 4866 ab
383 4814 435 4867 hoc
455 4814 516 4867 loeo
536 4816 619 4868 sedes
639 4817 778 4886 Apollinis
799 4814 1008 4884 Delphicam,
1033 4832 1066 4868 ex
1086 4832 1142 4883 qua
1162 4812 1320 4882 Apollinem
1340 4809 1488 4864 Chironem

215 4884 404 4955 alloquentem
424 4886 493 4939 facit
513 4887 667 4941 Boeekhius
689 4922 719 4928 -
740 4896 781 4943 30.
803 4884 946 4955 Φιλυρίὸα,
967 4885 1098 4956 Philyrae
1116 4886 1166 4956 lili,
1187 4884 1220 4939 cf.
1242 4883 1269 4938 Ι),
1285 4902 1315 4934 ιιι
1336 4899 1346 4936 1
1367 4914 1400 4921 -

630 5126 656 5173 S·
