3442 5550
702 408 860 459 OLYMPIA
879 408 914 460 ΙΙ.
1402 405 1445 469 23

328 571 363 647 ὃς
378 568 501 654 Ἕκτορ’
530 573 665 654 ἔσφαλε,
695 573 814 655 Τροιάς
1117 575 1196 655 Στρ.
1220 568 1257 634 ε’.
1306 587 1354 634 145

250 697 284 743 00
330 681 456 763 άμαχον
479 677 626 763 ἀστραβῆ
650 680 759 759 κιόνα,
785 678 918 741 Κύκνον
942 701 976 741 τε
999 676 1135 763 θανάτῳ
1159 680 1275 762 πόρεν,

323 784 419 861 Ἀοῦς
442 783 588 849 τεπαῖδ’
618 786 776 848 Αἰθίοπα.
821 785 927 848 πολλά
950 808 1006 868 μοι
1029 782 1084 848 ὑπ’
1112 783 1169 866 άγ-

378 903 485 968 κῶνος
507 891 592 956 ὠκεά
614 890 692 975 βέλη
1304 908 1354 955 150

327 1001 426 1064 ἔνδον
449 998 516 1063 ἐντὶ
541 997 707 1084 φαρέτρας

234 1115 291 1181 (85)
328 1105 502 1193 φωνάεντα
526 1118 728 1171 συνετοῖσιν·
753 1104 785 1181 ἐς
808 1101 844 1168 δὲ
868 1105 904 1169 τὸ
927 1107 994 1170 τὰν
1017 1103 1185 1191 ἑρμηνέων

325 1216 453 1297 χατίζει.
499 1215 603 1298 σοφὸς
626 1213 644 1278 δ
667 1207 914 1288 τιολλά”ύέιδὼς
937 1221 1019 1297 φυᾷ·
1302 1229 1352 1276 155

246 1339 280 1385 05
325 1324 491 1407 μαθόντες
514 1317 550 1384 δὲ
574 1321 691 1405 λάβροι

325 1432 551 1514 παγγλωσσίᾳ,
573 1430 710 1510 κόρακες
733 1427 791 1507 ὥς,
815 1428 960 1511 άκραντα
983 1426 1145 1512 γαρύετον

326 1625 410 1699 Διὸς
432 1623 515 1708 πρὸς
537 1624 654 1707 ὄρνιχα
677 1629 781 1686 θεῖον.
1127 1620 1212 1686 Ἀντ.
1237 1619 1273 1685 ε’.

324 1733 415 1814 ἕτεχε
439 1738 503 1793 νῦν
526 1739 637 1817 σκοπῷ
661 1727 772 1811 τόξον,
795 1730 853 1810 άγε
876 1727 979 1813 θυμέ,
1003 1732 1078 1793 τίνα
1100 1727 1266 1812 βάλλομεν
1303 1745 1354 1793 150

231 1845 286 1912 (eol
324 1836 358 1901 ἐκ
381 1841 554 1921 μαλθακᾶς
577 1831 655 1901 αύτε
679 1836 801 1919 φρενὸς
823 1834 957 1911 εὐκλέας
980 1835 1049 1900 ὀισ-

374 1947 452 2019 τοὺς
476 1942 594 2021 λε’ντες;
618 1942 674 2007 ἐπί
694 1967 744 2006 τοι

229 2068 278 2114 100
320 2049 513 2136 Ἀκράγαντι
537 2051 695 2125 τανύσαις

322 2156 507 2241 αὐδάσομαι
532 2156 683 2240 ἐνόρκιον
706 2159 807 2237 λόγον
831 2155 953 2220 ἀλαθεῖ
973 2159 1056 2243 νόῳ,

322 2275 427 2328 τεκεῖν
449 2265 494 2348 μή
518 2261 582 2328 τιν’
608 2260 725 2327 ἑκατόν
748 2287 784 2344 γε
807 2261 930 2327 λετέων
952 2264 1051 2326 πόλιν

321 2373 433 2453 φίλοις
456 2371 563 2455 ἄνδρα
586 2374 712 2453 μᾶλλον

321 2476 495 2561 εὐεργέταν
518 2480 679 2561 πραπίσιν
703 2476 954 2561 άφθονέστερον
977 2500 1011 2542 τε
1034 2477 1113 2562 χέρα

227 2689 276 2736 105
325 2674 490 2758 Θήρωνος.
537 2672 609 2738 ἀλλ’
636 2669 733 2738 αἶνον
756 2673 855 2757 ε’τιέβα
879 2676 977 2759 κόρος
1143 2672 1210 2737 Ἐν.
1234 2672 1272 2737 ε’.

230 2789 285 2855 (95)
321 2779 362 2844 οὐ
387 2780 462 2866 δίκᾳ
485 2798 606 2845 σνναν-

373 2889 523 2970 τύμενος,
546 2887 630 2952 άλλά
653 2889 805 2974 μάρ-γων
828 2887 884 2953 ὑπ’
913 2887 1062 2973 ἀνδρῶν,
1301 2906 1351 2952 115

232 3084 273 3134 89.
289 3078 389 3147 ἔκτορα
404 3078 491 3148 σφάλε
507 3082 533 3133 A
554 3111 586 3120 —
607 3085 648 3134 90.
670 3080 791 3149 εὐμαχον
806 3083 832 3134 A
855 3113 884 3118 ·-
905 3085 947 3133 93.
969 3079 997 3142 ἐς
1013 3078 1040 3132 δ’
1058 3079 1166 3146 ἄκορον
1181 3079 1253 3133 coni.
1269 3079 1441 3135 Schwickeit

165 3182 193 3190 -
214 3157 256 3205 94.
276 3152 363 3220 σοφὸς
383 3194 432 3205 ...
453 3156 535 3205 θεῖον
554 3150 636 3205 affert
654 3150 769 3205 Aristid.
789 3168 826 3205 or.
843 3167 904 3204 κον
924 3153 979 3205 tu
996 3169 1023 3220 p.
1040 3168 1064 3205 οι
1085 3149 1166 3203 Dino.
1188 3183 1219 3191 »-
1240 3155 1282 3205 06.
1302 3152 1440 3221 γαρύετον

164 3221 241 3276 codd.
256 3226 286 3277 et
303 3221 388 3276 schol.
405 3225 434 3276 et
448 3222 577 3276 christia:
596 3223 728 3291 γαρύεται
749 3222 819 3276 coni.
835 3223 999 3290 Mommsen,
1018 3219 1160 3291 γαρυὲτων
1179 3221 1250 3275 coni.
1270 3222 1384 3291 Bergh.;
1404 3225 1440 3287 ὡς

163 3291 368 3364 ...γαρυέμεν
391 3293 462 3348 coni.
482 3293 582 3348 Dawes
608 3325 638 3333 —
664 3299 706 3348 97.
727 3293 830 3361 ὄρνιθα
849 3292 934 3348 A¹0¹
955 3325 990 3333 —-
1014 3299 1074 3346 100.
1093 3293 1244 3355 τανύσσαις
1262 3294 1385 3349 ABCI)
1405 3327 1437 3336 -

163 3371 220 3419 101.
241 3365 401 3435 αὐδάσομεν
420 3366 458 3419 Β1
479 3397 512 3405 -
532 3364 628 3433 ὅρκιον
648 3367 671 3420 0
692 3398 724 3405 -
750 3370 809 3420 1ολ.
833 3364 861 3433 γ’
882 3366 1017 3420 ABCD:
1037 3363 1063 3418 τ’
1086 3364 1141 3419 0⁸⁰
1164 3396 1199 3406 -
1224 3371 1282 3418 104.
1302 3385 1331 3420 τε
1350 3386 1439 3435 τραπ.

163 3438 187 3490 Δ
209 3470 238 3476 -
263 3442 319 3492 106.
339 3437 495 3505 σνναντώμ.
518 3437 589 3491 0—

160 3582 300 3633 morantes
326 3578 427 3643 faciat,
447 3578 603 3633 Theronem
628 3595 738 3648 quoque
765 3576 892 3632 iustitiae
910 3579 940 3631 et
957 3576 1071 3631 uirtutis
1097 3577 1172 3632 idem
1198 3577 1355 3647 praemium
1374 3596 1438 3634 con-

162 3655 320 3705 secuturum
339 3666 400 3704 esse
419 3649 568 3719 significat.
612 3651 651 3704 De
675 3649 785 3704 Achille
811 3648 871 3702 illic
893 3653 1129 3703 commemorante
1155 3649 1251 3703 confer
1276 3649 1393 3703 scolium
1413 3669 1436 3705 11

163 3738 180 3774 a
202 3766 207 3775 .
227 3721 328 3775 Athen.
348 3740 383 3773 xv
402 3737 441 3776 coo
461 3724 489 3775 et
507 3720 579 3776 Plat.
599 3740 688 3791 symp.
710 3737 747 3776 ιτο
762 3748 774 3775 e
792 3724 822 3774 et
841 3736 907 3775 rsou
933 3752 964 3760 —
989 3725 1030 3774 00.
1055 3719 1178 3790 Cycnum
1202 3721 1327 3790 Neptuni
1351 3722 1438 3775 filium

161 3740 199 3845 οὐ
215 3792 325 3847 Achille
344 3792 467 3846 occisum
491 3810 551 3847 esse
575 3793 604 3847 in
623 3792 746 3863 Cypriis,
774 3792 950 3847 Memnonem
969 3792 1094 3846 Aurorae
1114 3792 1202 3846 filium
1221 3792 1250 3845 in
1269 3793 1438 3863 Aethiopide

159 3867 301 3918 narratum
321 3867 394 3930 erat;
414 3865 448 3918 cf.
469 3864 488 3917 1.
508 3883 526 3916 v
544 3881 578 3920 co.

230 3941 272 3990 91.
293 3934 357 3989 Orci
377 3939 406 3989 et
424 3935 513 4004 Elysii
533 3935 749 4005 descriptionem
768 3937 852 4004 poeta
871 3934 1023 4004 abrumpit,
1037 3937 1070 3987 ut
1088 3934 1125 3987 ad
1139 3933 1276 3988 Theronis
1291 3935 1438 3990 victoriam

158 4007 262 4060 redeat.
301 4004 355 4060 Illa
384 4024 447 4059 cum
470 4023 504 4059 ex
528 4007 638 4060 arcanis
663 4005 777 4077 placitis
802 4005 984 4086 Orphicorum
1008 4010 1037 4060 et
1059 4006 1299 4076 Pythagoreorum
1325 4011 1438 4078 sumpta

160 4080 265 4144 essent,
290 4077 362 4131 dicit
384 4077 535 4147 φωνάεντα
554 4087 709 4132 συνετοῖσιν
729 4077 745 4130 i.
766 4094 789 4130 e.
810 4076 931 4130 initiatis
950 4077 1129 4147 philosophia
1148 4080 1177 4131 et
1196 4079 1337 4146 mysteriis
1358 4112 1390 4120 -
1411 4079 1439 4143 ἐς

159 4146 188 4202 δὲ
207 4149 240 4203 τὸ
259 4148 327 4217 τάν,
346 4148 376 4201 in
390 4149 504 4219 vulgus;
523 4151 649 4204 vocalem
668 4148 789 4203 nominis
808 4157 866 4203 πᾶν
884 4148 913 4201 in
933 4148 1090 4203 adverbiali
1108 4148 1231 4202 formula
1250 4149 1385 4219 corripuit
1403 4167 1437 4204 ex

158 4218 291 4292 analogia
310 4220 454 4275 nominum
473 4222 690 4292 compositorum
708 4220 828 4289 πάμττᾶν
847 4223 875 4274 et
894 4220 1006 4289 σύμιτᾶν
1034 4253 1066 4260 -
1096 4225 1137 4274 06.
1162 4220 1310 4290 γαρύετον·
1336 4222 1436 4278 schol:

158 4290 181 4344 εὶ
199 4290 232 4347 δέ
250 4310 308 4355 πως
327 4292 395 4360 πρὸς
415 4292 590 4361 Βακχυλίδην
616 4294 664 4347 καλ
683 4288 846 4361 Σιμωνίδην
865 4288 1030 4358 αἰνίττεται,
1056 4295 1145 4354 καλῶς
1164 4290 1208 4359 ἄρ’
1230 4290 1386 4360 ἐξείληττται
1404 4293 1436 4349 τὸ

157 4363 293 4430 γαρύετον
312 4364 421 4426 tornes.
445 4365 538 4432 Atque
557 4364 660 4418 rectius
679 4366 754 4418 certe
773 4365 857 4431 poeta
876 4379 988 4432 carpere
1007 4362 1185 4416 existimatur
1199 4363 1323 4417 aemulos
1338 4367 1436 4434 poetas

159 4433 186 4486 iu
212 4433 279 4487 aula
304 4433 434 4489 Hieronis
459 4438 663 4489 commorantes
689 4452 774 4503 quam
800 4433 956 4487 rhetoricae
982 4433 1051 4487 artis
1078 4433 1228 4503 magistros
1252 4434 1384 4489 Coracem
1408 4439 1438 4490 et

159 4503 272 4573 Tisiam,
292 4505 326 4559 de
346 4506 448 4574 quibus
467 4506 575 4574 Verall‚
604 4507 699 4561 Journ.
720 4506 752 4560 of
766 4505 863 4575 philol.
884 4524 911 4557 rx
930 4522 968 4560 uu
988 4505 1133 4574 cogitavit.
1160 4538 1191 4546 —
1217 4511 1259 4561 97.
1280 4507 1348 4569 Διὸς
1366 4508 1436 4575 πρὸς

160 4572 255 4645 ὄρνιχα
278 4581 372 4631 θεῖον·
400 4578 521 4631 clamore
545 4595 618 4632 vano
638 4581 747 4631 certent
766 4577 900 4630 aduersus
926 4577 999 4632 Iovis
1024 4576 1162 4646 aquilam
1192 4576 1279 4630 simili
1305 4578 1379 4630 fastu
1406 4595 1435 4632 so

161 4646 293 4716 aequilse,
303 4648 428 4702 aemulos
440 4648 531 4702 corvis
542 4652 571 4703 et
579 4649 701 4719 graculis
712 4651 858 4718 comparat
870 4648 896 4700 N
914 4667 944 4700 m
954 4668 988 4703 so.
999 4667 1016 4700 v
1027 4666 1065 4718 ²¹3
1080 4648 1233 4702 Pindarum
1248 4648 1376 4702 imitatus
1390 4652 1435 4703 est

164 4714 272 4773 Theocr.
282 4739 321 4772 vn
330 4736 357 4774 ss
373 4752 405 4759 —
421 4726 463 4775 98.
478 4720 507 4773 iu
518 4721 727 4790 comparatione
738 4719 941 4773 sententiarum
950 4719 1043 4789 poesis
1054 4737 1116 4773 cum
1127 4719 1240 4788 sagittis
1251 4736 1339 4784 arcus,
1350 4736 1435 4788 quum

165 4802 188 4836 v.
202 4803 226 4839 οι
245 4789 395 4859 inchoavit,
415 4808 595 4862 perseverans
614 4792 798 4861 Agrigentum
823 4789 938 4858 eiusque
957 4807 1050 4859 regem
1069 4791 1225 4845 Theronem
1245 4808 1359 4860 scopum
1379 4790 1434 4846 sibi

167 4861 296 4929 proponit
316 4862 403 4917 simili
417 4861 626 4933 comparatione
641 4880 708 4917 usus
722 4865 766 4917 est
785 4862 815 4916 0.
832 4881 840 4913 ι
855 4879 901 4917 nu.
916 4882 945 4915 lx
960 4877 979 4916 5.
996 4894 1028 4902 -
1046 4869 1104 4916 102.
1122 4860 1222 4916 ἑκατόν
1236 4880 1266 4932 γε
1282 4860 1376 4916 ἐτέων·
1397 4862 1434 4915 ab
