<?xml version="1.0" encoding="UTF-8"?>
<!DOCTYPE html PUBLIC "-//W3C//DTD XHTML 1.0 Transitional//EN"
    "http://www.w3.org/TR/xhtml1/DTD/xhtml1-transitional.dtd">
<html xmlns="http://www.w3.org/1999/xhtml" xml:lang="en" lang="en">
 <head>
  <title>
</title>
<meta http-equiv="Content-Type" content="text/html;charset=utf-8" />
  <meta name='ocr-system' content='tesseract 3.04.00' />
  <meta name='ocr-capabilities' content='ocr_page ocr_carea ocr_par ocr_line ocrx_word'/>
</head>
<body>
  <div class='ocr_page' id='page_1' title='image "./pindaricarminap00chrigoog_0181.png"; bbox 0 0 3442 5550; ppageno 0'>
   <div class='ocr_carea' id='block_1_1' title="bbox 296 411 1101 476">
    <p class='ocr_par' dir='ltr' id='par_1_1' title="bbox 296 411 1101 476">
     <span class='ocr_line' id='line_1_1' title="bbox 296 411 1101 476; baseline -0.02 0"><span class='ocrx_word' id='word_1_1' title='bbox 296 413 339 476; x_wconf 74' lang='lat'><strong>32</strong></span> <span class='ocrx_word' id='word_1_2' title='bbox 766 413 915 464; x_wconf 75' lang='lat' dir='ltr'><strong>prunam</strong></span> <span class='ocrx_word' id='word_1_3' title='bbox 934 411 1101 462; x_wconf 78' lang='lat' dir='ltr'><strong>aemrcrn.</strong></span> 
     </span>
    </p>
   </div>
   <div class='ocr_carea' id='block_1_2' title="bbox 296 575 1577 2348">
    <p class='ocr_par' dir='ltr' id='par_1_2' title="bbox 296 575 1577 1728">
     <span class='ocr_line' id='line_1_2' title="bbox 296 575 1574 659; baseline -0.007 -17"><span class='ocrx_word' id='word_1_4' title='bbox 296 603 425 643; x_wconf 90' lang='lat' dir='ltr'><strong>errorem</strong></span> <span class='ocrx_word' id='word_1_5' title='bbox 456 581 584 659; x_wconf 91' lang='lat' dir='ltr'><strong>inducti,</strong></span> <span class='ocrx_word' id='word_1_6' title='bbox 618 584 730 640; x_wconf 89' lang='lat' dir='ltr'><strong>ceteras</strong></span> <span class='ocrx_word' id='word_1_7' title='bbox 761 579 901 638; x_wconf 86' lang='lat' dir='ltr'><strong>victorias</strong></span> <span class='ocrx_word' id='word_1_8' title='bbox 934 578 994 636; x_wconf 89' lang='lat' dir='ltr'><strong>alio</strong></span> <span class='ocrx_word' id='word_1_9' title='bbox 1027 597 1104 636; x_wconf 93' lang='lat' dir='ltr'><strong>anno</strong></span> <span class='ocrx_word' id='word_1_10' title='bbox 1137 578 1307 651; x_wconf 84' lang='lat' dir='ltr'><strong>reportatas</strong></span> <span class='ocrx_word' id='word_1_11' title='bbox 1339 594 1401 635; x_wconf 92' lang='lat' dir='ltr'><strong>esse</strong></span> <span class='ocrx_word' id='word_1_12' title='bbox 1434 575 1574 634; x_wconf 88' lang='lat' dir='ltr'><strong>arbitrati</strong></span> 
     </span>
     <span class='ocr_line' id='line_1_3' title="bbox 297 665 1575 743; baseline -0.005 -12"><span class='ocrx_word' id='word_1_13' title='bbox 297 673 444 732; x_wconf 88' lang='lat' dir='ltr'><strong>mularem</strong></span> <span class='ocrx_word' id='word_1_14' title='bbox 466 672 531 730; x_wconf 92' lang='lat' dir='ltr'><strong>eius</strong></span> <span class='ocrx_word' id='word_1_15' title='bbox 554 670 712 729; x_wconf 84' lang='lat' dir='ltr'><strong>victoriam</strong></span> <span class='ocrx_word' id='word_1_16' title='bbox 736 668 781 728; x_wconf 90' lang='lat' dir='ltr'><strong>Ol.</strong></span> <span class='ocrx_word' id='word_1_17' title='bbox 802 671 841 728; x_wconf 87' lang='lat'><strong>81</strong></span> <span class='ocrx_word' id='word_1_18' title='bbox 863 668 1035 727; x_wconf 88' lang='lat' dir='ltr'><strong>coniectura</strong></span> <span class='ocrx_word' id='word_1_19' title='bbox 1057 666 1155 724; x_wconf 81' lang='lat' dir='ltr'><strong>futtili</strong></span> <span class='ocrx_word' id='word_1_20' title='bbox 1178 665 1380 743; x_wconf 79' lang='lat' dir='ltr'><strong>assignabant.</strong></span> <span class='ocrx_word' id='word_1_21' title='bbox 1425 665 1482 724; x_wconf 85' lang='lat' dir='ltr'><strong>Sed</strong></span> <span class='ocrx_word' id='word_1_22' title='bbox 1506 685 1575 724; x_wconf 89' lang='lat' dir='ltr'><strong>cum</strong></span> 
     </span>
     <span class='ocr_line' id='line_1_4' title="bbox 296 754 1574 837; baseline -0.005 -17"><span class='ocrx_word' id='word_1_23' title='bbox 296 780 393 837; x_wconf 89' lang='lat' dir='ltr'><strong>neque</strong></span> <span class='ocrx_word' id='word_1_24' title='bbox 412 760 549 836; x_wconf 90' lang='lat' dir='ltr'><strong>pluribus</strong></span> <span class='ocrx_word' id='word_1_25' title='bbox 564 758 793 834; x_wconf 90' lang='lat' dir='ltr'><strong>Olympiadibus</strong></span> <span class='ocrx_word' id='word_1_26' title='bbox 811 756 969 815; x_wconf 80' lang='lat' dir='ltr'><strong>victoriam</strong></span> <span class='ocrx_word' id='word_1_27' title='bbox 988 755 1179 815; x_wconf 91' lang='lat' dir='ltr'><strong>Psaumidem</strong></span> <span class='ocrx_word' id='word_1_28' title='bbox 1202 758 1370 830; x_wconf 73' lang='lat' dir='ltr'><strong>reportasse</strong></span> <span class='ocrx_word' id='word_1_29' title='bbox 1389 754 1574 814; x_wconf 87' lang='lat' dir='ltr'><strong>testimonie-</strong></span> 
     </span>
     <span class='ocr_line' id='line_1_5' title="bbox 297 844 1574 922; baseline -0.006 -13"><span class='ocrx_word' id='word_1_30' title='bbox 297 870 365 909; x_wconf 90' lang='lat' dir='ltr'><strong>rum</strong></span> <span class='ocrx_word' id='word_1_31' title='bbox 387 850 444 909; x_wconf 90' lang='lat' dir='ltr'><strong>fide</strong></span> <span class='ocrx_word' id='word_1_32' title='bbox 468 852 583 908; x_wconf 87' lang='lat' dir='ltr'><strong>constet</strong></span> <span class='ocrx_word' id='word_1_33' title='bbox 607 849 637 905; x_wconf 91' lang='lat' dir='ltr'><strong>et</strong></span> <span class='ocrx_word' id='word_1_34' title='bbox 659 847 769 922; x_wconf 80' lang='lat' dir='ltr'>triplex</span> <span class='ocrx_word' id='word_1_35' title='bbox 787 845 914 904; x_wconf 87' lang='lat' dir='ltr'><strong>victoria</strong></span> <span class='ocrx_word' id='word_1_36' title='bbox 932 845 1078 921; x_wconf 89' lang='lat' dir='ltr'><strong>equestris</strong></span> <span class='ocrx_word' id='word_1_37' title='bbox 1098 844 1199 902; x_wconf 90' lang='lat' dir='ltr'><strong>eodem</strong></span> <span class='ocrx_word' id='word_1_38' title='bbox 1220 862 1297 902; x_wconf 92' lang='lat' dir='ltr'><strong>anno</strong></span> <span class='ocrx_word' id='word_1_39' title='bbox 1314 846 1468 919; x_wconf 89' lang='lat' dir='ltr'><strong>reportata</strong></span> <span class='ocrx_word' id='word_1_40' title='bbox 1485 845 1574 919; x_wconf 89' lang='lat' dir='ltr'><strong>plane</strong></span> 
     </span>
     <span class='ocr_line' id='line_1_6' title="bbox 297 931 1575 1014; baseline -0.005 -17"><span class='ocrx_word' id='word_1_41' title='bbox 297 938 435 998; x_wconf 89' lang='lat' dir='ltr'><strong>inaudita</strong></span> <span class='ocrx_word' id='word_1_42' title='bbox 463 939 515 1014; x_wconf 89' lang='lat' dir='ltr'><strong>sit,</strong></span> <span class='ocrx_word' id='word_1_43' title='bbox 548 936 715 995; x_wconf 88' lang='lat' dir='ltr'><strong>Bocckhius</strong></span> <span class='ocrx_word' id='word_1_44' title='bbox 738 956 801 994; x_wconf 91' lang='lat' dir='ltr'><strong>rem</strong></span> <span class='ocrx_word' id='word_1_45' title='bbox 824 935 868 992; x_wconf 90' lang='lat' dir='ltr'><strong>ita</strong></span> <span class='ocrx_word' id='word_1_46' title='bbox 892 933 1054 1010; x_wconf 82' lang='lat' dir='ltr'>expedivit,</span> <span class='ocrx_word' id='word_1_47' title='bbox 1078 936 1114 990; x_wconf 92' lang='lat' dir='ltr'><strong>ut</strong></span> <span class='ocrx_word' id='word_1_48' title='bbox 1137 932 1327 991; x_wconf 90' lang='lat' dir='ltr'><strong>Psaumidem</strong></span> <span class='ocrx_word' id='word_1_49' title='bbox 1351 931 1396 991; x_wconf 91' lang='lat' dir='ltr'><strong>Ol.</strong></span> <span class='ocrx_word' id='word_1_50' title='bbox 1418 936 1458 992; x_wconf 80' lang='lat'><strong>82</strong></span> <span class='ocrx_word' id='word_1_51' title='bbox 1483 933 1575 992; x_wconf 92' lang='lat' dir='ltr'><strong>rheda</strong></span> 
     </span>
     <span class='ocr_line' id='line_1_7' title="bbox 298 1021 1575 1101; baseline -0.005 -14"><span class='ocrx_word' id='word_1_52' title='bbox 298 1028 408 1087; x_wconf 90' lang='lat' dir='ltr'><strong>mulari</strong></span> <span class='ocrx_word' id='word_1_53' title='bbox 436 1028 500 1087; x_wconf 89' lang='lat' dir='ltr'><strong>sola</strong></span> <span class='ocrx_word' id='word_1_54' title='bbox 524 1026 643 1101; x_wconf 88' lang='lat' dir='ltr'><strong>vicisse,</strong></span> <span class='ocrx_word' id='word_1_55' title='bbox 672 1025 774 1084; x_wconf 88' lang='lat' dir='ltr'><strong>eodem</strong></span> <span class='ocrx_word' id='word_1_56' title='bbox 798 1026 900 1082; x_wconf 89' lang='lat' dir='ltr'><strong>autern</strong></span> <span class='ocrx_word' id='word_1_57' title='bbox 924 1042 1002 1082; x_wconf 90' lang='lat' dir='ltr'><strong>anno</strong></span> <span class='ocrx_word' id='word_1_58' title='bbox 1026 1022 1117 1081; x_wconf 89' lang='lat' dir='ltr'><strong>etiarn</strong></span> <span class='ocrx_word' id='word_1_59' title='bbox 1141 1021 1295 1099; x_wconf 85' lang='lat' dir='ltr'><strong>quadrigis</strong></span> <span class='ocrx_word' id='word_1_60' title='bbox 1319 1024 1349 1080; x_wconf 89' lang='lat' dir='ltr'><strong>ct</strong></span> <span class='ocrx_word' id='word_1_61' title='bbox 1372 1042 1448 1098; x_wconf 88' lang='lat' dir='ltr'><strong>equo</strong></span> <span class='ocrx_word' id='word_1_62' title='bbox 1477 1023 1575 1082; x_wconf 93' lang='lat' dir='ltr'><strong>desul-</strong></span> 
     </span>
     <span class='ocr_line' id='line_1_8' title="bbox 298 1111 1575 1192; baseline -0.005 -16"><span class='ocrx_word' id='word_1_63' title='bbox 298 1117 376 1177; x_wconf 90' lang='lat' dir='ltr'><strong>torio</strong></span> <span class='ocrx_word' id='word_1_64' title='bbox 406 1119 549 1192; x_wconf 77' lang='lat' dir='ltr'><strong>certasse,</strong></span> <span class='ocrx_word' id='word_1_65' title='bbox 580 1115 631 1173; x_wconf 92' lang='lat' dir='ltr'><strong>sed</strong></span> <span class='ocrx_word' id='word_1_66' title='bbox 661 1134 719 1174; x_wconf 90' lang='lat' dir='ltr'><strong>non</strong></span> <span class='ocrx_word' id='word_1_67' title='bbox 750 1113 855 1171; x_wconf 84' lang='lat' dir='ltr'><strong>vicisse</strong></span> <span class='ocrx_word' id='word_1_68' title='bbox 886 1114 1040 1171; x_wconf 82' lang='lat' dir='ltr'><strong>statueret.</strong></span> <span class='ocrx_word' id='word_1_69' title='bbox 1086 1111 1183 1170; x_wconf 89' lang='lat' dir='ltr'><strong>Locus</strong></span> <span class='ocrx_word' id='word_1_70' title='bbox 1214 1130 1348 1187; x_wconf 89' lang='lat' dir='ltr'><strong>quoque,</strong></span> <span class='ocrx_word' id='word_1_71' title='bbox 1378 1132 1437 1187; x_wconf 92' lang='lat' dir='ltr'><strong>quo</strong></span> <span class='ocrx_word' id='word_1_72' title='bbox 1465 1115 1575 1188; x_wconf 86' lang='lat' dir='ltr'><strong>quarta</strong></span> 
     </span>
     <span class='ocr_line' id='line_1_9' title="bbox 298 1199 1576 1279; baseline -0.004 -15"><span class='ocrx_word' id='word_1_73' title='bbox 298 1208 372 1265; x_wconf 89' lang='lat' dir='ltr'><strong>haec</strong></span> <span class='ocrx_word' id='word_1_74' title='bbox 395 1206 452 1264; x_wconf 91' lang='lat' dir='ltr'><strong>oda</strong></span> <span class='ocrx_word' id='word_1_75' title='bbox 475 1207 597 1264; x_wconf 88' lang='lat' dir='ltr'><strong>cantata</strong></span> <span class='ocrx_word' id='word_1_76' title='bbox 620 1221 683 1262; x_wconf 89' lang='lat' dir='ltr'><strong>esse</strong></span> <span class='ocrx_word' id='word_1_77' title='bbox 707 1201 866 1279; x_wconf 85' lang='lat' dir='ltr'><strong>videretur,</strong></span> <span class='ocrx_word' id='word_1_78' title='bbox 890 1201 921 1258; x_wconf 91' lang='lat' dir='ltr'><strong>in</strong></span> <span class='ocrx_word' id='word_1_79' title='bbox 945 1200 1191 1276; x_wconf 84' lang='lat' dir='ltr'><strong>disceptationem</strong></span> <span class='ocrx_word' id='word_1_80' title='bbox 1215 1199 1304 1258; x_wconf 91' lang='lat' dir='ltr'><strong>venit.</strong></span> <span class='ocrx_word' id='word_1_81' title='bbox 1348 1200 1415 1260; x_wconf 89' lang='lat' dir='ltr'><strong>Una</strong></span> <span class='ocrx_word' id='word_1_82' title='bbox 1438 1201 1517 1260; x_wconf 90' lang='lat' dir='ltr'><strong>enim</strong></span> <span class='ocrx_word' id='word_1_83' title='bbox 1540 1221 1576 1260; x_wconf 88' lang='lat' dir='ltr'><strong>ex</strong></span> 
     </span>
     <span class='ocr_line' id='line_1_10' title="bbox 298 1289 1576 1371; baseline -0.005 -17"><span class='ocrx_word' id='word_1_84' title='bbox 298 1299 384 1371; x_wconf 89' lang='lat' dir='ltr'><strong>parte</strong></span> <span class='ocrx_word' id='word_1_85' title='bbox 408 1294 558 1370; x_wconf 88' lang='lat' dir='ltr'><strong>particula</strong></span> <span class='ocrx_word' id='word_1_86' title='bbox 581 1289 685 1350; x_wconf 79' lang='grc' dir='ltr'><strong><em>αὐτίκα</em></strong></span> <span class='ocrx_word' id='word_1_87' title='bbox 709 1312 737 1351; x_wconf 81' lang='lat' dir='ltr'><strong>y.</strong></span> <span class='ocrx_word' id='word_1_88' title='bbox 757 1302 772 1348; x_wconf 81' lang='lat' dir='ltr'><strong>o</strong></span> <span class='ocrx_word' id='word_1_89' title='bbox 796 1289 905 1349; x_wconf 88' lang='lat' dir='ltr'><strong>indicio</strong></span> <span class='ocrx_word' id='word_1_90' title='bbox 929 1308 992 1348; x_wconf 89' lang='lat' dir='ltr'><strong>esse</strong></span> <span class='ocrx_word' id='word_1_91' title='bbox 1010 1289 1138 1366; x_wconf 88' lang='lat' dir='ltr'><strong>videtur,</strong></span> <span class='ocrx_word' id='word_1_92' title='bbox 1158 1289 1245 1348; x_wconf 89' lang='lat' dir='ltr'><strong>odam</strong></span> <span class='ocrx_word' id='word_1_93' title='bbox 1264 1289 1406 1349; x_wconf 89' lang='lat' dir='ltr'><strong>continuo</strong></span> <span class='ocrx_word' id='word_1_94' title='bbox 1424 1293 1493 1367; x_wconf 91' lang='lat' dir='ltr'><strong>post</strong></span> <span class='ocrx_word' id='word_1_95' title='bbox 1511 1291 1576 1367; x_wconf 89' lang='lat' dir='ltr'><strong>pal·</strong></span> 
     </span>
     <span class='ocr_line' id='line_1_11' title="bbox 299 1378 1575 1459; baseline -0.004 -17"><span class='ocrx_word' id='word_1_96' title='bbox 299 1403 378 1442; x_wconf 88' lang='lat' dir='ltr'><strong>mam</strong></span> <span class='ocrx_word' id='word_1_97' title='bbox 392 1386 511 1459; x_wconf 89' lang='lat' dir='ltr'><strong>partam</strong></span> <span class='ocrx_word' id='word_1_98' title='bbox 525 1381 683 1458; x_wconf 86' lang='lat' dir='ltr'><strong>Olympiae</strong></span> <span class='ocrx_word' id='word_1_99' title='bbox 698 1382 851 1439; x_wconf 88' lang='lat' dir='ltr'><strong>cantatam</strong></span> <span class='ocrx_word' id='word_1_100' title='bbox 865 1396 941 1456; x_wconf 77' lang='lat' dir='ltr'><strong>esse,</strong></span> <span class='ocrx_word' id='word_1_101' title='bbox 965 1379 1062 1436; x_wconf 86' lang='lat' dir='ltr'><strong>altera</strong></span> <span class='ocrx_word' id='word_1_102' title='bbox 1076 1381 1177 1436; x_wconf 87' lang='lat' dir='ltr'><strong>autem</strong></span> <span class='ocrx_word' id='word_1_103' title='bbox 1197 1397 1232 1437; x_wconf 85' lang='lat' dir='ltr'><strong>ex</strong></span> <span class='ocrx_word' id='word_1_104' title='bbox 1250 1382 1336 1453; x_wconf 87' lang='lat' dir='ltr'><strong>parte</strong></span> <span class='ocrx_word' id='word_1_105' title='bbox 1356 1378 1575 1439; x_wconf 84' lang='lat' dir='ltr'><strong>invocationem</strong></span> 
     </span>
     <span class='ocr_line' id='line_1_12' title="bbox 298 1464 1575 1548; baseline -0.005 -17"><span class='ocrx_word' id='word_1_106' title='bbox 298 1472 378 1532; x_wconf 81' lang='lat' dir='ltr'><strong>Iovis</strong></span> <span class='ocrx_word' id='word_1_107' title='bbox 393 1471 520 1531; x_wconf 89' lang='lat' dir='ltr'><strong>Aetnaei</strong></span> <span class='ocrx_word' id='word_1_108' title='bbox 535 1464 576 1547; x_wconf 81' lang='lat' dir='ltr'><strong>(v.</strong></span> <span class='ocrx_word' id='word_1_109' title='bbox 591 1464 621 1548; x_wconf 82' lang='lat'><strong>6)</strong></span> <span class='ocrx_word' id='word_1_110' title='bbox 636 1469 732 1546; x_wconf 89' lang='lat' dir='ltr'><strong>magis</strong></span> <span class='ocrx_word' id='word_1_111' title='bbox 752 1468 876 1527; x_wconf 88' lang='lat' dir='ltr'><strong>carmini</strong></span> <span class='ocrx_word' id='word_1_112' title='bbox 895 1467 925 1525; x_wconf 92' lang='lat' dir='ltr'><strong>in</strong></span> <span class='ocrx_word' id='word_1_113' title='bbox 946 1467 1049 1526; x_wconf 82' lang='lat' dir='ltr'><strong>Sicilia</strong></span> <span class='ocrx_word' id='word_1_114' title='bbox 1063 1467 1210 1526; x_wconf 91' lang='lat' dir='ltr'><strong>cantando</strong></span> <span class='ocrx_word' id='word_1_115' title='bbox 1231 1467 1386 1527; x_wconf 85' lang='lat' dir='ltr'><strong>convenire</strong></span> <span class='ocrx_word' id='word_1_116' title='bbox 1405 1472 1498 1545; x_wconf 86' lang='lat' dir='ltr'><strong>patet.</strong></span> <span class='ocrx_word' id='word_1_117' title='bbox 1530 1468 1575 1526; x_wconf 91' lang='lat' dir='ltr'><strong>De</strong></span> 
     </span>
     <span class='ocr_line' id='line_1_13' title="bbox 299 1556 1577 1634; baseline -0.003 -15"><span class='ocrx_word' id='word_1_118' title='bbox 299 1561 373 1620; x_wconf 89' lang='lat' dir='ltr'><strong>urbe</strong></span> <span class='ocrx_word' id='word_1_119' title='bbox 389 1560 545 1620; x_wconf 83' lang='lat' dir='ltr'><strong>Camerina</strong></span> <span class='ocrx_word' id='word_1_120' title='bbox 564 1559 629 1634; x_wconf 89' lang='lat' dir='ltr'><strong>ipsa</strong></span> <span class='ocrx_word' id='word_1_121' title='bbox 648 1559 772 1633; x_wconf 89' lang='lat' dir='ltr'><strong>eiusque</strong></span> <span class='ocrx_word' id='word_1_122' title='bbox 792 1557 853 1616; x_wconf 88' lang='lat' dir='ltr'><strong>situ</strong></span> <span class='ocrx_word' id='word_1_123' title='bbox 872 1560 902 1615; x_wconf 89' lang='lat' dir='ltr'><strong>et</strong></span> <span class='ocrx_word' id='word_1_124' title='bbox 920 1557 1046 1615; x_wconf 89' lang='lat' dir='ltr'><strong>historia</strong></span> <span class='ocrx_word' id='word_1_125' title='bbox 1060 1556 1208 1616; x_wconf 86' lang='lat' dir='ltr'><strong>uberrime</strong></span> <span class='ocrx_word' id='word_1_126' title='bbox 1223 1556 1391 1633; x_wconf 87' lang='lat' dir='ltr'><strong>disputavit</strong></span> <span class='ocrx_word' id='word_1_127' title='bbox 1407 1557 1577 1634; x_wconf 88' lang='lat' dir='ltr'><strong>Schubring</strong></span> 
     </span>
     <span class='ocr_line' id='line_1_14' title="bbox 299 1640 747 1728; baseline -0.002 -20"><span class='ocrx_word' id='word_1_128' title='bbox 299 1650 405 1709; x_wconf 87' lang='lat' dir='ltr'><strong>Philol.</strong></span> <span class='ocrx_word' id='word_1_129' title='bbox 421 1662 454 1708; x_wconf 80' lang='lat' dir='ltr'><strong>aa</strong></span> <span class='ocrx_word' id='word_1_130' title='bbox 470 1642 510 1728; x_wconf 78' lang='lat' dir='ltr'><strong>(a.</strong></span> <span class='ocrx_word' id='word_1_131' title='bbox 530 1640 628 1727; x_wconf 83' lang='lat'>1873)</span> <span class='ocrx_word' id='word_1_132' title='bbox 643 1659 695 1705; x_wconf 76' lang='lat' dir='ltr'><strong>roo</strong></span> <span class='ocrx_word' id='word_1_133' title='bbox 711 1666 747 1707; x_wconf 66' lang='lat' dir='ltr'><strong>ss⁴</strong></span> 
     </span>
    </p>

    <p class='ocr_par' dir='ltr' id='par_1_3' title="bbox 299 1734 1577 2348">
     <span class='ocr_line' id='line_1_15' title="bbox 390 1734 1576 1813; baseline -0.002 -17"><span class='ocrx_word' id='word_1_134' title='bbox 390 1738 425 1796; x_wconf 90' lang='lat' dir='ltr'><strong>In</strong></span> <span class='ocrx_word' id='word_1_135' title='bbox 452 1737 550 1813; x_wconf 90' lang='lat' dir='ltr'><strong>prima</strong></span> <span class='ocrx_word' id='word_1_136' title='bbox 576 1740 662 1812; x_wconf 89' lang='lat' dir='ltr'><strong>parte</strong></span> <span class='ocrx_word' id='word_1_137' title='bbox 690 1735 830 1795; x_wconf 89' lang='lat' dir='ltr'><strong>carminis</strong></span> <span class='ocrx_word' id='word_1_138' title='bbox 857 1736 959 1794; x_wconf 86' lang='lat' dir='ltr'><strong>Iovem</strong></span> <span class='ocrx_word' id='word_1_139' title='bbox 986 1738 1076 1809; x_wconf 90' lang='lat' dir='ltr'><strong>poeta</strong></span> <span class='ocrx_word' id='word_1_140' title='bbox 1107 1734 1240 1812; x_wconf 88' lang='lat' dir='ltr'><strong>invocat,</strong></span> <span class='ocrx_word' id='word_1_141' title='bbox 1271 1739 1306 1793; x_wconf 95' lang='lat' dir='ltr'><strong>ut</strong></span> <span class='ocrx_word' id='word_1_142' title='bbox 1336 1736 1576 1796; x_wconf 89' lang='lat' dir='ltr'><strong>comissationem</strong></span> 
     </span>
     <span class='ocr_line' id='line_1_16' title="bbox 301 1823 1575 1902; baseline -0.002 -17"><span class='ocrx_word' id='word_1_143' title='bbox 301 1827 470 1887; x_wconf 88' lang='lat' dir='ltr'><strong>Psaumidis</strong></span> <span class='ocrx_word' id='word_1_144' title='bbox 497 1825 619 1885; x_wconf 90' lang='lat' dir='ltr'><strong>victoris</strong></span> <span class='ocrx_word' id='word_1_145' title='bbox 646 1825 795 1901; x_wconf 90' lang='lat' dir='ltr'><strong>propitius</strong></span> <span class='ocrx_word' id='word_1_146' title='bbox 825 1823 954 1899; x_wconf 89' lang='lat' dir='ltr'><strong>accipiat</strong></span> <span class='ocrx_word' id='word_1_147' title='bbox 977 1827 1007 1882; x_wconf 92' lang='lat' dir='ltr'><strong>et</strong></span> <span class='ocrx_word' id='word_1_148' title='bbox 1034 1823 1146 1882; x_wconf 86' lang='lat' dir='ltr'><strong>futuris</strong></span> <span class='ocrx_word' id='word_1_149' title='bbox 1170 1823 1233 1882; x_wconf 90' lang='lat' dir='ltr'><strong>eius</strong></span> <span class='ocrx_word' id='word_1_150' title='bbox 1257 1825 1388 1884; x_wconf 90' lang='lat' dir='ltr'><strong>consiliis</strong></span> <span class='ocrx_word' id='word_1_151' title='bbox 1412 1826 1485 1885; x_wconf 91' lang='lat' dir='ltr'><strong>bene</strong></span> <span class='ocrx_word' id='word_1_152' title='bbox 1508 1845 1575 1902; x_wconf 91' lang='lat' dir='ltr'><strong>pro-</strong></span> 
     </span>
     <span class='ocr_line' id='line_1_17' title="bbox 300 1912 1576 1992; baseline -0.002 -17"><span class='ocrx_word' id='word_1_153' title='bbox 300 1917 409 1976; x_wconf 88' lang='lat' dir='ltr'><strong>videat.</strong></span> <span class='ocrx_word' id='word_1_154' title='bbox 455 1915 490 1974; x_wconf 91' lang='lat' dir='ltr'><strong>In</strong></span> <span class='ocrx_word' id='word_1_155' title='bbox 514 1915 609 1991; x_wconf 90' lang='lat' dir='ltr'><strong>cpcda</strong></span> <span class='ocrx_word' id='word_1_156' title='bbox 632 1913 734 1992; x_wconf 85' lang='lat' dir='ltr'><strong>exigui</strong></span> <span class='ocrx_word' id='word_1_157' title='bbox 761 1912 914 1990; x_wconf 88' lang='lat' dir='ltr'><strong>carminis,</strong></span> <span class='ocrx_word' id='word_1_158' title='bbox 943 1917 978 1971; x_wconf 90' lang='lat' dir='ltr'><strong>ut</strong></span> <span class='ocrx_word' id='word_1_159' title='bbox 1001 1933 1037 1970; x_wconf 91' lang='lat' dir='ltr'><strong>ne</strong></span> <span class='ocrx_word' id='word_1_160' title='bbox 1061 1912 1199 1972; x_wconf 87' lang='lat' dir='ltr'><strong>fabulosa</strong></span> <span class='ocrx_word' id='word_1_161' title='bbox 1222 1913 1393 1973; x_wconf 85' lang='lat' dir='ltr'><strong>narratione</strong></span> <span class='ocrx_word' id='word_1_162' title='bbox 1416 1916 1504 1991; x_wconf 89' lang='lat' dir='ltr'><strong>plane</strong></span> <span class='ocrx_word' id='word_1_163' title='bbox 1528 1934 1576 1974; x_wconf 89' lang='lat' dir='ltr'><strong>ca·</strong></span> 
     </span>
     <span class='ocr_line' id='line_1_18' title="bbox 301 2001 1576 2083; baseline -0.003 -19"><span class='ocrx_word' id='word_1_164' title='bbox 301 2008 392 2083; x_wconf 89' lang='lat' dir='ltr'><strong>reret,</strong></span> <span class='ocrx_word' id='word_1_165' title='bbox 416 2004 620 2079; x_wconf 90' lang='lat' dir='ltr'><strong>Psaumidem,</strong></span> <span class='ocrx_word' id='word_1_166' title='bbox 644 2003 696 2079; x_wconf 88' lang='lat' dir='ltr'><strong>qui</strong></span> <span class='ocrx_word' id='word_1_167' title='bbox 720 2020 885 2079; x_wconf 89' lang='lat' dir='ltr'><strong>praecanus</strong></span> <span class='ocrx_word' id='word_1_168' title='bbox 908 2001 1065 2061; x_wconf 84' lang='lat' dir='ltr'><strong>victoriam</strong></span> <span class='ocrx_word' id='word_1_169' title='bbox 1088 2003 1255 2076; x_wconf 85' lang='lat' dir='ltr'><strong>reportasse</strong></span> <span class='ocrx_word' id='word_1_170' title='bbox 1278 2002 1406 2081; x_wconf 87' lang='lat' dir='ltr'><strong>videtur,</strong></span> <span class='ocrx_word' id='word_1_171' title='bbox 1430 2022 1499 2062; x_wconf 91' lang='lat' dir='ltr'><strong>cum</strong></span> <span class='ocrx_word' id='word_1_172' title='bbox 1522 2004 1576 2062; x_wconf 82' lang='lat' dir='ltr'><strong>Er·</strong></span> 
     </span>
     <span class='ocr_line' id='line_1_19' title="bbox 299 2090 1577 2173; baseline -0.002 -19"><span class='ocrx_word' id='word_1_173' title='bbox 299 2095 369 2173; x_wconf 90' lang='lat' dir='ltr'><strong>gine</strong></span> <span class='ocrx_word' id='word_1_174' title='bbox 392 2093 528 2169; x_wconf 81' lang='lat' dir='ltr'><strong>Clymeni</strong></span> <span class='ocrx_word' id='word_1_175' title='bbox 547 2092 608 2153; x_wconf 92' lang='lat' dir='ltr'><strong>filio</strong></span> <span class='ocrx_word' id='word_1_176' title='bbox 623 2092 801 2169; x_wconf 83' lang='lat' dir='ltr'><strong>Argonauta</strong></span> <span class='ocrx_word' id='word_1_177' title='bbox 820 2093 984 2167; x_wconf 90' lang='lat' dir='ltr'><strong>comparat,</strong></span> <span class='ocrx_word' id='word_1_178' title='bbox 1006 2090 1059 2167; x_wconf 91' lang='lat' dir='ltr'><strong>qui</strong></span> <span class='ocrx_word' id='word_1_179' title='bbox 1078 2090 1108 2148; x_wconf 92' lang='lat' dir='ltr'><strong>in</strong></span> <span class='ocrx_word' id='word_1_180' title='bbox 1128 2090 1207 2148; x_wconf 90' lang='lat' dir='ltr'><strong>ludis</strong></span> <span class='ocrx_word' id='word_1_181' title='bbox 1226 2091 1400 2150; x_wconf 89' lang='lat' dir='ltr'><strong>funebribus</strong></span> <span class='ocrx_word' id='word_1_182' title='bbox 1422 2093 1577 2170; x_wconf 89' lang='lat' dir='ltr'><strong>Thoantis,</strong></span> 
     </span>
     <span class='ocr_line' id='line_1_20' title="bbox 299 2179 1577 2255; baseline -0.001 -13"><span class='ocrx_word' id='word_1_183' title='bbox 299 2203 368 2242; x_wconf 91' lang='lat' dir='ltr'><strong>curn</strong></span> <span class='ocrx_word' id='word_1_184' title='bbox 396 2183 427 2240; x_wconf 89' lang='lat' dir='ltr'><strong>in</strong></span> <span class='ocrx_word' id='word_1_185' title='bbox 455 2200 576 2240; x_wconf 89' lang='lat' dir='ltr'><strong>arenam</strong></span> <span class='ocrx_word' id='word_1_186' title='bbox 606 2181 784 2239; x_wconf 87' lang='lat' dir='ltr'><strong>descendens</strong></span> <span class='ocrx_word' id='word_1_187' title='bbox 808 2181 845 2239; x_wconf 94' lang='lat' dir='ltr'><strong>ob</strong></span> <span class='ocrx_word' id='word_1_188' title='bbox 868 2180 1010 2239; x_wconf 87' lang='lat' dir='ltr'><strong>canitiem</strong></span> <span class='ocrx_word' id='word_1_189' title='bbox 1033 2179 1211 2255; x_wconf 90' lang='lat' dir='ltr'><strong>capillorum</strong></span> <span class='ocrx_word' id='word_1_190' title='bbox 1234 2181 1394 2240; x_wconf 90' lang='lat' dir='ltr'><strong>mulierum</strong></span> <span class='ocrx_word' id='word_1_191' title='bbox 1417 2182 1577 2242; x_wconf 88' lang='lat' dir='ltr'><strong>cachinnos</strong></span> 
     </span>
     <span class='ocr_line' id='line_1_21' title="bbox 299 2269 859 2348; baseline -0.007 -17"><span class='ocrx_word' id='word_1_192' title='bbox 299 2273 450 2348; x_wconf 83' lang='lat' dir='ltr'><strong>movisset,</strong></span> <span class='ocrx_word' id='word_1_193' title='bbox 474 2270 606 2347; x_wconf 89' lang='lat' dir='ltr'><strong>palmam</strong></span> <span class='ocrx_word' id='word_1_194' title='bbox 629 2288 719 2329; x_wconf 89' lang='lat' dir='ltr'><strong>cursu</strong></span> <span class='ocrx_word' id='word_1_195' title='bbox 742 2269 859 2329; x_wconf 86' lang='lat' dir='ltr'><strong>meruit.</strong></span> 
     </span>
    </p>
   </div>
   <div class='ocr_carea' id='block_1_3' title="bbox 845 2386 1035 2452">
    <p class='ocr_par' dir='ltr' id='par_1_4' title="bbox 845 2386 1035 2452">
     <span class='ocr_line' id='line_1_22' title="bbox 845 2386 1035 2452; baseline 0.011 -2"><span class='ocrx_word' id='word_1_196' title='bbox 845 2386 889 2451; x_wconf 90' lang='lat' dir='ltr'><strong>De</strong></span> <span class='ocrx_word' id='word_1_197' title='bbox 912 2387 1035 2452; x_wconf 87' lang='lat' dir='ltr'><strong>metris.</strong></span> 
     </span>
    </p>
   </div>
   <div class='ocr_carea' id='block_1_4' title="bbox 301 2492 1581 4466">
    <p class='ocr_par' dir='ltr' id='par_1_5' title="bbox 301 2492 1581 3917">
     <span class='ocr_line' id='line_1_23' title="bbox 390 2492 1577 2583; baseline 0 -21"><span class='ocrx_word' id='word_1_198' title='bbox 390 2502 537 2562; x_wconf 78' lang='lat' dir='ltr'><strong>Geminis</strong></span> <span class='ocrx_word' id='word_1_199' title='bbox 565 2501 655 2560; x_wconf 91' lang='lat' dir='ltr'><strong>huius</strong></span> <span class='ocrx_word' id='word_1_200' title='bbox 682 2501 713 2559; x_wconf 92' lang='lat' dir='ltr'><strong>in</strong></span> <span class='ocrx_word' id='word_1_201' title='bbox 741 2520 851 2576; x_wconf 91' lang='lat' dir='ltr'><strong>pompa</strong></span> <span class='ocrx_word' id='word_1_202' title='bbox 881 2492 921 2581; x_wconf 86' lang='lat' dir='ltr'><strong>(v.</strong></span> <span class='ocrx_word' id='word_1_203' title='bbox 943 2492 990 2579; x_wconf 79' lang='lat'><strong>12)</strong></span> <span class='ocrx_word' id='word_1_204' title='bbox 1014 2498 1121 2559; x_wconf 91' lang='lat' dir='ltr'><strong>fidibus</strong></span> <span class='ocrx_word' id='word_1_205' title='bbox 1145 2501 1365 2561; x_wconf 85' lang='lat' dir='ltr'><strong>succinentibus</strong></span> <span class='ocrx_word' id='word_1_206' title='bbox 1389 2496 1430 2582; x_wconf 87' lang='lat' dir='ltr'><strong>(v.</strong></span> <span class='ocrx_word' id='word_1_207' title='bbox 1454 2496 1484 2583; x_wconf 82' lang='grc'><strong>3)</strong></span> <span class='ocrx_word' id='word_1_208' title='bbox 1508 2523 1577 2562; x_wconf 89' lang='lat' dir='ltr'><strong>can-</strong></span> 
     </span>
     <span class='ocr_line' id='line_1_24' title="bbox 304 2588 1577 2668; baseline 0.001 -17"><span class='ocrx_word' id='word_1_209' title='bbox 304 2593 361 2652; x_wconf 89' lang='lat' dir='ltr'><strong>tati</strong></span> <span class='ocrx_word' id='word_1_210' title='bbox 391 2591 508 2650; x_wconf 91' lang='lat' dir='ltr'><strong>numeri</strong></span> <span class='ocrx_word' id='word_1_211' title='bbox 539 2593 609 2649; x_wconf 89' lang='lat' dir='ltr'><strong>sunt</strong></span> <span class='ocrx_word' id='word_1_212' title='bbox 640 2590 805 2668; x_wconf 87' lang='lat' dir='ltr'><strong>legaoedici</strong></span> <span class='ocrx_word' id='word_1_213' title='bbox 838 2591 868 2648; x_wconf 90' lang='lat' dir='ltr'><strong>et</strong></span> <span class='ocrx_word' id='word_1_214' title='bbox 897 2588 1053 2665; x_wconf 85' lang='lat' dir='ltr'><strong>trochaici,</strong></span> <span class='ocrx_word' id='word_1_215' title='bbox 1083 2591 1232 2648; x_wconf 88' lang='lat' dir='ltr'><strong>communi</strong></span> <span class='ocrx_word' id='word_1_216' title='bbox 1262 2594 1362 2650; x_wconf 91' lang='lat' dir='ltr'><strong>tractu</strong></span> <span class='ocrx_word' id='word_1_217' title='bbox 1385 2591 1486 2652; x_wconf 88' lang='lat' dir='ltr'><strong>lonico</strong></span> <span class='ocrx_word' id='word_1_218' title='bbox 1510 2612 1577 2652; x_wconf 90' lang='lat' dir='ltr'><strong>con-</strong></span> 
     </span>
     <span class='ocr_line' id='line_1_25' title="bbox 302 2677 1578 2757; baseline 0.001 -17"><span class='ocrx_word' id='word_1_219' title='bbox 302 2681 415 2741; x_wconf 90' lang='lat' dir='ltr'><strong>sociati.</strong></span> <span class='ocrx_word' id='word_1_220' title='bbox 467 2681 502 2738; x_wconf 89' lang='lat' dir='ltr'><strong>ln</strong></span> <span class='ocrx_word' id='word_1_221' title='bbox 531 2698 641 2756; x_wconf 92' lang='lat' dir='ltr'><strong>pompa</strong></span> <span class='ocrx_word' id='word_1_222' title='bbox 671 2698 740 2737; x_wconf 89' lang='lat' dir='ltr'><strong>cum</strong></span> <span class='ocrx_word' id='word_1_223' title='bbox 771 2679 875 2754; x_wconf 90' lang='lat' dir='ltr'><strong>aequis</strong></span> <span class='ocrx_word' id='word_1_224' title='bbox 904 2677 1019 2736; x_wconf 89' lang='lat' dir='ltr'><strong>vicibus</strong></span> <span class='ocrx_word' id='word_1_225' title='bbox 1049 2678 1152 2737; x_wconf 83' lang='lat' dir='ltr'><strong>dextro</strong></span> <span class='ocrx_word' id='word_1_226' title='bbox 1183 2683 1213 2737; x_wconf 89' lang='lat' dir='ltr'><strong>et</strong></span> <span class='ocrx_word' id='word_1_227' title='bbox 1243 2680 1363 2740; x_wconf 89' lang='lat' dir='ltr'><strong>sinistro</strong></span> <span class='ocrx_word' id='word_1_228' title='bbox 1393 2682 1467 2757; x_wconf 91' lang='lat' dir='ltr'><strong>pede</strong></span> <span class='ocrx_word' id='word_1_229' title='bbox 1497 2686 1578 2741; x_wconf 87' lang='lat' dir='ltr'><strong>terra</strong></span> 
     </span>
     <span class='ocr_line' id='line_1_26' title="bbox 303 2766 1579 2848; baseline 0 -20"><span class='ocrx_word' id='word_1_230' title='bbox 303 2769 451 2847; x_wconf 90' lang='lat' dir='ltr'><strong>pulsanda</strong></span> <span class='ocrx_word' id='word_1_231' title='bbox 474 2769 580 2845; x_wconf 85' lang='lat' dir='ltr'><strong>fuerit,</strong></span> <span class='ocrx_word' id='word_1_232' title='bbox 605 2786 706 2827; x_wconf 90' lang='lat' dir='ltr'><strong>omnes</strong></span> <span class='ocrx_word' id='word_1_233' title='bbox 728 2785 832 2826; x_wconf 86' lang='lat' dir='ltr'><strong>versus</strong></span> <span class='ocrx_word' id='word_1_234' title='bbox 856 2767 887 2824; x_wconf 93' lang='lat' dir='ltr'><strong>in</strong></span> <span class='ocrx_word' id='word_1_235' title='bbox 910 2766 1046 2841; x_wconf 82' lang='lat' dir='ltr'><strong>dipodius</strong></span> <span class='ocrx_word' id='word_1_236' title='bbox 1069 2767 1113 2824; x_wconf 87' lang='lat' dir='ltr'><strong>ita</strong></span> <span class='ocrx_word' id='word_1_237' title='bbox 1136 2767 1267 2827; x_wconf 87' lang='lat' dir='ltr'><strong>dividere</strong></span> <span class='ocrx_word' id='word_1_238' title='bbox 1290 2773 1416 2828; x_wconf 89' lang='lat' dir='ltr'><strong>conatus</strong></span> <span class='ocrx_word' id='word_1_239' title='bbox 1439 2789 1519 2848; x_wconf 89' lang='lat' dir='ltr'><strong>sum,</strong></span> <span class='ocrx_word' id='word_1_240' title='bbox 1542 2775 1579 2829; x_wconf 90' lang='lat' dir='ltr'><strong>ut</strong></span> 
     </span>
     <span class='ocr_line' id='line_1_27' title="bbox 302 2855 1578 2935; baseline 0.001 -17"><span class='ocrx_word' id='word_1_241' title='bbox 302 2860 333 2918; x_wconf 89' lang='lat' dir='ltr'><strong>in</strong></span> <span class='ocrx_word' id='word_1_242' title='bbox 356 2879 401 2935; x_wconf 92' lang='lat' dir='ltr'><strong>ea,</strong></span> <span class='ocrx_word' id='word_1_243' title='bbox 425 2878 515 2934; x_wconf 88' lang='lat' dir='ltr'><strong>quam</strong></span> <span class='ocrx_word' id='word_1_244' title='bbox 539 2857 602 2916; x_wconf 90' lang='lat' dir='ltr'><strong>ictu</strong></span> <span class='ocrx_word' id='word_1_245' title='bbox 625 2855 799 2934; x_wconf 86' lang='lat' dir='ltr'><strong>significavi,</strong></span> <span class='ocrx_word' id='word_1_246' title='bbox 823 2856 890 2914; x_wconf 88' lang='lat' dir='ltr'><strong>sede</strong></span> <span class='ocrx_word' id='word_1_247' title='bbox 914 2856 1017 2913; x_wconf 83' lang='lat' dir='ltr'><strong>dexter</strong></span> <span class='ocrx_word' id='word_1_248' title='bbox 1039 2874 1090 2931; x_wconf 91' lang='lat' dir='ltr'><strong>pes</strong></span> <span class='ocrx_word' id='word_1_249' title='bbox 1113 2856 1184 2931; x_wconf 90' lang='lat' dir='ltr'><strong>poni</strong></span> <span class='ocrx_word' id='word_1_250' title='bbox 1207 2861 1314 2933; x_wconf 88' lang='lat' dir='ltr'><strong>posset.</strong></span> <span class='ocrx_word' id='word_1_251' title='bbox 1352 2859 1454 2919; x_wconf 83' lang='lat' dir='ltr'><strong>Etiam</strong></span> <span class='ocrx_word' id='word_1_252' title='bbox 1475 2861 1578 2919; x_wconf 90' lang='lat' dir='ltr'><strong>inania</strong></span> 
     </span>
     <span class='ocr_line' id='line_1_28' title="bbox 301 2945 1578 3027; baseline -0.001 -19"><span class='ocrx_word' id='word_1_253' title='bbox 301 2951 437 3025; x_wconf 84' lang='lat' dir='ltr'><strong>tempora</strong></span> <span class='ocrx_word' id='word_1_254' title='bbox 461 2948 499 3006; x_wconf 91' lang='lat' dir='ltr'><strong>ad</strong></span> <span class='ocrx_word' id='word_1_255' title='bbox 521 2947 682 3005; x_wconf 87' lang='lat' dir='ltr'><strong>intervalla</strong></span> <span class='ocrx_word' id='word_1_256' title='bbox 705 2964 868 3021; x_wconf 88' lang='lat' dir='ltr'><strong>pausarum</strong></span> <span class='ocrx_word' id='word_1_257' title='bbox 892 2945 1036 3020; x_wconf 83' lang='lat' dir='ltr'><strong>explenda</strong></span> <span class='ocrx_word' id='word_1_258' title='bbox 1060 2946 1224 3004; x_wconf 89' lang='lat' dir='ltr'><strong>necessaria</strong></span> <span class='ocrx_word' id='word_1_259' title='bbox 1247 2947 1327 3005; x_wconf 89' lang='lat' dir='ltr'><strong>haud</strong></span> <span class='ocrx_word' id='word_1_260' title='bbox 1351 2968 1438 3027; x_wconf 89' lang='lat' dir='ltr'><strong>aegre</strong></span> <span class='ocrx_word' id='word_1_261' title='bbox 1463 2948 1578 3008; x_wconf 89' lang='lat' dir='ltr'><strong>definiri</strong></span> 
     </span>
     <span class='ocr_line' id='line_1_29' title="bbox 301 3033 1579 3114; baseline 0 -17"><span class='ocrx_word' id='word_1_262' title='bbox 301 3041 434 3114; x_wconf 85' lang='lat' dir='ltr'><strong>possunt.</strong></span> <span class='ocrx_word' id='word_1_263' title='bbox 466 3037 594 3096; x_wconf 90' lang='lat' dir='ltr'><strong>Versum</strong></span> <span class='ocrx_word' id='word_1_264' title='bbox 614 3038 756 3111; x_wconf 87' lang='lat' dir='ltr'><strong>quartum</strong></span> <span class='ocrx_word' id='word_1_265' title='bbox 776 3038 806 3092; x_wconf 90' lang='lat' dir='ltr'><strong>ct</strong></span> <span class='ocrx_word' id='word_1_266' title='bbox 824 3033 907 3110; x_wconf 91' lang='lat' dir='ltr'><strong>prius</strong></span> <span class='ocrx_word' id='word_1_267' title='bbox 926 3034 1012 3092; x_wconf 91' lang='lat' dir='ltr'><strong>colon</strong></span> <span class='ocrx_word' id='word_1_268' title='bbox 1032 3034 1130 3109; x_wconf 89' lang='lat' dir='ltr'><strong>quinti</strong></span> <span class='ocrx_word' id='word_1_269' title='bbox 1149 3053 1252 3094; x_wconf 89' lang='lat' dir='ltr'><strong>versus</strong></span> <span class='ocrx_word' id='word_1_270' title='bbox 1267 3036 1297 3093; x_wconf 89' lang='lat' dir='ltr'><strong>in</strong></span> <span class='ocrx_word' id='word_1_271' title='bbox 1312 3056 1404 3096; x_wconf 87' lang='lat' dir='ltr'><strong>unam</strong></span> <span class='ocrx_word' id='word_1_272' title='bbox 1422 3038 1579 3113; x_wconf 86' lang='lat' dir='ltr'><strong>periodum</strong></span> 
     </span>
     <span class='ocr_line' id='line_1_30' title="bbox 301 3122 1580 3204; baseline 0 -18"><span class='ocrx_word' id='word_1_273' title='bbox 301 3128 532 3204; x_wconf 85' lang='lat' dir='ltr'><strong>coniungentem</strong></span> <span class='ocrx_word' id='word_1_274' title='bbox 555 3124 740 3184; x_wconf 89' lang='lat' dir='ltr'><strong>Boechhium</strong></span> <span class='ocrx_word' id='word_1_275' title='bbox 763 3142 859 3198; x_wconf 90' lang='lat' dir='ltr'><strong>neque</strong></span> <span class='ocrx_word' id='word_1_276' title='bbox 884 3122 1031 3200; x_wconf 88' lang='lat' dir='ltr'><strong>Bergkius</strong></span> <span class='ocrx_word' id='word_1_277' title='bbox 1050 3143 1144 3198; x_wconf 86' lang='lat' dir='ltr'><strong>neque</strong></span> <span class='ocrx_word' id='word_1_278' title='bbox 1169 3144 1223 3201; x_wconf 88' lang='lat' dir='ltr'><strong>ege</strong></span> <span class='ocrx_word' id='word_1_279' title='bbox 1248 3126 1342 3183; x_wconf 87' lang='lat' dir='ltr'><strong>secuti</strong></span> <span class='ocrx_word' id='word_1_280' title='bbox 1367 3145 1484 3204; x_wconf 72' lang='lat' dir='ltr'><strong>sumus,</strong></span> <span class='ocrx_word' id='word_1_281' title='bbox 1505 3128 1580 3186; x_wconf 86' lang='lat' dir='ltr'><strong>item</strong></span> 
     </span>
     <span class='ocr_line' id='line_1_31' title="bbox 301 3212 1579 3290; baseline 0.001 -16"><span class='ocrx_word' id='word_1_282' title='bbox 301 3217 356 3275; x_wconf 91' lang='lat' dir='ltr'><strong>sub</strong></span> <span class='ocrx_word' id='word_1_283' title='bbox 384 3218 472 3274; x_wconf 88' lang='lat' dir='ltr'><strong>finem</strong></span> <span class='ocrx_word' id='word_1_284' title='bbox 500 3215 640 3290; x_wconf 89' lang='lat' dir='ltr'><strong>strophae</strong></span> <span class='ocrx_word' id='word_1_285' title='bbox 668 3213 804 3272; x_wconf 89' lang='lat' dir='ltr'><strong>codicum</strong></span> <span class='ocrx_word' id='word_1_286' title='bbox 831 3212 919 3270; x_wconf 88' lang='lat' dir='ltr'><strong>fidem</strong></span> <span class='ocrx_word' id='word_1_287' title='bbox 946 3212 1030 3287; x_wconf 89' lang='lat' dir='ltr'><strong>sequi</strong></span> <span class='ocrx_word' id='word_1_288' title='bbox 1058 3212 1153 3269; x_wconf 88' lang='lat' dir='ltr'><strong>malui</strong></span> <span class='ocrx_word' id='word_1_289' title='bbox 1182 3232 1273 3289; x_wconf 91' lang='lat' dir='ltr'><strong>quam</strong></span> <span class='ocrx_word' id='word_1_290' title='bbox 1296 3215 1480 3275; x_wconf 88' lang='lat' dir='ltr'><strong>Bocckhium</strong></span> <span class='ocrx_word' id='word_1_291' title='bbox 1503 3217 1579 3275; x_wconf 90' lang='lat' dir='ltr'><strong>duas</strong></span> 
     </span>
     <span class='ocr_line' id='line_1_32' title="bbox 302 3301 1579 3384; baseline 0.001 -20"><span class='ocrx_word' id='word_1_292' title='bbox 302 3305 413 3380; x_wconf 90' lang='lat' dir='ltr'><strong>primas</strong></span> <span class='ocrx_word' id='word_1_293' title='bbox 442 3303 573 3379; x_wconf 86' lang='lat' dir='ltr'><strong>syllabas</strong></span> <span class='ocrx_word' id='word_1_294' title='bbox 605 3302 706 3361; x_wconf 91' lang='lat' dir='ltr'><strong>ultimi</strong></span> <span class='ocrx_word' id='word_1_295' title='bbox 737 3318 840 3360; x_wconf 82' lang='lat' dir='ltr'><strong>versus</strong></span> <span class='ocrx_word' id='word_1_296' title='bbox 872 3301 1061 3376; x_wconf 87' lang='lat' dir='ltr'><strong>praecedenti</strong></span> <span class='ocrx_word' id='word_1_297' title='bbox 1093 3302 1193 3360; x_wconf 85' lang='lat' dir='ltr'><strong>versui</strong></span> <span class='ocrx_word' id='word_1_298' title='bbox 1225 3303 1411 3363; x_wconf 88' lang='lat' dir='ltr'><strong>adicientem.</strong></span> <span class='ocrx_word' id='word_1_299' title='bbox 1457 3306 1579 3384; x_wconf 83' lang='lat' dir='ltr'><strong>Longae</strong></span> 
     </span>
     <span class='ocr_line' id='line_1_33' title="bbox 302 3389 1579 3471; baseline 0.001 -19"><span class='ocrx_word' id='word_1_300' title='bbox 302 3396 406 3452; x_wconf 86' lang='lat' dir='ltr'><strong>autem</strong></span> <span class='ocrx_word' id='word_1_301' title='bbox 437 3391 548 3450; x_wconf 89' lang='lat' dir='ltr'><strong>initiali</strong></span> <span class='ocrx_word' id='word_1_302' title='bbox 578 3410 719 3450; x_wconf 86' lang='lat' dir='ltr'><strong>versuum</strong></span> <span class='ocrx_word' id='word_1_303' title='bbox 748 3390 887 3465; x_wconf 90' lang='lat' dir='ltr'><strong>strophae</strong></span> <span class='ocrx_word' id='word_1_304' title='bbox 917 3389 999 3447; x_wconf 91' lang='lat' dir='ltr'><strong>tertii</strong></span> <span class='ocrx_word' id='word_1_305' title='bbox 1030 3389 1105 3448; x_wconf 85' lang='lat' dir='ltr'><strong>sexti</strong></span> <span class='ocrx_word' id='word_1_306' title='bbox 1135 3392 1234 3450; x_wconf 86' lang='lat' dir='ltr'><strong>octavi</strong></span> <span class='ocrx_word' id='word_1_307' title='bbox 1257 3393 1342 3469; x_wconf 92' lang='lat' dir='ltr'><strong>noni,</strong></span> <span class='ocrx_word' id='word_1_308' title='bbox 1366 3394 1453 3469; x_wconf 89' lang='lat' dir='ltr'><strong>epodi</strong></span> <span class='ocrx_word' id='word_1_309' title='bbox 1477 3394 1579 3471; x_wconf 91' lang='lat' dir='ltr'><strong>quarti</strong></span> 
     </span>
     <span class='ocr_line' id='line_1_34' title="bbox 303 3477 1581 3558; baseline 0.002 -17"><span class='ocrx_word' id='word_1_310' title='bbox 303 3481 421 3557; x_wconf 91' lang='lat' dir='ltr'><strong>septimi</strong></span> <span class='ocrx_word' id='word_1_311' title='bbox 450 3481 511 3539; x_wconf 84' lang='lat' dir='ltr'><strong>vim</strong></span> <span class='ocrx_word' id='word_1_312' title='bbox 539 3488 653 3557; x_wconf 85' lang='grc' dir='ltr'><strong><em>μακρᾶς</em></strong></span> <span class='ocrx_word' id='word_1_313' title='bbox 681 3477 823 3557; x_wconf 83' lang='grc' dir='ltr'><strong><em>τρισήμου</em></strong></span> <span class='ocrx_word' id='word_1_314' title='bbox 851 3478 1040 3537; x_wconf 84' lang='lat' dir='ltr'><strong>tribuendam</strong></span> <span class='ocrx_word' id='word_1_315' title='bbox 1068 3498 1130 3537; x_wconf 89' lang='lat' dir='ltr'><strong>esse</strong></span> <span class='ocrx_word' id='word_1_316' title='bbox 1159 3481 1248 3558; x_wconf 90' lang='lat' dir='ltr'><strong>duco,</strong></span> <span class='ocrx_word' id='word_1_317' title='bbox 1281 3502 1342 3557; x_wconf 91' lang='lat' dir='ltr'><strong>qua</strong></span> <span class='ocrx_word' id='word_1_318' title='bbox 1365 3483 1400 3541; x_wconf 94' lang='lat' dir='ltr'><strong>de</strong></span> <span class='ocrx_word' id='word_1_319' title='bbox 1424 3503 1455 3541; x_wconf 89' lang='lat' dir='ltr'><strong>re</strong></span> <span class='ocrx_word' id='word_1_320' title='bbox 1478 3485 1581 3544; x_wconf 88' lang='lat' dir='ltr'><strong>confer</strong></span> 
     </span>
     <span class='ocr_line' id='line_1_35' title="bbox 302 3567 1581 3649; baseline 0.002 -20"><span class='ocrx_word' id='word_1_321' title='bbox 302 3570 381 3629; x_wconf 90' lang='lat' dir='ltr'><strong>Prol.</strong></span> <span class='ocrx_word' id='word_1_322' title='bbox 405 3588 457 3626; x_wconf 88' lang='lat' dir='ltr'><strong>xrx</strong></span> <span class='ocrx_word' id='word_1_323' title='bbox 481 3572 512 3627; x_wconf 91' lang='lat' dir='ltr'><strong>et</strong></span> <span class='ocrx_word' id='word_1_324' title='bbox 537 3587 564 3625; x_wconf 80' lang='lat' dir='ltr'><strong>a.</strong></span> <span class='ocrx_word' id='word_1_325' title='bbox 609 3567 813 3626; x_wconf 82' lang='lat' dir='ltr'><strong>Difficillimus</strong></span> <span class='ocrx_word' id='word_1_326' title='bbox 844 3587 912 3627; x_wconf 86' lang='lat' dir='ltr'><strong>vere</strong></span> <span class='ocrx_word' id='word_1_327' title='bbox 946 3567 983 3626; x_wconf 92' lang='lat' dir='ltr'><strong>ad</strong></span> <span class='ocrx_word' id='word_1_328' title='bbox 1014 3568 1214 3628; x_wconf 87' lang='lat' dir='ltr'><strong>scandendum</strong></span> <span class='ocrx_word' id='word_1_329' title='bbox 1245 3573 1290 3629; x_wconf 88' lang='lat' dir='ltr'><strong>est</strong></span> <span class='ocrx_word' id='word_1_330' title='bbox 1319 3591 1422 3630; x_wconf 84' lang='lat' dir='ltr'><strong>versus</strong></span> <span class='ocrx_word' id='word_1_331' title='bbox 1453 3575 1581 3649; x_wconf 88' lang='lat' dir='ltr'><strong>quartus</strong></span> 
     </span>
     <span class='ocr_line' id='line_1_36' title="bbox 304 3656 1580 3735; baseline 0.002 -17"><span class='ocrx_word' id='word_1_332' title='bbox 304 3659 453 3735; x_wconf 84' lang='lat' dir='ltr'><strong>strophae,</strong></span> <span class='ocrx_word' id='word_1_333' title='bbox 476 3661 512 3716; x_wconf 89' lang='lat' dir='ltr'><strong>ut</strong></span> <span class='ocrx_word' id='word_1_334' title='bbox 535 3657 587 3732; x_wconf 93' lang='lat' dir='ltr'><strong>qui</strong></span> <span class='ocrx_word' id='word_1_335' title='bbox 611 3678 647 3716; x_wconf 85' lang='lat' dir='ltr'><strong>ex</strong></span> <span class='ocrx_word' id='word_1_336' title='bbox 670 3657 741 3716; x_wconf 90' lang='lat' dir='ltr'><strong>selis</strong></span> <span class='ocrx_word' id='word_1_337' title='bbox 764 3656 888 3732; x_wconf 90' lang='lat' dir='ltr'><strong>syllabis</strong></span> <span class='ocrx_word' id='word_1_338' title='bbox 912 3656 1010 3734; x_wconf 89' lang='lat' dir='ltr'><strong>longis</strong></span> <span class='ocrx_word' id='word_1_339' title='bbox 1028 3660 1159 3733; x_wconf 72' lang='lat' dir='ltr'><strong>constet,</strong></span> <span class='ocrx_word' id='word_1_340' title='bbox 1183 3659 1321 3734; x_wconf 87' lang='lat' dir='ltr'><strong>equidem</strong></span> <span class='ocrx_word' id='word_1_341' title='bbox 1340 3679 1408 3719; x_wconf 91' lang='lat' dir='ltr'><strong>cum</strong></span> <span class='ocrx_word' id='word_1_342' title='bbox 1428 3662 1580 3721; x_wconf 82' lang='lat' dir='ltr'><strong>extribus</strong></span> 
     </span>
     <span class='ocr_line' id='line_1_37' title="bbox 302 3744 1580 3824; baseline 0.002 -18"><span class='ocrx_word' id='word_1_343' title='bbox 302 3748 440 3824; x_wconf 89' lang='lat' dir='ltr'><strong>spondeis</strong></span> <span class='ocrx_word' id='word_1_344' title='bbox 463 3746 633 3823; x_wconf 85' lang='lat' dir='ltr'><strong>duplicibus</strong></span> <span class='ocrx_word' id='word_1_345' title='bbox 663 3748 798 3805; x_wconf 90' lang='lat' dir='ltr'><strong>constare</strong></span> <span class='ocrx_word' id='word_1_346' title='bbox 827 3744 970 3821; x_wconf 73' lang='lat' dir='ltr'><strong>indicavi,</strong></span> <span class='ocrx_word' id='word_1_347' title='bbox 1000 3746 1110 3804; x_wconf 88' lang='lat' dir='ltr'><strong>etenim</strong></span> <span class='ocrx_word' id='word_1_348' title='bbox 1137 3748 1226 3822; x_wconf 92' lang='lat' dir='ltr'><strong>pedes</strong></span> <span class='ocrx_word' id='word_1_349' title='bbox 1254 3749 1344 3807; x_wconf 90' lang='lat' dir='ltr'><strong>crthii</strong></span> <span class='ocrx_word' id='word_1_350' title='bbox 1372 3751 1419 3809; x_wconf 86' lang='lat' dir='ltr'><strong>vel</strong></span> <span class='ocrx_word' id='word_1_351' title='bbox 1446 3751 1580 3811; x_wconf 89' lang='lat' dir='ltr'><strong>trochaei</strong></span> 
     </span>
     <span class='ocr_line' id='line_1_38' title="bbox 303 3833 1440 3917; baseline 0.002 -21"><span class='ocrx_word' id='word_1_352' title='bbox 303 3837 439 3914; x_wconf 83' lang='lat' dir='ltr'><strong>sementi,</strong></span> <span class='ocrx_word' id='word_1_353' title='bbox 463 3837 494 3894; x_wconf 91' lang='lat' dir='ltr'><strong>in</strong></span> <span class='ocrx_word' id='word_1_354' title='bbox 517 3854 593 3911; x_wconf 90' lang='lat' dir='ltr'><strong>quos</strong></span> <span class='ocrx_word' id='word_1_355' title='bbox 616 3839 647 3894; x_wconf 87' lang='lat' dir='ltr'><strong>et</strong></span> <span class='ocrx_word' id='word_1_356' title='bbox 670 3835 749 3911; x_wconf 91' lang='lat' dir='ltr'><strong>ipsos</strong></span> <span class='ocrx_word' id='word_1_357' title='bbox 772 3854 822 3893; x_wconf 82' lang='lat' dir='ltr'><strong>sex</strong></span> <span class='ocrx_word' id='word_1_358' title='bbox 845 3833 977 3909; x_wconf 89' lang='lat' dir='ltr'><strong>syllabas</strong></span> <span class='ocrx_word' id='word_1_359' title='bbox 1000 3834 1105 3912; x_wconf 91' lang='lat' dir='ltr'><strong>longas</strong></span> <span class='ocrx_word' id='word_1_360' title='bbox 1129 3837 1195 3914; x_wconf 90' lang='lat' dir='ltr'><strong>cogi</strong></span> <span class='ocrx_word' id='word_1_361' title='bbox 1218 3856 1304 3912; x_wconf 87' lang='lat' dir='ltr'><strong>posse</strong></span> <span class='ocrx_word' id='word_1_362' title='bbox 1327 3838 1440 3917; x_wconf 89' lang='lat' dir='ltr'><strong>largior</strong></span> 
     </span>
    </p>

    <p class='ocr_par' dir='ltr' id='par_1_6' title="bbox 303 3935 1423 4466">
     <span class='ocr_line' id='line_1_39' title="bbox 532 3935 1349 3989; baseline 0.004 -3"><span class='ocrx_word' id='word_1_363' title='bbox 532 3935 835 3986; x_wconf 46' lang='lat' dir='ltr'><strong>mammam</strong></span> <span class='ocrx_word' id='word_1_364' title='bbox 1047 3935 1349 3989; x_wconf 54' lang='grc' dir='ltr'><strong>ὼῲωωῲω</strong></span> 
     </span>
     <span class='ocr_line' id='line_1_40' title="bbox 303 4029 1219 4108; baseline -0.001 -16"><span class='ocrx_word' id='word_1_365' title='bbox 303 4032 427 4092; x_wconf 88' lang='lat' dir='ltr'><strong>carmini</strong></span> <span class='ocrx_word' id='word_1_366' title='bbox 451 4031 540 4091; x_wconf 90' lang='lat' dir='ltr'><strong>choro</strong></span> <span class='ocrx_word' id='word_1_367' title='bbox 564 4030 712 4108; x_wconf 86' lang='lat' dir='ltr'><strong>gradienti</strong></span> <span class='ocrx_word' id='word_1_368' title='bbox 736 4029 884 4089; x_wconf 90' lang='lat' dir='ltr'><strong>cantando</strong></span> <span class='ocrx_word' id='word_1_369' title='bbox 908 4030 1007 4089; x_wconf 87' lang='lat' dir='ltr'><strong>minus</strong></span> <span class='ocrx_word' id='word_1_370' title='bbox 1030 4033 1219 4091; x_wconf 87' lang='lat' dir='ltr'><strong>conveniunt.</strong></span> 
     </span>
     <span class='ocr_line' id='line_1_41' title="bbox 1343 4176 1423 4257; baseline 0.013 -22"><span class='ocrx_word' id='word_1_371' title='bbox 1343 4176 1423 4257; x_wconf 86' lang='grc' dir='ltr'><strong><em>Στρ.</em></strong></span> 
     </span>
     <span class='ocr_line' id='line_1_42' title="bbox 514 4271 1304 4362; baseline 0.004 -24"><span class='ocrx_word' id='word_1_372' title='bbox 514 4271 659 4360; x_wconf 78' lang='grc' dir='ltr'><strong><em>Ἐλατὴρ</em></strong></span> <span class='ocrx_word' id='word_1_373' title='bbox 683 4272 843 4359; x_wconf 77' lang='grc' dir='ltr'><strong>ὑπέρτατε</strong></span> <span class='ocrx_word' id='word_1_374' title='bbox 866 4277 1009 4359; x_wconf 78' lang='grc' dir='ltr'><strong><em>βροντᾶς</em></strong></span> <span class='ocrx_word' id='word_1_375' title='bbox 1032 4274 1304 4362; x_wconf 73' lang='grc' dir='ltr'><strong><em>ἀκαμαντόποδος</em></strong></span> 
     </span>
     <span class='ocr_line' id='line_1_43' title="bbox 563 4375 931 4466; baseline 0.003 -22"><span class='ocrx_word' id='word_1_376' title='bbox 563 4386 644 4446; x_wconf 81' lang='grc' dir='ltr'><strong><em>Ζεῦ·</em></strong></span> <span class='ocrx_word' id='word_1_377' title='bbox 669 4379 738 4445; x_wconf 78' lang='grc' dir='ltr'><strong><em>τεαὶ</em></strong></span> <span class='ocrx_word' id='word_1_378' title='bbox 762 4382 824 4465; x_wconf 82' lang='grc' dir='ltr'><strong>γὰρ</strong></span> <span class='ocrx_word' id='word_1_379' title='bbox 849 4375 931 4466; x_wconf 83' lang='grc' dir='ltr'><strong><em>ὧραι</em></strong></span> 
     </span>
    </p>
   </div>
   <div class='ocr_carea' id='block_1_5' title="bbox 307 4572 1585 4935">
    <p class='ocr_par' dir='ltr' id='par_1_7' title="bbox 307 4572 1585 4935">
     <span class='ocr_line' id='line_1_44' title="bbox 364 4572 1584 4671; baseline 0.005 -42"><span class='ocrx_word' id='word_1_380' title='bbox 364 4594 456 4665; x_wconf 53' lang='lat' dir='ltr'><strong>,rama</strong></span> <span class='ocrx_word' id='word_1_381' title='bbox 474 4593 578 4663; x_wconf 66' lang='lat' dir='ltr'><strong>aucum.</strong></span> <span class='ocrx_word' id='word_1_382' title='bbox 605 4573 700 4661; x_wconf 51' lang='lat' dir='ltr'><strong>,Inscr</strong></span> <span class='ocrx_word' id='word_1_383' title='bbox 732 4572 857 4659; x_wconf 58' lang='grc' dir='ltr'><strong>Ψτξμμτδι</strong></span> <span class='ocrx_word' id='word_1_384' title='bbox 875 4578 1060 4663; x_wconf 46' lang='lat' dir='ltr'><strong>remaneam</strong></span> <span class='ocrx_word' id='word_1_385' title='bbox 1074 4576 1176 4649; x_wconf 78' lang='grc' dir='ltr'><strong><em>ἅρματι</em></strong></span> <span class='ocrx_word' id='word_1_386' title='bbox 1192 4582 1226 4647; x_wconf 90' lang='lat' dir='ltr'><strong>A,</strong></span> <span class='ocrx_word' id='word_1_387' title='bbox 1244 4579 1336 4650; x_wconf 74' lang='grc' dir='ltr'>Ψαύμ.</span> <span class='ocrx_word' id='word_1_388' title='bbox 1352 4584 1425 4671; x_wconf 77' lang='grc' dir='ltr'><strong>Καρ,</strong></span> <span class='ocrx_word' id='word_1_389' title='bbox 1441 4578 1584 4647; x_wconf 64' lang='lat' dir='ltr'><strong>innuero,</strong></span> 
     </span>
     <span class='ocr_line' id='line_1_45' title="bbox 307 4646 1585 4723; baseline 0.003 -22"><span class='ocrx_word' id='word_1_390' title='bbox 307 4650 433 4716; x_wconf 78' lang='grc' dir='ltr'><strong><em>Ψαυμιδι</em></strong></span> <span class='ocrx_word' id='word_1_391' title='bbox 449 4650 633 4719; x_wconf 57' lang='lat' dir='ltr'><strong>Kapranana</strong></span> <span class='ocrx_word' id='word_1_392' title='bbox 653 4650 817 4717; x_wconf 77' lang='grc' dir='ltr'><strong><em>(Καμαρινῳ</em></strong></span> <span class='ocrx_word' id='word_1_393' title='bbox 837 4646 874 4713; x_wconf 85' lang='grc' dir='ltr'><strong>Β)</strong></span> <span class='ocrx_word' id='word_1_394' title='bbox 893 4665 988 4710; x_wconf 70' lang='lat' dir='ltr'><strong>tunore</strong></span> <span class='ocrx_word' id='word_1_395' title='bbox 1007 4649 1151 4723; x_wconf 58' lang='lat' dir='ltr'><strong>braduam</strong></span> <span class='ocrx_word' id='word_1_396' title='bbox 1168 4652 1219 4720; x_wconf 80' lang='grc' dir='ltr'><strong>τὴν</strong></span> <span class='ocrx_word' id='word_1_397' title='bbox 1238 4651 1429 4720; x_wconf 78' lang='grc' dir='ltr'><strong><em>ὀγδοηκοστην</em></strong></span> <span class='ocrx_word' id='word_1_398' title='bbox 1447 4652 1585 4720; x_wconf 76' lang='grc' dir='ltr'><strong>δευτέραν</strong></span> 
     </span>
     <span class='ocr_line' id='line_1_46' title="bbox 377 4730 1584 4868; baseline 0.005 -26"><span class='ocrx_word' id='word_1_399' title='bbox 377 4806 566 4843; x_wconf 80' lang='lat' dir='ltr'><strong>counnnmmr.</strong></span> <span class='ocrx_word' id='word_1_400' title='bbox 603 4806 629 4843; x_wconf 86' lang='lat' dir='ltr'><strong>v.</strong></span> <span class='ocrx_word' id='word_1_401' title='bbox 650 4794 673 4842; x_wconf 92' lang='lat'><strong>1.</strong></span> <span class='ocrx_word' id='word_1_402' title='bbox 703 4786 871 4868; x_wconf 79' lang='lat' dir='ltr'><strong>vocabulum</strong></span> <span class='ocrx_word' id='word_1_403' title='bbox 899 4730 1146 4861; x_wconf 55' lang='lat' dir='ltr'><strong>deapudddxodoe,</strong></span> <span class='ocrx_word' id='word_1_404' title='bbox 1174 4794 1250 4863; x_wconf 88' lang='lat' dir='ltr'><strong>quod</strong></span> <span class='ocrx_word' id='word_1_405' title='bbox 1277 4795 1422 4864; x_wconf 87' lang='lat' dir='ltr'><strong>proprium</strong></span> <span class='ocrx_word' id='word_1_406' title='bbox 1450 4812 1584 4865; x_wconf 85' lang='lat' dir='ltr'><strong>equorum</strong></span> 
     </span>
     <span class='ocr_line' id='line_1_47' title="bbox 307 4858 1584 4935; baseline 0.005 -21"><span class='ocrx_word' id='word_1_407' title='bbox 307 4860 351 4929; x_wconf 87' lang='lat'><strong>(0.</strong></span> <span class='ocrx_word' id='word_1_408' title='bbox 361 4880 391 4912; x_wconf 90' lang='lat' dir='ltr'><strong>nr</strong></span> <span class='ocrx_word' id='word_1_409' title='bbox 405 4864 428 4930; x_wconf 80' lang='lat' dir='ltr'><strong>a)</strong></span> <span class='ocrx_word' id='word_1_410' title='bbox 442 4864 494 4930; x_wconf 86' lang='lat' dir='ltr'><strong>est,</strong></span> <span class='ocrx_word' id='word_1_411' title='bbox 513 4859 550 4913; x_wconf 88' lang='lat' dir='ltr'><strong>ud</strong></span> <span class='ocrx_word' id='word_1_412' title='bbox 565 4859 670 4913; x_wconf 83' lang='lat' dir='ltr'><strong>fulmen</strong></span> <span class='ocrx_word' id='word_1_413' title='bbox 685 4859 759 4913; x_wconf 72' lang='lat' dir='ltr'><strong>lorus</strong></span> <span class='ocrx_word' id='word_1_414' title='bbox 774 4858 917 4913; x_wconf 85' lang='lat' dir='ltr'><strong>velocibus</strong></span> <span class='ocrx_word' id='word_1_415' title='bbox 932 4861 1012 4929; x_wconf 88' lang='lat' dir='ltr'><strong>equis</strong></span> <span class='ocrx_word' id='word_1_416' title='bbox 1027 4864 1154 4920; x_wconf 84' lang='lat' dir='ltr'><strong>vehentis</strong></span> <span class='ocrx_word' id='word_1_417' title='bbox 1169 4865 1345 4935; x_wconf 84' lang='lat' dir='ltr'><strong>transfertur,</strong></span> <span class='ocrx_word' id='word_1_418' title='bbox 1361 4866 1435 4920; x_wconf 89' lang='lat' dir='ltr'><strong>unde</strong></span> <span class='ocrx_word' id='word_1_419' title='bbox 1450 4865 1584 4921; x_wconf 86' lang='lat' dir='ltr'><strong>Horatius</strong></span> 
     </span>
    </p>
   </div>
   <div class='ocr_carea' id='block_1_6' title="bbox 0 0 1734 5550">
    <p class='ocr_par' dir='ltr' id='par_1_8' title="bbox 0 0 1734 5550">
     <span class='ocr_line' id='line_1_48' title="bbox 0 0 1734 5550; baseline 0 0"><span class='ocrx_word' id='word_1_420' title='bbox 0 0 1734 5550; x_wconf 95' lang='lat' dir='ltr'><strong> </strong></span> 
     </span>
    </p>
   </div>
  </div>
 </body>
</html>
