3442 5550
217 391 281 455 336
691 393 838 444 munim
856 394 1023 446 semrom.

269 555 330 618 τάν
354 554 550 639 Ξενοκράτει
574 554 770 619 Ποσειδάων
794 554 947 633 ὀπάσαις,

219 678 251 723 15
271 665 415 745 Δωρίων
439 661 528 749 αὐτῷ
551 661 749 746 στεφάνωμα
772 664 857 749 κόμᾳ

270 767 396 852 πέμπεν
420 767 616 834 ἀναδεῖσθαι
641 771 796 848 σελίνων,

272 964 458 1050 εὐάρματον
481 966 587 1050 άνδρα
611 967 790 1050 γεραίρων,
812 962 1076 1050 Ἀκραγαντίνων
1100 965 1193 1046 φάος.
1297 967 1378 1050 Στρ.
1398 962 1443 1047 β’.
1463 984 1498 1029 25

272 1071 307 1136 ἐν
331 1075 440 1159 Κρίσᾳ
464 1070 495 1135 δ’
521 1072 727 1157 εὐρυσθενὴς

315 1174 376 1243 εἶδ’
400 1178 566 1244 Ἀπόλλων
589 1203 644 1244 νιν
667 1182 748 1264 πόρε
771 1176 798 1242 τ’
826 1177 966 1261 ἀγλαΐαν

271 1284 325 1350 καί
350 1288 440 1350 τόθι·
464 1290 608 1361 κλειναῖς
631 1283 663 1348 δ’
685 1284 898 1370 Ἐρεχθειδᾶν
922 1288 1110 1369 χαρίτεσσιν
1133 1285 1264 1370 άραρὼς

290 1504 331 1552 16.
356 1499 444 1569 αὑτῴι
468 1493 540 1550 αιἰον
559 1513 633 1566 susp.
649 1496 742 1567 Bergk
761 1528 793 1535 -
814 1494 886 1569 κόμᾳ
906 1496 1032 1552 Beeckh:
1056 1493 1128 1566 κόμα
1147 1497 1224 1563 BD,
1248 1494 1340 1566 κόμαν
1359 1495 1432 1550 coni.
1447 1494 1496 1549 Ce-

219 1568 333 1694 fiorinus
355 1602 385 1609 -—
407 1575 447 1623 16.
468 1570 549 1622 σἰναδ.
566 1567 693 1623 Schmid:
713 1568 775 1621 ἀνδ.
791 1569 858 1621 BD
878 1599 909 1607 -
931 1574 971 1621 18.
992 1567 1164 1637 εὐρυσθενὴς
1182 1567 1271 1635 codd,
1291 1566 1405 1637 εὔφρων
1425 1567 1497 1632 ἄναξ

245 1657 327 1710 ayser
353 1644 464 1695 secutus
490 1638 633 1709 paraphr:
661 1640 691 1693 ἐν
715 1638 745 1692 δὲ
770 1648 802 1710 τῇ
826 1636 916 1713 Κρίσᾳ
943 1640 1063 1709 εὐμενῶς
1086 1639 1101 1692 δ
1121 1637 1256 1693 Ἀπόλλων
1281 1635 1423 1693 ίθεάσατο
1449 1640 1498 1691 τδν

218 1711 399 1782 Ξενοκράτην
419 1743 452 1752 -
468 1717 514 1799 ‘la
527 1715 656 1792 Ικλειναῖς
674 1708 702 1764 δ’
717 1709 772 1779 Ἐρ.
788 1711 859 1766 coni.
874 1710 990 1799 Heraea
1004 1708 1032 1764 δ’
1049 1727 1102 1764 om.
1117 1711 1226 1800 BDet
1245 1709 1340 1792 schol,
1359 1726 1416 1779 quo
1435 1725 1497 1833 ριο-

220 1784 286 1838 bato
301 1786 367 1838 ante
381 1785 430 1837 καὶ
444 1786 510 1836 τοθι
525 1785 738 1853 interpungunt3
754 1782 881 1852 ἀγλαΐαν.
897 1783 945 1835 καὶ
959 1786 1025 1836 τοθι
1035 1785 1158 1844 κλειναῖς
1169 1802 1185 1835 τ
1217 1785 1266 1848 Ερ.
1277 1781 1435 1851 eon1.Berg
1466 1812 1495 1820 -

220 1930 253 1981 ut
278 1926 427 1996 intellegas
452 1924 522 1978 mihi
549 1941 659 1994 quoque
686 1923 858 1994 temporibus
885 1924 1135 1994 obtemperandum
1163 1941 1236 1991 esse,
1264 1927 1296 1979 ut
1322 1942 1380 1978 non
1407 1923 1497 1995 gratis

221 1999 318 2053 Musae
332 1997 408 2052 lusui
420 2013 528 2064 vacem,
543 1996 592 2049 sed
606 1995 761 2050 mercedem
777 1995 909 2049 carminis
924 2002 1082 2065 exspectem
1098 1996 1252 2066 opiparam.
1282 1993 1386 2066 ἄγνωτ’
1404 2002 1497 2049 utrum

219 2087 252 2124 ex
273 2070 384 2140 ἄγνωτα
403 2086 440 2122 an
460 2086 493 2122 ex
513 2068 616 2136 ἀγνῶτι
636 2066 736 2121 elisum
756 2066 806 2134 sil,
831 2066 885 2120 riri
905 2067 980 2121 docti
999 2067 1147 2122 dissident.
1185 2069 1277 2136 Atque
1296 2067 1417 2121 alterum
1437 2067 1496 2135 qui·

218 2141 294 2209 dem,
316 2140 384 2194 licet
407 2143 504 2195 contra
528 2142 678 2208 praecepta
697 2137 875 2191 metricorum
893 2141 991 2208 peccet
1009 2142 1038 2192 et
1057 2156 1111 2193 uno
1131 2140 1257 2208 exemplo
1277 2142 1306 2193 et
1329 2138 1392 2209 ipso
1411 2138 1497 2191 dubio

219 2211 379 2281 νωμάσακτι
406 2210 494 2266 ἐθέλω
513 2210 532 2264 l.
553 2230 563 2261 1
584 2228 607 2264 ιι
627 2209 806 2275 defendatur,
832 2209 944 2279 egregie
970 2213 1066 2263 tamen
1091 2210 1324 2280 praecedentibus
1349 2208 1444 2264 verbis
1469 2214 1497 2262 et

219 2282 422 2337 sententiarum
441 2299 512 2336 nexu
532 2281 756 2335 commendatur:
776 2297 805 2333 es
825 2282 898 2334 enim
919 2282 1043 2350 sapiens,
1063 2298 1153 2350 neque
1172 2282 1316 2352 ignoranti
1335 2298 1432 2335 curam
1450 2296 1495 2352 pe·

219 2354 286 2408 eulii
305 2358 405 2425 poetae
425 2369 535 2422 quoque
555 2351 714 2406 habendam
734 2368 807 2420 esse,
827 2352 879 2406 hoc
898 2352 1051 2421 epinicium
1068 2352 1220 2407 Isthmicae
1238 2352 1375 2407 victoriae
1393 2368 1495 2423 pango.

218 2424 342 2479 Priorem
362 2424 623 2495 interpret-ationem
641 2423 689 2492 qui
709 2422 840 2493 amplecti
860 2424 982 2493 malunt,
1008 2425 1044 2477 ad
1070 2423 1177 2478 scholia
1202 2428 1370 2494 provocant,
1395 2424 1495 2493 quibus

219 2497 292 2551 hanc
315 2497 448 2551 vitoriam
471 2496 528 2549 iam
552 2499 636 2549 antea
655 2511 672 2547 a
692 2494 834 2549 Simonide
852 2494 1044 2565 praedicatam
1063 2512 1123 2549 esse
1143 2496 1340 2566 comperimus:
1366 2492 1448 2558 οὗτος
1466 2494 1495 2549 δὲ

221 2567 235 2621 d
255 2567 432 2637 Ξενοκράτης
451 2569 484 2622 οὐ
503 2565 590 2637 μόνον
604 2564 717 2635 Ἴσθμια
737 2564 884 2633 νενίκηκεν
903 2564 1006 2634 ἵπποις,
1026 2566 1095 2620 ἀλλὰ
1115 2568 1160 2621 καλ
1181 2568 1280 2621 Πύθια
1298 2566 1350 2635 τὴν
1369 2566 1496 2635 είκοστίρν

219 2640 354 2707 τετάρτην
369 2637 515 2706 Πυθιάδα,
535 2639 571 2701 ὡς
588 2635 768 2705 Ἀριστοτέλης
784 2638 955 2706 ἀναγράφει·
976 2639 1021 2691 καί
1038 2636 1197 2707 Σιμωνίδης
1216 2637 1247 2691 δὲ
1268 2638 1393 2693 ἐπαινῶν
1410 2639 1497 2692 αὐτὸν

220 2709 381 2781 ἀμφοτέρας
396 2712 482 2764 αὑτοῦ
497 2710 547 2772 τὰς
561 2707 641 2771 νίκας
656 2708 831 2763 κατατάσσει.
853 2712 891 2762 At
904 2708 976 2762 nihil
990 2710 1027 2761 ad
1042 2726 1100 2763 rem
1114 2709 1257 2764 attinebat
1270 2709 1334 2764 ideo
1348 2709 1496 2764 victoriam

220 2800 276 2836 non
299 2783 473 2853 incognitam
497 2781 602 2848 dicere,
626 2780 681 2834 nisi
704 2781 775 2833 forte
795 2796 812 2832 a
830 2779 952 2834 Pindaro
977 2781 1117 2834 aemulum
1142 2797 1271 2849 ararum,
1295 2781 1344 2849 qui
1364 2798 1497 2852 magnam

219 2854 376 2909 mercedem
399 2851 513 2924 epinicii
536 2851 707 2923 poposcerit,
731 2853 805 2905 tecte
828 2852 905 2920 carpi
930 2851 1094 2921 suspicaris3
1121 2851 1169 2906 sed
1193 2852 1217 2905 si
1241 2869 1307 2906 vera
1330 2855 1407 2906 esset
1428 2852 1497 2906 haec

220 2924 355 2996 suspicio,
386 2925 504 2979 obseura
535 2924 659 2993 prolecto
691 2926 720 2975 et
749 2922 939 2993 aenigmatica
971 2924 1097 2977 oratione
1129 2928 1240 2993 praeter
1267 2923 1497 2979 consuetudinem

221 3014 299 3050 suam
318 3000 403 3067 poeta
422 2999 517 3050 noster
535 3012 601 3048 usus
620 2998 695 3047 esset
714 3026 746 3032 —
768 3000 808 3049 13.
828 2991 969 3064 Ἰσθμίαν·
990 2995 1151 3048 Isthmicum
1166 2994 1331 3049 Xenocratis
1349 2994 1497 3050 victoriam

220 3069 309 3139 primo
332 3068 394 3122 loco
417 3070 502 3138 poeta
525 3066 683 3136 praedicat,
710 3082 766 3118 non
789 3065 863 3135 quod
887 3083 976 3135 nuper
1000 3069 1029 3120 et
1054 3069 1118 3135 post
1143 3070 1263 3133 ceteras,
1290 3083 1363 3134 quae
1391 3066 1420 3120 in
1446 3066 1497 3121 hoc

220 3138 343 3193 carmine
362 3141 621 3203 commemorantur,
636 3136 769 3190 vict-orias
789 3139 872 3206 parta
890 3144 959 3192 erat.
988 3137 1060 3190 Nam
1081 3154 1142 3192 eam
1162 3138 1219 3191 iam
1238 3142 1305 3192 ante
1320 3137 1497 3208 Olympicam

220 3211 280 3265 eius
298 3210 446 3264 victoriam
465 3222 519 3279 (τι.
535 3226 560 3263 sa
576 3214 622 3275 ss.)
641 3210 813 3278 reportatam
833 3225 892 3262 esse
912 3212 1030 3279 apparet
1048 3226 1081 3263 ex
1100 3210 1156 3263 oda
1175 3209 1206 3264 0.
1225 3229 1259 3278 ιι,
1284 3213 1315 3263 ut
1338 3226 1413 3277 quae
1436 3226 1497 3264 eum

221 3282 401 3336 inhonorem
421 3280 583 3351 Olympicae
603 3280 737 3334 victoriae
761 3280 838 3333 facta
862 3280 911 3348 sit,
935 3280 1097 3333 Isthmicum
1119 3299 1145 3335 v.
1165 3298 1191 3335 σο
1209 3280 1266 3334 iam
1290 3282 1496 3336 commemoret.

222 3352 284 3418 Qua
302 3353 337 3407 de
357 3369 443 3407 causa
461 3351 613 3407 verisimile
633 3356 687 3419 est,
707 3351 743 3404 ab
762 3351 896 3405 Isthmica
915 3351 1035 3405 victoria
1054 3351 1106 3405 hoc
1125 3352 1154 3405 in
1173 3351 1296 3406 carmine
1316 3355 1431 3421 poetam
1450 3368 1497 3406 su·

221 3424 360 3494 spicatum
383 3440 456 3489 esse,
480 3427 531 3477 uut
553 3423 627 3491 quod
651 3421 742 3492 prima
765 3422 838 3475 iuter
856 3422 989 3476 victorias
1008 3424 1186 3490 Xenocratis,
1209 3423 1299 3493 patris
1319 3422 1497 3492 Thrasybuli,

220 3495 275 3549 snit
294 3498 344 3549 aut
362 3495 437 3563 quod
456 3496 507 3548 hec
528 3510 640 3548 carmen
659 3497 691 3546 ut
709 3492 833 3546 lsthrniis
852 3493 938 3546 sacris
958 3494 1140 3548 redeuntibus
1159 3498 1305 3549 caneretur
1324 3494 1496 3549 destinatum

221 3567 276 3620 l'uit
295 3599 327 3606 -
349 3573 389 3621 lo.
411 3564 527 3633 Δωρίων
547 3562 669 3629 σελίνων,
687 3564 754 3632 quia
768 3564 817 3633 qui
831 3568 891 3617 tum
906 3582 1036 3619 (ceronam
1051 3566 1213 3620 Isthmicam
1229 3566 1346 3634 dabant,
1360 3565 1497 3620 Corinthii

221 3639 307 3692 Dor-es
327 3641 420 3705 eraut,
442 3637 471 3691 id
491 3637 566 3707 quod
585 3635 794 3691 commemorari
813 3639 926 3706 gratum
944 3637 1138 3707 Agrigentinis
1157 3637 1212 3690 fuit
1232 3640 1260 3691 et
1278 3637 1348 3707 ipsis
1367 3636 1497 3693 Doricam

221 3709 357 3779 originem
377 3709 563 3773 iactant-ibam
583 3708 617 3762 cf.
634 3708 664 3762 Ο.
680 3727 729 3761 vm
743 3725 776 3761 ao.
797 3707 817 3762 l.
832 3727 880 3760 vm
894 3726 920 3763 οι
936 3741 967 3747 -
985 3714 1025 3762 lt.
1042 3707 1151 3778 πέμπεν
1170 3709 1227 3762 vim
1246 3708 1345 3762 storiati
1364 3708 1419 3763 hoc
1438 3710 1496 3763 loeo

220 3781 315 3850 habet,
335 3783 367 3834 ut
385 3780 459 3834 idem
480 3780 594 3835 verbum
614 3781 642 3833 P.
663 3799 690 3832 ιι·
710 3796 755 3833 ιιι.
778 3796 823 3833 irs.
847 3779 880 3833 N.
900 3799 910 3831 1
930 3798 963 3834 ιο.
983 3780 1069 3834 Τλιιιο.
1089 3800 1098 3832 ι
1118 3798 1151 3848 ιιι,
1172 3780 1254 3849 ἔφερε
1274 3782 1305 3834 0.
1325 3800 1353 3833 rx
1373 3797 1408 3836 ae.
1428 3800 1445 3833 x
1462 3794 1494 3834 σε.

220 3853 249 3906 P.
270 3872 297 3906 ιι
317 3869 364 3921 arc,
384 3852 452 3921 ἄγεν
471 3852 500 3907 P.
520 3872 550 3903 111
569 3869 603 3906 m.
622 3870 639 3903 v
659 3867 691 3905 τι.
712 3870 738 3902 rx
760 3866 804 3905 ma.
824 3850 844 3904 l.
865 3870 892 3904 vr
911 3868 944 3918 ss,
964 3853 1078 3923 βάλλετο
1098 3852 1126 3907 P.
1142 3872 1169 3904 ιν
1185 3869 1232 3921 ras,
1252 3851 1350 3906 ἔντυεν
1369 3852 1402 3907 0.
1418 3870 1449 3905 ιιι
1464 3866 1496 3905 ss.

220 3924 249 3978 P.
265 3943 292 3977 rr
308 3940 353 3992 ιει,
373 3923 476 3977 τάνυεν
499 3924 528 3977 P.
548 3942 576 3976 iv
597 3938 634 3976 ras
670 3923 775 3976 κώλυεν
800 3922 829 3975 P.
850 3940 877 3974 ir
894 3940 933 3990 sc,
957 3919 1086 3977 δείκνυεν
1109 3923 1138 3978 Ρ.
1154 3943 1182 3976 ιν
1201 3940 1252 3993 aso,
1275 3920 1350 3977 τίκτε
1370 3922 1403 3977 0,
1419 3941 1446 3977 ιι
1464 3940 1496 3976 ιι.

220 3996 249 4049 P.
270 4015 296 4048 iv
315 4012 350 4050 ιο,
370 4015 397 4047 m
419 4012 443 4049 ιο
467 4027 499 4034 -
525 4002 565 4047 lc.
591 3998 692 4065 Κρισᾳ,
716 4010 766 4062 pro
789 3993 901 4065 vulgari
927 3996 1015 4069 Κίρρᾳ
1034 3994 1114 4048 metri
1135 4011 1233 4061 causa;
1258 3995 1330 4048 hanc
1349 3994 1497 4051 victoriam

221 4067 359 4121 Pindarus
379 4067 438 4136 ipsc
457 4064 631 4135 praedicarit
652 4065 681 4117 P.
696 4083 731 4132 ιι,
747 4064 923 4132 'Pbrasybulo
939 4065 996 4119 filio
1011 4066 1175 4119 Xenocratis
1195 4070 1223 4120 et
1240 4066 1344 4120 rectori
1363 4082 1496 4136 equorum

221 4138 382 4207 gratulatus
407 4170 439 4177 -
466 4144 506 4193 19.
530 4138 576 4191 καὶ
601 4134 667 4190 τόθι
690 4136 726 4189 ad
750 4136 949 4205 praecedentia
972 4138 1066 4207 potius
1089 4136 1145 4192 levi
1171 4137 1294 4191 admissa
1317 4137 1497 4208 neglegentia

221 4213 334 4279 poetam
362 4209 504 4264 rettulisse
532 4226 617 4278 quam
641 4206 677 4260 ad
701 4206 848 4276 sequentia
871 4208 1014 4276 existimo,
1040 4208 1173 4277 quoniam
1201 4208 1310 4279 Pythiis
1339 4208 1416 4263 ludis
1443 4226 1496 4263 non

222 4281 421 4343 Nicomachus,
451 4281 500 4335 sed
526 4278 719 4348 Thrasybulus
745 4280 825 4334 frena
850 4280 953 4334 rexisse
979 4280 1141 4350 perhibetur
1166 4280 1195 4334 P.
1215 4300 1242 4333 ιι
1264 4297 1288 4333 ιο
1303 4297 1338 4335 ss.
1378 4280 1442 4345 Qus
1464 4280 1497 4333 de

222 4369 308 4407 causa
335 4352 474 4421 lleynium
503 4352 601 4405 ducem
626 4353 737 4404 secutus
761 4351 929 4421 particulam
953 4351 983 4405 δὲ
1008 4352 1081 4405 inter
1108 4356 1229 4414 κλειναῖς
1258 4355 1286 4405 et
1311 4350 1497 4423 Ἐρεχθειδᾶν

222 4424 398 4478 inserendam
418 4423 522 4490 curavi,
542 4438 712 4491 quamquam
731 4422 788 4476 iam
807 4426 916 4477 veteres
937 4423 1136 4492 grammaticos
1157 4440 1219 4477 cum
1238 4422 1311 4476 hanc
1329 4423 1497 4493 particulam

222 4496 250 4550 in
276 4495 334 4549 suis
360 4495 441 4549 libris
467 4512 522 4549 non
548 4494 733 4561 invenissent,
760 4498 825 4549 ante
848 4512 904 4548 non
924 4498 988 4564 post
1010 4496 1056 4549 καλ
1081 4494 1148 4549 τόθι
1171 4494 1378 4564 interpunxisse
1399 4495 1499 4550 docent

221 4567 307 4621 schol.
327 4567 356 4621 P.
371 4586 399 4620 vr
420 4583 457 4621 rs:
479 4565 669 4637 Θρασύβουλε·
689 4574 788 4620 τοῦτον
807 4564 839 4619 δὲ
859 4567 895 4629 ὡς
914 4565 1089 4635 φιλοπάτορα
1109 4567 1157 4620 καὶ
1175 4574 1334 4635 προεστῶτα
1353 4575 1404 4636 τῆς
1422 4566 1497 4621 λιττε-

221 4648 271 4708 κῆς
297 4638 421 4705 ἐπαινεῖ,
448 4639 510 4707 οὐχ,
537 4636 573 4699 ὣς
597 4655 671 4698 τινες
697 4635 904 4709 ἐβουλήθησαν,
931 4634 1058 4727 delegor
1086 4637 1100 4690 ὁ
1126 4637 1180 4707 γὰρ
1205 4638 1318 4706 ηνίοχος
1335 4634 1499 4709 Νικόμαχός

222 4710 309 4775 ἐστιν,
333 4711 370 4771 ὡς
395 4709 425 4762 ἐκ
446 4718 501 4763 τῶν
523 4706 717 4777 ’λσθμιονικῶν
740 4707 826 4777 δῆλόν
850 4708 924 4762 ἔστιν
948 4740 980 4749 -
1012 4712 1200 4779 Ερεχθειδᾶν·
1226 4707 1440 4764 Atheniensium
1463 4706 1498 4764 ab

222 4781 377 4835 Erechtheo
392 4780 585 4846 oriundorum,
605 4780 639 4833 cl'.
654 4780 726 4834 Prol.
742 4799 817 4848 cxxi,
837 4778 905 4833 clari
920 4783 1015 4834 autem
1030 4782 1203 4835 Athenarum
1217 4780 1277 4834 ludi
1294 4778 1498 4836 Panathenaici

223 4855 312 4921 eraut,
332 4853 366 4906 de
385 4852 488 4921 quibus
506 4851 564 4905 disi
584 4851 657 4905 Prol.
672 4870 769 4903 nxxxrr
790 4882 821 4891 -
