3442 5550
835 427 1111 478 PROLEGOMENA.

945 659 994 724 IV
995 712 1001 724 .

768 802 827 866 DE
850 792 956 868 VITA
980 802 1176 868 PINDARI.

954 981 985 1034 ε

614 1087 693 1152 vita
716 1105 756 1152 ex
778 1086 911 1153 scholiis
935 1089 1154 1154 Ambrosianis
1177 1091 1337 1173 excerpta.

423 1233 595 1318 Πίνδαρος
616 1231 634 1297 6
657 1231 795 1315 ποιητὴς
815 1233 960 1314 Θηβαῖος
979 1225 1022 1314 ἦν
1041 1230 1075 1296 ἐκ
1095 1232 1344 1316 Κυυοκεφάλων
1362 1229 1468 1318 (κώμη
1489 1230 1528 1297 δέ
1545 1231 1614 1296 ἐστι

337 1337 514 1426 Θηβαλκή),
540 1340 615 1414 υίὸς
643 1334 680 1403 δέ
702 1337 916 1421 Δαϊφάντου,
943 1340 1025 1403 κατὰ
1053 1337 1085 1402 δ’
1112 1338 1221 1416 ἐνίους
1243 1340 1421 1422 Παγάνδα.
1468 1343 1551 1405 ἔνιοι
1577 1336 1613 1403 δέ

335 1450 542 1513 Σκοπελίνου
571 1446 674 1511 αὐτὸν
701 1450 949 1528 γενεαλογοῦσι,
975 1441 1064 1522 τινές
1087 1442 1124 1510 δὲ
1147 1448 1206 1511 τὸν
1229 1451 1436 1512 Σκοπελῐνον
1458 1447 1615 1531 πάτρωον

334 1554 437 1620 αὐτοῦ
465 1552 623 1637 γενέσθαι
650 1550 703 1616 καί
732 1552 879 1637 αὐλητὴν
906 1554 987 1618 όντα
1013 1554 1075 1637 τήν
1102 1551 1221 1638 τέχνην
1245 1554 1386 1632 διδάξαι.
1431 1555 1554 1640 μητρὸς
1577 1550 1614 1618 δὲ

299 1663 529 1744 οΚλεοδίκης·
558 1662 594 1725 οί
620 1656 655 1724 δέ
680 1660 847 1743 Κληδίκης
873 1659 1055 1745 γράφουσι·
1083 1671 1161 1736 παῖς
1184 1658 1220 1725 δέ
1244 1662 1291 1726 ὢν
1314 1662 1332 1728 ὁ
1356 1663 1542 1747 Πίνδαρος,
1571 1661 1617 1737 ὡς

336 1767 529 1853 Χαμαιλέων
551 1766 607 1833 καὶ
619 1765 749 1854 Ἴστρος
773 1765 865 1851 φασὶ,
887 1765 962 1852 περὶ
985 1767 1045 1831 τὸν
1063 1764 1224 1832 Ἑλικῶνα
1246 1775 1406 1853 θηρῶντα
1427 1769 1530 1834 αὐτὸν
1548 1769 1615 1833 ὑπὸ

334 1880 459 1941 πολλοῦ
487 1875 634 1960 καμάτου
662 1877 709 1952 εἰς
734 1875 842 1940 ὕπνον
865 1881 1117 1958 κατενεχθῆναι,
1144 1873 1352 1959 κοιμωμένου
1377 1872 1413 1940 δὲ
1436 1876 1540 1941 αὐτοῦ
1563 1873 1617 1959 μέ-

335 1988 453 2048 λισσαν
480 1993 525 2071 τῷ
553 1986 690 2067 στόματι
717 1985 992 2068 προσκαθίσασαν
1015 1984 1112 2067 κηρία
1135 1992 1278 2066 ποιήσαι.
1320 1985 1355 2047 οί
1376 1982 1416 2047 δί
1437 2000 1541 2066 φασιν
1565 1983 1617 2047 ὅτι

335 2091 417 2176 όναρ
441 2085 539 2172 εἶδεν,
563 2090 608 2166 ὡς
631 2088 761 2173 μέλιτος
784 2087 839 2153 καί
861 2098 965 2173 κηροῦ
988 2095 1110 2172 πλῆρες
1132 2084 1218 2153 εἶναι
1242 2089 1346 2154 αὐτοῦ
1367 2090 1404 2154 τὸ
1424 2093 1538 2174 στόμα,
1560 2089 1618 2154 καὶ

282 2214 314 2262 10
334 2193 386 2261 ἐπὶ
410 2199 584 2281 ποιητικήν
608 2195 739 2283 ἐτράπη.
780 2196 983 2261 διδάσκαλον
1006 2193 1043 2261 δέ
1066 2196 1170 2260 αὐτοῦ
1192 2195 1373 2280 Ἀθήνησιν
1396 2200 1432 2262 οί
1447 2194 1508 2283 μὲν
1523 2196 1618 2280 Ἀγα-

332 2301 468 2386 θοκλέα,
491 2305 526 2367 οί
546 2301 583 2368 δὲ·
604 2302 854 2390 Ἀπολλόδωρον
877 2303 1042 2386 λέγουσιν,
1066 2303 1106 2368 ὃν
1129 2302 1184 2368 καί
1206 2305 1449 2390 προϊστάμενον
1470 2308 1619 2369 κυκλίων

333 2422 444 2496 χορῶν
472 2410 706 2495 ἀποδημοῦντα
733 2419 907 2476 πιστεῦσαι
936 2413 996 2495 τήν
1024 2411 1241 2476 διδασκαλίαν
1266 2422 1312 2500 τῷ
1336 2410 1498 2499 Πινδάρῳ
1521 2409 1619 2476 παιδί

334 2518 417 2599 όντι,
439 2519 499 2583 τὸν
523 2514 560 2583 δέ
582 2514 620 2583 εὖ
644 2519 911 2603 διακοσμήσαντα
935 2519 1115 2601 διαβόητον
1138 2516 1305 2602 γενέσθαι.
1346 2522 1480 2605 ἔρεισμα
1504 2515 1540 2583 δέ
1559 2528 1620 2603 τῆς

329 2621 487 2702 Ἑλλάδος
509 2626 611 2690 είπὼν
632 2623 776 2708 Ἀθήνας
799 2624 964 2710 ἐζημιώθη
988 2625 1054 2690 ὑπὸ
1080 2629 1237 2710 Θηβαίων
1260 2629 1367 2710 χιλίας
1390 2626 1552 2712 δραχμάς,
1576 2624 1618 2702 ἃς

283 2749 315 2797 ιό
330 2730 482 2809 ἐξέτισαν
512 2729 596 2819 ὑπὲρ
629 2733 733 2797 αὐτοῦ
759 2731 941 2815 Ἀθηναῖοι.
991 2727 1033 2814 ήν
1062 2729 1099 2796 δὲ
1126 2733 1166 2797 οῦ
1194 2736 1299 2817 μόνον
1326 2734 1454 2817 εὐφυὴς
1479 2734 1620 2817 ποιητής

335 2838 418 2903 ἀλλὰ
444 2837 500 2904 καί
528 2841 708 2925 ἅνθρωπος
734 2841 906 2923 θεοφιλής.
952 2838 970 2904 ὁ
998 2847 1082 2920 γοῦν
1109 2840 1187 2905 Πδιν
1214 2840 1232 2906 ὁ
1260 2843 1340 2917 θεὸς
1368 2843 1469 2925 ὤφθη
1496 2838 1619 2925 μεταξὺ

335 2956 395 3012 τοῦ
419 2950 634 3034 Κιθαιρῶνος
654 2944 710 3012 καί
733 2956 793 3012 τοῦ
812 2945 988 3023 Ἑλικῶνος
1011 2944 1104 3033 ᾅδων
1126 2956 1250 3012 παιᾶνα
1273 2947 1461 3035 Πινδάρου·
1486 2946 1619 3012 διὸκαὶ

336 3049 423 3143 ᾆσμα
451 3054 603 3139 ἐποίησεν
630 3057 677 3133 είς
704 3056 883 3138 τὸνθεόν,
912 3052 948 3119 ἐν
971 3047 998 3142 ᾧ
1022 3055 1120 3155 χάριν
1143 3053 1296 3138 ὁμολογεῖ
1318 3065 1376 3138 τῆς
1398 3065 1495 3140 τιμής
1517 3055 1620 3143 αὐτῷ,

336 3159 376 3227 οὗ
394 3162 415 3245 ἡ
434 3162 531 3247 ἀρχή·
555 3159 687 3228 ὧΠδν
705 3163 791 3227 Πδιν
813 3160 1018 3248 Ἀρκαδίας
1039 3158 1189 3245 μεδέων
1206 3159 1271 3225 καί
1290 3174 1443 3246 σεμνῶν
1458 3162 1619 3228 άδύτων

284 3287 317 3335 κο
337 3268 471 3352 φύλαξ.
523 3268 606 3334 ἀλλὰ
632 3266 687 3333 καί
713 3269 733 3352 ἡ
756 3270 917 3353 Δημήτηρ
945 3270 1027 3353 ὄναρ
1057 3266 1214 3333 ἐπιστᾶσα
1242 3268 1331 3357 αὐτῷ
1360 3267 1539 3354 ἐμέμψατο,
1567 3270 1619 3335 ὅτι

336 3378 443 3459 μόνην
469 3387 537 3440 τῶν
563 3382 655 3439 θεῶν
682 3375 743 3459 οὐχ
765 3374 925 3459 ὕμνησεν·
954 3374 972 3438 6
996 3370 1032 3438 δὲ
1056 3376 1104 3450 είς
1127 3376 1232 3460 αὐτήν
1256 3370 1387 3459 ἐποίησε
1409 3379 1549 3462 ποίημα,
1578 3373 1619 3442 οὗ

336 3480 357 3564 ἡ
381 3481 476 3567 ἀρχή·
501 3472 901 3567 Πότνιαθεσμοφόρε
924 3481 1150 3565 γρυσάνιον.
1192 3482 1275 3548 ἀλλὰ
1298 3481 1353 3548 καὶ
1375 3485 1489 3569 βωμὸν
1511 3484 1619 3569 ἀμφο

336 3586 442 3672 τέρων
464 3599 532 3653 τῶν
553 3596 644 3654 θεῶν
666 3590 730 3675 πρὸ
753 3598 811 3673 τῆς
834 3591 940 3664 οίκίας
962 3598 1019 3672 τής
1044 3589 1131 3666 ίδίας
1150 3591 1319 3676 ἱδρύσατο.
1363 3595 1562 3658 Παυσανίου
1582 3588 1618 3659 δέ

337 3704 397 3760 τοῦ
421 3697 692 3781 Λακεδαιμονίων
719 3696 880 3782 βασιλέως
908 3695 1134 3782 ἐμπιπρῶντος
1161 3697 1220 3774 τάς
1244 3701 1357 3783 Θήβας
1383 3698 1551 3785 ἐπέγραψέ
1570 3724 1620 3778 τις

286 3822 319 3870 25
338 3814 378 3890 τῇ
405 3805 506 3891 οίκίηι·
533 3804 740 3890 Πινδάρου
768 3815 837 3870 τοῦ
864 3812 1108 3888 μουσοποιοῦ
1136 3806 1206 3889 τήν
1234 3804 1376 3890 στέγην
1403 3808 1452 3891 μή
1477 3810 1618 3872 καίετε·

337 3908 393 3975 καί
411 3911 517 3989 οὕτως
535 3915 619 3996 μόνη
639 3913 829 3998 ἀπόρθητος
847 3915 986 3995 ἔμεινεν·
1005 3909 1061 3975 καὶ
1080 3915 1148 3976 ἐστι
1167 3915 1205 3977 τὸ
1224 3923 1289 3978 νῦν
1304 3912 1340 3979 έν
1356 3917 1482 3999 Θήβαις
1495 3938 1619 4001 πρυτα-

338 4029 439 4084 νεῖον.
484 4017 568 4085 άλλδ
596 4019 651 4085 καὶ
679 4020 714 4085 ἐν
738 4026 886 4104 Δελφοῖς
913 4018 931 4084 6
959 4021 1131 4103 προφήτης
1154 4019 1284 4105 μέλλων
1307 4025 1428 4087 κλείειν
1451 4024 1511 4087 τὸν
1533 4023 1620 4087 νεὼν

339 4128 496 4215 κηρύσσει
524 4129 607 4193 καθ’
632 4126 763 4215 ἡμέραν.
811 4127 1014 4211 Πίνδαρος
1042 4125 1059 4190 ὑ
1088 4130 1329 4210 μουσοποιὸς
1350 4133 1499 4215 παρίτω
1523 4131 1620 4214 πρὸς

338 4237 381 4300 τὸ
405 4236 567 4300 δεῖπνον
590 4245 639 4323 τῷ
663 4242 751 4322 θεῷ.
792 4232 847 4299 καί
871 4233 934 4317 γὰρ
959 4232 994 4297 έν
1018 4242 1057 4318 τῇ
1078 4244 1144 4298 τῶν
1163 4239 1310 4299 Πυθίων
1329 4233 1425 4321 ἑορτή
1445 4235 1621 4320 ἐγεννήθη,

287 4361 321 4408 30
340 4341 386 4419 ὡς
412 4342 512 4418 αὐτός
535 4360 630 4426 φησι·
659 4339 924 4426 Πενταετηρίς
952 4337 1066 4423 ἑορτά
1093 4343 1320 4426 βουπομπὸς
1350 4341 1389 4408 ἐν
1416 4335 1438 4429 ᾇ
1464 4353 1621 4428 πρῶτον

340 4448 541 4533 εῦνάσθην
564 4448 762 4531 ἀγαπατὸς
784 4448 857 4513 ὑπὸ
881 4445 1132 4531 σπαργάνοις.
1175 4447 1300 4531 λέγεται
1324 4447 1362 4514 δὲ
1383 4456 1527 4534 θεωροῖς
1545 4448 1620 4516 άπι-

341 4565 437 4623 οῦσιν
460 4555 695 4640 εἰς”Αμμωνος
718 4558 848 4638 αι’τήσαι
872 4556 1044 4639 Πίνδαρος
1066 4556 1103 4619 τὸ
1128 4554 1164 4619 ἐν
1188 4556 1381 4642 ἀνθρώποις
1403 4559 1541 4642 άριστον
1565 4556 1621 4633 καὶ

430 4752 514 4804 Inscr.
536 4748 598 4812 Βίος
617 4749 764 4815 Πινδάρου
788 4748 816 4800 in
840 4749 900 4803 eod.
920 4750 956 4816 A,
981 4747 1058 4800 οιιίιιε
1082 4747 1213 4802 notitiam
1238 4750 1410 4805 hmnanitati
1429 4750 1619 4805 Drachmanni

342 4822 439 4878 debeo.
460 4855 492 4861 —
511 4829 528 4875 4
547 4823 670 4892 μητρὸς..
682 4865 705 4876 ..
721 4826 854 4890 θηρῶντα
869 4820 902 4890 Α,
921 4838 973 4875 om.
989 4819 1068 4874 Vrat.
1082 4818 1204 4876 Boeckh.
1225 4856 1257 4863 -
1279 4831 1310 4876 15
1329 4822 1471 4892 Ἀθηναῖοι
1490 4838 1524 4874 ex
1539 4819 1619 4891 Ἀθη-

343 4892 433 4958 νιιίοις
447 4895 549 4949 εοιι.Α
565 4925 598 4935 -
615 4902 656 4948 22.
673 4895 706 4948 εί.
721 4894 927 4960 1'2111s.1x23,3.
944 4923 976 4931 -
992 4896 1033 4945 28.
1045 4890 1079 4945 (τί.
1091 4892 1177 4947 schol.
1188 4894 1217 4948 P.
1229 4916 1258 4948 111
1270 4902 1328 4949 137.
1346 4928 1377 4935 —
1393 4900 1434 4947 32.
1450 4892 1618 4966 Πινδάρῳλ
