3442 5550
220 406 282 469 108
687 411 835 461 1’1nnaa1
854 411 1019 463 amnicis.

219 594 330 650 pompa
354 576 502 634 cantando
527 576 614 635 unice
642 577 812 653 conveniat,
836 597 922 637 omne
948 597 1066 638 carmen
1091 579 1222 638 nmneris
1247 580 1372 639 senariis
1395 573 1498 662 (ποσὶν

219 657 391 745 ἒξασήμοις)
411 665 572 740 temperari
589 666 652 724 veri
671 666 767 725 simile
787 670 840 725 est.
869 666 935 737 Qua
953 668 989 727 dc
1009 687 1100 727 causa
1117 687 1220 727 versus
1239 669 1316 728 sexti
1334 690 1404 730 cum
1422 671 1497 730 dua-

217 773 286 811 rum
309 758 413 829 patcat
435 754 485 813 via
509 754 688 814 divisionum

641 877 803 925 -ldUAJU
831 919 846 925 -
874 878 1025 925 ussuv..
1053 919 1069 926 -

642 966 803 1014 LJUAJU
830 963 1069 1015 :thoul-⁹.-

219 1075 388 1152 dipodicam
412 1075 588 1135 divisionem
615 1075 839 1151 praeferendam
863 1076 947 1154 duxi,
972 1078 1002 1135 et
1024 1076 1056 1134 in
1079 1096 1166 1136 versu
1191 1079 1296 1154 quinto
1320 1080 1497 1139 dubitabam

219 1186 257 1223 an
281 1184 317 1223 ex
339 1164 430 1224 variis
453 1165 631 1224 lectionibus
654 1184 705 1224 eas
735 1166 908 1243 selegerem,
940 1184 1016 1241 quae
1040 1166 1209 1241 dipodicam
1232 1169 1419 1228 scansionem
1443 1170 1497 1229 ad-

218 1255 381 1313 mitterent.
427 1254 555 1313 Maiores
578 1274 647 1313 vero
672 1254 865 1313 difficultates
895 1254 1018 1331 pariunt
1041 1255 1189 1330 tripodiae
1213 1258 1406 1317 catalecticac
1429 1278 1496 1318 ver-

218 1363 306 1402 suum
335 1343 448 1419 quarti,
477 1343 609 1421 septimi,
638 1344 749 1421 octavi,
778 1363 905 1419 quorum
933 1362 1073 1403 versuum
1100 1344 1215 1419 primus
1243 1350 1274 1405 et
1301 1347 1410 1406 tertius
1438 1348 1498 1407 nisi

218 1433 358 1492 inanibus
386 1433 570 1508 temporibus
598 1432 721 1491 adscitis
744 1438 799 1490 aut
822 1433 912 1510 longa
935 1432 1019 1491 finali
1042 1433 1073 1490 in
1097 1434 1229 1509 spatium
1253 1453 1303 1494 sex
1326 1440 1498 1511 temporum

217 1522 364 1599 producta
387 1521 555 1597 dipodicam
580 1521 765 1580 scansionem
788 1541 847 1579 non
875 1522 1054 1599 admittunt,
1084 1522 1216 1581 medium
1239 1524 1295 1583 hoc
1318 1525 1406 1585 modo
1430 1546 1497 1601 per·

216 1611 389 1671 cutiendum
413 1611 502 1670 duco:

625 1694 827 1744 ssv-UULL
883 1720 1042 1743 mua.)

218 1808 318 1865 Minus
342 1807 418 1865 illud
441 1827 520 1885 cmo,
544 1811 646 1865 atrum
670 1826 705 1866 ex
728 1806 845 1866 duobus
868 1806 972 1882 primis
996 1808 1150 1867 versiculis
1168 1827 1263 1867 annm
1282 1828 1401 1869 versum
1420 1810 1496 1870 duce

219 1896 348 1975 llcrglrio
372 1897 550 1973 laciendum,
574 1914 612 1954 an
635 1896 764 1955 Pindaro
789 1896 940 1955 licentiam
959 1915 1062 1955 versus
1085 1896 1116 1954 in
1141 1898 1316 1975 compagine
1338 1899 1497 1974 compositi

218 1985 347 2045 nominis
371 1978 610 2065 (φιλησί-μολπε)
633 1984 710 2043 finiti
739 1985 965 2045 condonandam
989 1989 1019 2043 ct
1042 1986 1168 2060 primam
1197 1988 1318 2065 longam
1341 2007 1401 2046 non
1425 2007 1497 2048 ana-

218 2075 328 2134 crnsim
349 2075 399 2134 sed
422 2078 539 2150 partem
562 2075 676 2150 primae
700 2073 837 2149 ‹lipodiae
861 2068 912 2141 (cf.
933 2075 1012 2134 Prol.
1031 2095 1059 2150 p.
1078 2070 1111 2155 ι)
1135 2094 1198 2135 esse
1222 2077 1320 2135 (lucas.
1355 2075 1497 2135 Ceteram

218 2164 360 2223 lectiones
384 2164 473 2222 huius
497 2164 644 2240 carminiS,
671 2184 740 2221 cum
763 2163 794 2221 in
817 2163 926 2222 ultima
948 2164 1060 2241 pagina
1083 2164 1192 2223 codicis
1216 2166 1371 2241 archetypi
1393 2185 1497 2225 exara·

219 2257 285 2311 tum
305 2253 421 2328 fuisset,
444 2253 504 2310 iam
524 2253 693 2329 antiquitus
718 2253 790 2312 adeo
815 2254 954 2311 turbatae
978 2256 1071 2330 erant,
1095 2257 1131 2311 nt
1153 2255 1269 2313 metrici
1287 2258 1411 2333 veteres,
1435 2275 1498 2331 qna

219 2344 305 2400 erant
328 2341 440 2419 ingenii
464 2342 679 2420 imbecillitate,
703 2362 821 2401 carmen
843 2362 902 2401 non
921 2342 952 2399 in
971 2342 1124 2417 stropham
1144 2345 1175 2401 et
1194 2344 1422 2421 antistropham,
1446 2346 1498 2404 sed

219 2431 249 2487 in
278 2430 353 2489 duas
381 2431 509 2506 impares
537 2432 675 2507 strophas
703 2431 877 2490 dividerent.
923 2431 1059 2506 Denique
1088 2451 1193 2491 moneo
1222 2432 1362 2491 carminis
1384 2432 1498 2511 insigni

219 2520 365 2577 suavitati
388 2523 419 2579 et
441 2520 606 2596 Lydiornm
626 2521 782 2579 modorum
800 2520 899 2579 dcccii
919 2522 969 2599 (cf.
985 2520 1076 2577 Arist.
1091 2520 1176 2595 polit.
1191 2540 1245 2579 vm
1263 2533 1277 2579 7
1295 2542 1322 2597 p.
1339 2512 1428 2580 1342¹³
1447 2518 1497 2603 30)

219 2628 272 2667 nco
296 2629 356 2666 non
379 2609 503 2667 iuvenili
527 2609 621 2667 aetati
643 2610 766 2668 victoris
790 2628 949 2683 pueromm
974 2610 1097 2669 chomm
1120 2602 1251 2689 (παίδων
1270 2604 1373 2690 χορόν)
1397 2611 1497 2687 aptio-

219 2718 281 2756 rem
304 2698 397 2756 l'uisse
421 2718 510 2773 qnam
534 2699 666 2758 virorum
691 2695 824 2776 (ἀνδρῶν
847 2692 957 2779 χορόν).

305 2856 310 2881 ’
379 2856 557 2938 Καφισίων
579 2852 712 2918 ὑδάτων
736 2858 885 2937 λαχοῖσαι
1189 2858 1269 2939 Στρ.
1293 2853 1336 2918 α’.

432 2962 501 3025 alce
525 2963 632 3025 ναίετε
655 2963 864 3025 καλλίπωλον
887 2959 1003 3045 ἕδραν,

296 3060 309 3119 ¹.'
380 3065 405 3133 ὡ
430 3075 569 3151 λιπαράς
592 3068 737 3152 ἀοίδιμοι
761 3071 924 3151 βασίλειαι

290 3168 296 3203 ³
380 3176 517 3260 Χάριτες
538 3174 744 3260 Ὀρχομενοῦ,
768 3177 979 3257 παλαιγόνων
1004 3178 1142 3238 Μινυᾶν
1165 3173 1347 3251 ἐπίσκοποι,
1392 3192 1408 3237 5

379 3281 483 3361 κλῦτ’,
507 3280 575 3347 ἐπεὶ
598 3284 747 3366 εὔχομαι·

433 3392 497 3453 σὺν
520 3390 583 3471 γάρ
607 3390 665 3472 ὕμ·
677 3412 735 3472 μιν
759 3388 799 3451 τά
822 3412 855 3452 τε
879 3388 1002 3471 τερπνά
1025 3385 1079 3451 καλ

291 3600 371 3634 raam
390 3600 493 3635 aecrio.
523 3582 606 3635 lnscr.
626 3597 679 3636 om.
701 3583 735 3649 B,
752 3578 888 3653 Ἀσωπίχιρ
907 3577 1039 3649 (ssawata
1055 3581 1098 3649 E)
1113 3577 1280 3653 Ὀρχομενίαν
1294 3582 1403 3634 σταὸιεῑ
1416 3581 1500 3635 παιδὶ

223 3651 385 3721 Κλεοδάμου
407 3652 514 3717 (71)Ε;
536 3654 682 3741 praeterea
701 3652 765 3707 add.
781 3661 893 3707 νικῶντι
912 3652 963 3720 τὴν
983 3636 1028 3717 οζκ
1045 3651 1083 3706 dl.
1104 3652 1133 3705 D
1151 3663 1195 3713 (=
1216 3658 1249 3719 Δ,
1270 3652 1316 3705 03'
1336 3668 1370 3705 ex
1390 3652 1432 3716 οἵ
1452 3656 1501 3719 Ξ),

223 3724 364 3791 νικήσαντι
390 3724 441 3792 τὴν
465 3724 511 3785 ο;’
533 3724 693 3792 ολυμπιάὸα
716 3724 746 3777 Ε
764 3757 796 3763 -
816 3723 921 3778 Sahal:
948 3719 1029 3785 οὗτος
1052 3720 1160 3791 ἐνίκησε
1184 3723 1236 3792 τὴν
1259 3722 1306 3784 ο;’
1324 3721 1500 3792 Ὀλυμπιάδα

219 3794 322 3867 eradico
336 3828 371 3835 —-
388 3802 410 3849 1.
430 3812 542 3863 καφισσ.
559 3796 588 3847 D
603 3828 635 3834 —-
651 3794 711 3848 ai're
727 3796 822 3849 codd:
842 3792 917 3848 ταλτε
937 3795 1038 3862 Ιλοτιιλι,
1057 3798 1191 3864 λαχοῖσαν
1205 3792 1265 3847 aire
1285 3794 1408 3861 Bocckh,
1426 3794 1500 3847 rcri-

221 3867 351 3921 similitcr
375 3898 407 3905 -
431 3864 603 3919 καλλίπωλον
626 3867 745 3921 BU'D:
775 3864 944 3938 καλλίβωλον
969 3867 991 3919 U
999 3867 1015 3931 ¹,
1039 3870 1187 3933 utrumque
1211 3864 1296 3919 schol.
1322 3897 1354 3904 —
1380 3872 1404 3919 3.
1427 3862 1499 3935 Ὀρχ.

222 3940 357 3993 laclia:
373 3936 447 4007 Ἐρχ.
463 3956 496 3992 cx
515 3955 584 3991 rece.
600 3938 680 3991 codd.
696 3938 822 4001 Bocckh;
841 3940 876 3991 cf.
892 3938 910 3991 l.
926 3957 935 3989 1
955 3954 993 4003 αις
1013 3936 1160 4004 antiquam
1178 3936 1297 3989 formam
1313 3934 1388 4006 Ἐρχ.
1403 3936 1500 4003 fuisse,

221 4014 361 4064 recentem
381 4007 453 4079 Ὁρχ.
479 4009 508 4062 in
536 4008 631 4062 Attica
663 4012 763 4077 ‹piarto
794 4008 906 4062 saeculo
937 4011 1003 4062 ante
1034 4009 1095 4063 t'hr.
1120 4012 1211 4061 ortam
1242 4024 1303 4061 esse
1329 4008 1411 4061 docet
1436 4008 1500 4063 leh.

222 4081 350 4133 Schmidt
370 4080 400 4134 a.
417 4082 444 4135 Z.
464 4082 497 4134 N.
515 4080 543 4134 F.
563 4100 601 4133 ιιι
616 4098 655 4133 :aa
675 4112 707 4119 -
727 4087 751 4133 4.
774 4080 857 4150 ὔμμιν
877 4080 1031 4134 Hermann:
1057 4080 1122 4147 ὑμῖν
1141 4080 1168 4132 Β
1180 4079 1251 4145 (lD,
1271 4079 1322 4132 σὺν
1340 4077 1427 4147 ὔμμιν
1446 4078 1500 4147 γὰρ

221 4152 292 4207 coni.
311 4152 437 4220 Bocckh,
465 4153 528 4206 vidc
553 4151 663 4205 antistr.
684 4184 717 4191 -
736 4150 771 4205 τά
794 4171 822 4205 τε
846 4151 951 4216 τερπνὰ
976 4150 1046 4204 coni.
1066 4150 1220 4205 Hermann:
1245 4148 1280 4202 τά
1299 4149 1405 4217 τερπνὰ
1425 4148 1501 4217 BD,

293 4314 481 4349 connasnmn.
519 4314 544 4350 v.
566 4300 588 4349 1.
614 4291 761 4364 Καφισίων
777 4339 782 4349 .
800 4337 805 4347 .
822 4336 827 4346 .
843 4292 942 4362 ἕδραν
962 4311 1034 4361 quii«)
1054 4293 1148 4346 ecdem
1167 4292 1197 4345 in
1215 4291 1284 4361 ripis
1304 4289 1431 4361 Cephissi
1450 4290 1500 4345 flu·

221 4366 303 4420 arinis
323 4366 440 4421 sortitae
459 4365 582 4419 incolite.
611 4366 785 4420 Sententiam
805 4366 892 4433 igitur
911 4366 1048 4447 optimam
1067 4362 1150 4417 lectio
1168 4368 1296 4433 λαχοῖσαι
1311 4362 1437 4432 praehet,
1452 4363 1501 4416 sed

222 4442 310 4492 metro
330 4441 358 4492 ct
378 4437 457 4491 hiatu
481 4437 616 4491 orationis
635 4436 797 4491 coniectura
818 4436 952 4491 Boechlni
972 4440 1106 4505 λαχοῖσαι
1125 4434 1337 4488 commendatur
1355 4465 1391 4473 -
1409 4430 1501 4486 καλλί-

221 4514 328 4563 πωλον·
354 4508 464 4579 cpinico
489 4508 607 4561 carmini
626 4508 718 4560 minos
737 4508 894 4562 fertilitatis
914 4504 1104 4577 (καλλίβωλον)
1124 4505 1186 4558 lans
1206 4505 1337 4558 convenit
1356 4521 1440 4572 qnam
1460 4503 1500 4557 rei

222 4580 367 4649 cqirestris.
405 4578 495 4634 Simili
520 4580 645 4649 epitheto
671 4582 795 4634 ειίπώλου
818 4580 862 4634 usi
884 4580 1153 4633 snntllmraljan.
1174 4574 1500 4645 l'larrs,801rh.0tl.ori

221 4686 256 4692 -
275 4658 299 4707 3.
320 4649 498 4721 παλαιγόνων
518 4656 646 4704 Μινυᾶν
668 4651 779 4718 Minyas
798 4651 904 4721 priscos
926 4650 1032 4704 incolas
1053 4648 1219 4703 Orchomeni
1239 4652 1324 4716 pocta
1345 4646 1426 4715 dixit,
1445 4645 1501 4699 llo·

222 4724 355 4778 mericum
373 4726 406 4793 (B
421 4726 470 4790 ιιι)
486 4720 654 4792 Ὀρχομενὸν
674 4722 813 4776 Μινύειον
832 4726 951 4776 secutus,
990 4720 1148 4789 hlinyarum
1169 4723 1263 4773 autem
1283 4718 1418 4788 populum
1433 4716 1501 4771 olim

221 4794 279 4847 late
302 4812 352 4863 per
375 4792 482 4847 insrrlas
507 4798 535 4847 ct
558 4811 636 4846 oram
659 4792 794 4847 Graeciae
818 4794 950 4847 diffusum
975 4792 1060 4845 fuisse
1084 4795 1114 4845 et
1139 4808 1202 4844 cum
1226 4789 1284 4843 alia
1308 4789 1413 4859 oppida
1441 4791 1502 4842 tum

223 4864 427 4919 Orc-homcmun
446 4868 476 4919 et
494 4865 598 4920 Iolcum
619 4864 742 4919 tenuisse
761 4864 899 4919 Pindams
918 4864 1034 4932 eiusque
1053 4864 1186 4931 aequalcs
1205 4860 1359 4917 credebant
1376 4892 1412 4900 -
