3442 5550
757 422 880 474 uuum
899 421 948 474 111.

266 586 381 671 πέμπω
404 583 604 669 μεμιγμένον
626 583 698 668 μέλι
723 587 828 671 λευκῷ

267 697 331 760 σὺν
353 695 504 776 γάλακτι,
527 690 707 776 κιρναμένα
731 688 763 756 θ’
789 687 875 775 έερσ’
892 686 1071 774 -ἀμφέπει,

266 799 344 885 πόμ’
370 800 524 884 ιἰοίθιμον
547 801 710 884 Αἰολῇσιν
735 796 771 863 έν
793 808 950 863 πνοαῖσιν
972 796 1094 879 αὐλῶν,

214 1033 248 1078 80
268 1015 331 1093 ὀψέ
351 1038 420 1100 περ.
458 1017 525 1080 ἔστι
550 1011 581 1078 θ’
607 1013 714 1089 αἰετὸς
737 1012 824 1089 ὠκὺς
847 1012 883 1078 έν
905 1023 1071 1091 ποτανοῖς,
1301 1009 1366 1075 Ἐπ,
1390 1008 1435 1075 θ’.

268 1123 305 1200 ὃς
327 1125 444 1206 ἔλαβεν
467 1117 559 1205 αἶψα,
582 1122 704 1204 τηλόθε
727 1122 994 1204 μεταμαιόμενος,
1440 1136 1490 1183 140

313 1230 477 1314 δαφοινὸν
501 1229 621 1312 ἅγ-ραν
644 1232 757 1294 ποσίν·

267 1336 422 1423 κραγέται
446 1331 483 1401 δὲ
506 1333 648 1400 κολοι-οὶ
670 1335 807 1399 ταπεινὰ
830 1331 993 1418 νέμονται.

268 1448 321 1509 τίν
344 1468 380 1526 γε
403 1441 474 1527 μέν,
497 1442 665 1528 εὐθρόνου
689 1445 816 1517 Κλεοῦς
839 1439 965 1506 έθελοί-

314 1569 387 1633 σας,
411 1549 623 1634 ἀεθλοφόρου
639 1550 809 1632 -λήματος
831 1545 941 1613 ἕνεκεν

270 1656 399 1742 Νεμέας
419 1655 662 1741 Ἐπιδαυρόθεν
685 1653 714 1720 τ’

306 1766 377 1829 ἄπο
400 1761 454 1828 καὶ
478 1763 646 1848 Μεγάρων
670 1761 843 1848 όέθορ-ιιεν
865 1762 959 1847 φάος.

215 1957 322 2028 Bergk:
342 1956 440 2011 ἄπεστι
454 1957 534 2011 codd.
550 1959 578 2011 et
592 1955 677 2011 schol.
692 1954 772 2010 -τό
787 1953 819 2011 δέ
833 1976 859 2010 τι
873 1956 902 2010 D
917 1988 949 1996 -
965 1961 1006 2013 77.
1022 1958 1112 2027 suppl.
1127 1957 1157 2011 in
1170 1974 1258 2028 marg.
1274 1958 1304 2012 D
1320 1990 1352 1998 -
1368 1965 1409 2012 ῖ9.
1425 1958 1487 2012 Αἰο-

215 2034 295 2100 λῇσιν
318 2028 443 2084 Boeckh:
467 2025 586 2082 αἰολίσιν
609 2027 672 2083 BD
699 2060 734 2068 -
760 2035 893 2082 πνοαῖσιν
915 2029 956 2110 J':
982 2037 1083 2091 πνοαῖς
1102 2029 1164 2083 BD
1192 2061 1225 2070 —
1249 2035 1297 2084 80.
1320 2049 1380 2085 πετ.
1400 2030 1439 2084 D·
1456 2060 1489 2070 —

216 2105 258 2156 83.
279 2103 375 2163 κλεοῦς
394 2101 435 2155 D:
455 2104 564 2164 αλειοῡς
582 2100 622 2168 Β,
642 2099 720 2162 ciete
745 2100 779 2166 Υ,
800 2098 871 2153 conf.
891 2098 970 2153 Piud.
991 2099 1024 2154 fr.
1039 2116 1085 2155 aee.

216 2248 259 2300 77.
279 2242 360 2297 suevi
379 2244 408 2297 et
425 2243 497 2297 bene
515 2244 671 2313 temperato
691 2241 770 2312 potui
790 2259 870 2296 suum
886 2258 1005 2297 ¹carmen
1029 2246 1174 2314 comparat
1191 2243 1271 2298 tibiie
1290 2243 1403 2299 Aeolide
1421 2246 1492 2299 tem-

215 2315 323 2386 peratis
341 2314 506 2381 cauendum,
521 2314 550 2368 id
565 2314 641 2386 quod
655 2331 718 2368 cum
732 2313 825 2384 ipsum
839 2331 889 2383 per
903 2331 932 2368 ee
945 2313 1050 2369 bonam
1064 2316 1232 2371 sententium
1247 2316 1390 2398 praebeat,
1405 2316 1492 2370 etiam

216 2386 311 2457 aptius
330 2385 395 2441 huie
413 2385 475 2440 loeo
495 2385 538 2454 fit,
558 2385 582 2440 ei
600 2402 713 2440 carmen
731 2384 760 2439 in
779 2384 907 2439 convivio
926 2388 1072 2440 cantatum
1091 2403 1150 2441 esee
1170 2390 1334 2456 statuimus,
1353 2389 1386 2441 ut
1404 2387 1434 2442 0.
1454 2407 1493 2441 vu

216 2490 250 2499 -
270 2455 451 2528 μεμιανέμον·
476 2456 511 2511 de
534 2460 603 2527 potu
627 2456 714 2511 mixto
739 2455 810 2511 conf.
830 2455 931 2510 Aelian
950 2456 984 2511 de
1004 2474 1048 2512 an.
1070 2473 1102 2528 ιο,
1117 2475 1142 2514 τε
1165 2459 1233 2529 opu
1253 2477 1315 2514 οοτι
1337 2458 1391 2529 γὰρ
1408 2457 1493 2513 Ἰνδοὶ

214 2529 427 2597 περιγλόιιιοτον
445 2527 517 2597 γάλα
535 2529 583 2582 uod
603 2529 635 2582 ot
655 2528 768 2582 δέονται
786 2528 921 2597 ἀναμῖξαι
939 2529 1014 2598 αὐτῷ
1033 2529 1101 2600 μέλι,
1121 2527 1189 2599 ὅπερ
1209 2480 1260 2585 σόν
1279 2533 1381 2600 δρῶσιν
1394 2527 1492 2600 Ἕλλη-

215 2620 263 2664 νες
287 2632 320 2641 -
344 2606 386 2656 78.
405 2599 560 2670 κιρναμένα
583 2598 611 2654 θ’
633 2598 714 2668 ἔερσα
736 2617 792 2654 uon
816 2599 912 2653 vinum
930 2598 1008 2654 melli
1031 2605 1061 2654 et
1078 2601 1147 2656 laeti
1167 2602 1323 2656 admixtum
1342 2601 1492 2672 siguificat,

216 2673 247 2726 id
267 2672 342 2742 quod
361 2688 378 2726 a
397 2688 488 2726 rerum
510 2673 612 2725 natura
630 2673 660 2726 et
676 2670 821 2726 hominum
842 2687 894 2724 usu
916 2671 1126 2740 abhorret—sed
1145 2672 1282 2742 liquorem
1300 2672 1381 2727 illum
1399 2672 1493 2744 ipsum

216 2761 250 2799 cx
269 2743 467 2799 commixtione
485 2743 577 2797 mellis
592 2747 621 2797 et
637 2742 721 2797 lactis
740 2745 838 2795 natum
854 2774 886 2783 —
904 2747 944 2797 79.
959 2741 1028 2813 πόμ’
1045 2742 1184 2813 ἀοίδιμον,
1202 2744 1387 2827 appositionis
1402 2745 1493 2799 instar

215 2816 253 2870 ad
268 2813 331 2870 τόδε
346 2817 381 2885 (v.
397 2819 434 2882 ιο)
449 2814 578 2868 additum
597 2817 640 2868 eet
659 2846 692 2854 -
711 2819 745 2867 80
754 2831 789 2869 ea.
809 2831 870 2868 sero
889 2813 1002 2883 quidem
1021 2831 1134 2869 carmen
1153 2815 1286 2884 mittitur‚·
1303 2816 1352 2870 sed
1367 2834 1385 2871 e
1398 2820 1491 2886 poete,

215 2886 265 2956 qui
284 2890 391 2941 ceteros
410 2885 493 2957 longe
512 2889 625 2956 superet
643 2887 672 2940 et
690 2884 802 2940 etiamsi
820 2884 905 2954 longo
924 2884 1073 2940 intervallo
1092 2890 1157 2957 poet
1174 2887 1373 2957 proficiscatur,
1397 2894 1494 2943 temen

216 2961 324 3013 ceteros
344 2957 427 3040 facile
447 2961 642 3040 consequetur.
675 2957 712 3010 Su
750 2957 831 3010 rbem
847 2956 921 3038 inane
941 2972 1008 3011 auae
1028 2956 1298 3040 ertiaaiectationem
1317 2959 1363 3012 hic
1382 2964 1412 3014 et
1426 2959 1457 3016 Ο.
1473 2980 1493 3013 11

216 3027 1494 3225 {zdtssa‘tidddud‘tnwfl⁰tf¹u¹¹z¹tidtd⁶ds⁰dbd&dutum

217 3171 337 3240 nomini,
356 3171 402 3226 cui
421 3171 611 3242 postponitur,
630 3169 739 3240 pondua
758 3170 859 3236 addet3
885 3169 989 3240 duplex
1007 3175 1102 3225 autem
1119 3171 1162 3225 vis
1181 3171 1264 3226 huius
1282 3172 1393 3242 partica
1407 3189 1440 3226 ae
1459 3188 1493 3226 ex

217 3243 340 3299 eonfneis
360 3243 447 3325 longa
465 3247 494 3297 et
511 3241 592 3297 brevi
609 3240 756 3296 vocalibus
774 3243 874 3311 (ΜΕΝ
887 3268 920 3286 =
936 3239 986 3310 μέν
1004 3245 1034 3296 et
1051 3241 1117 3311 μήν)
1136 3245 1198 3296 orta
1216 3246 1267 3312 eet,
1286 3245 1320 3297 ut
1337 3243 1493 3314 particulae

218 3316 305 3370 ΝΤΝ
331 3313 437 3370 vocalis
460 3317 490 3368 et
511 3314 596 3384 longa
620 3316 648 3367 et
670 3312 763 3367 brevis
787 3312 862 3382 apud
885 3311 1037 3366 Pindarum
1061 3316 1104 3368 est
1130 3346 1165 3354 —
1191 3320 1234 3369 84.
1254 3313 1389 3384 δέδορκεν
1412 3313 1494 3385 φάος,

217 3388 265 3441 lon
286 3404 300 3441 e
320 3385 501 3455 conspicuum
519 3389 563 3439 eat
580 3385 674 3439 lumen
688 3387 800 3437 tuarum
814 3382 1007 3451 victoriarum
1026 3384 1061 3440 cf.
1077 3384 1107 3440 0.
1123 3402 1185 3453 τοις
1204 3386 1384 3456 conspicuum
1399 3389 1494 3441 autem

218 3458 247 3513 id
266 3405 373 3512 iactum
396 3474 456 3511 eane
480 3456 622 3539 significat
640 3472 690 3509 auo
709 3454 832 3510 carmine
860 3472 915 3510 non
943 3455 1033 3510 invite
1051 3455 1133 3511 Mune
1156 3457 1239 3512 facto.
1277 3457 1410 3528 Speciosa
1427 3474 1493 3512 vero

217 3529 380 3584 coniectura
401 3528 525 3582 Dineemi
548 3530 592 3582 est
610 3544 644 3582 ex
664 3526 768 3581 collato
787 3543 868 3581 vereu
887 3542 913 3581 ιι
932 3527 1070 3596 prosecta,
1096 3528 1265 3584 Nemeaeam
1289 3528 1437 3584 victoriam
1457 3530 1493 3584 ab

217 3600 386 3727 ffimlide
409 3599 582 3670 provectiore
605 3602 713 3665 aetate,
739 3597 920 3668 Epidauriam
945 3597 1034 3667 virili,
1059 3598 1252 3670 Megarenaem
1276 3600 1377 3670 puerili
1401 3618 1493 3671 repor-

281 3691 308 3726 m
327 3689 396 3726 ense.

271 4988 406 5043 Piranum,
421 4988 455 5029 ad,
471 4987 574 5027 chriti.
