3442 5550
296 387 316 448 2
770 385 919 436 eranam
938 384 1104 434 numicis.

295 576 392 630 mene,
425 554 487 611 lilio
519 554 671 613 Hieronis.
708 554 777 626 post
809 554 934 609 mortem
966 551 1062 626 patris
1095 549 1277 611 dedicatum.
1309 547 1466 624 Olympiae
1498 547 1577 606 sidit

295 644 459 702 Pausanias
479 662 532 701 viu
557 655 599 715 le,
619 654 644 718 a,
671 642 721 717 qui
745 641 801 698 boc
825 642 1010 717 epigramma
1034 639 1234 697 anathematis
1257 639 1417 696 memoriae
1443 638 1576 712 prodidit

509 758 572 816 Σόν
596 778 663 815 ποτε
690 755 826 832 νικήσας,
849 759 908 815 Ζεῦ
929 749 1082 833 Ὀλύμπιε,
1106 754 1214 831 σεμνὸν
1237 750 1353 833 ἀγῶνα,

553 847 706 930 τεθρίππῳ
730 842 784 923 μὲν
806 845 899 917 ἅπαξ,
923 842 1115 922 μουνοκέλητι
1139 840 1169 902 δὲ
1194 843 1255 914 δίς,

510 929 581 1014 δῶρ’
603 930 701 1013 Ἱέρων
725 934 792 993 τάδε
815 952 862 993 σοι
886 929 1070 1013 ἐχαρίσσατο,
1094 938 1164 1004 παῖς
1188 926 1216 989 d'
1242 929 1391 1009 ἀνέθηκεν

554 1022 736 1101 Δεινομένης
759 1023 867 1101 πατρὸς
891 1032 994 1101 μνῆμα
1018 1022 1217 1101 Συρακοσίου.

384 1145 448 1201 lam
480 1144 504 1201 si
534 1161 673 1217 quaeras,
707 1160 796 1216 equam
825 1161 859 1198 ex
891 1140 988 1199 tribus
1020 1140 1154 1198 victoriis
1183 1140 1255 1197 haee
1289 1139 1359 1209 oda,
1392 1158 1482 1214 quam
1517 1159 1575 1196 non

296 1235 392 1292 solnm
417 1234 557 1307 primam,
580 1232 632 1288 sed
655 1232 747 1288 etiam
770 1231 935 1305 principem
962 1233 992 1286 et
1016 1229 1245 1303 pulcherrimam
1273 1233 1388 1285 veteres
1411 1228 1576 1286 laudabant

297 1323 425 1391 (lanian
454 1321 532 1378 lslall.
553 1314 596 1401 tJ
625 1321 819 1395 spectaverit,
848 1320 959 1377 canalis
982 1318 1108 1377 victoria
1132 1318 1319 1393 Olympiadis
1341 1321 1381 1377 ts
1401 1318 1431 1375 in
1455 1337 1574 1376 censum

298 1398 356 1469 non
377 1412 467 1486 venit,
491 1411 632 1485 quoniam
651 1410 808 1467 uictoriam
829 1408 885 1466 lroc
907 1409 1036 1466 carmine
1056 1408 1238 1465 illustratam
1258 1408 1350 1465 eelete
1370 1410 1488 1482 partam
1512 1426 1574 1466 esse

296 1505 386 1576 poeta
405 1502 468 1575 ipse
492 1520 519 1558 r.
541 1510 573 1557 18
595 1499 737 1557 declarat.
770 1498 873 1572 Neque
893 1498 1050 1555 victoriam
1069 1498 1161 1554 celete
1182 1496 1227 1553 Ol.
1250 1498 1289 1553 73
1310 1500 1493 1572 reportat-am
1518 1496 1574 1553 linc

296 1591 415 1649 trahere
440 1590 519 1665 licet,
543 1589 680 1664 quamvis
704 1587 881 1646 scholiastae
901 1586 1036 1662 plerique
1058 1585 1113 1643 lroc
1136 1585 1262 1644 fecerint
1284 1590 1315 1642 et
1337 1586 1480 1644 victoriae
1506 1589 1575 1643 ante

296 1682 402 1754 partae
422 1679 533 1736 mentio
554 1679 582 1735 in
598 1679 654 1735 hac
669 1678 726 1735 oda
743 1696 800 1734 non
821 1676 882 1733 liat.
911 1675 1030 1733 Etenim
1046 1675 1145 1733 0153
1161 1676 1291 1733 nondum
1306 1695 1356 1732 rex
1371 1675 1463 1734 Hiero
1478 1675 1575 1734 factus

297 1772 363 1826 erat
394 1787 489 1842 neque
521 1767 669 1824 Pindarus
700 1770 791 1840 poeta
818 1765 849 1822 in
881 1765 952 1821 aula
982 1764 1060 1841 regis
1093 1764 1339 1823 commorabatur.
1385 1765 1576 1840 Relinquitur

296 1858 390 1935 igitur
421 1857 549 1915 victoria
578 1853 977 1930 01.7t=472a.t'·hr.,
1010 1873 1099 1928 quam
1132 1874 1167 1911 eo
1200 1855 1295 1928 inagis
1328 1873 1395 1911 earn
1428 1853 1575 1912 lloecklrio

296 1947 426 2021 amplexi
441 1949 584 2019 tenemus,
604 1944 683 2019 (prod
698 1950 726 2001 et
743 1962 883 2009 summae,
899 1962 957 2017 qua
972 1942 1124 2017 perfusum
1140 1947 1185 2000 est
1203 1943 1258 2001 hoc
1278 1962 1405 2017 carmen,
1420 1944 1576 2000 serenitati

295 2036 424 2093 felicitas
444 2035 531 2091 huius
550 2034 702 2109 temporis,
726 2033 833 2090 Poenis
853 2032 1072 2107 'Pyrrhenisque
1092 2033 1218 2089 devietis
1242 2034 1272 2088 et
1296 2032 1421 2089 internis
1445 2032 1575 2090 dissidiis

295 2125 484 2199 compositiS,
522 2124 634 2199 optime
668 2123 820 2197 convenit,
859 2128 889 2178 et·
921 2123 1063 2179 maiorem
1101 2121 1212 2179 curulis
1244 2122 1415 2179 certaminis
1447 2122 1575 2198 gloriam

293 2214 454 2271 Hieronem
479 2214 539 2270 iarn
563 2216 627 2269 tum
652 2216 749 2269 mente
774 2211 904 2288 agitasse
930 2230 1015 2269 versu
1040 2223 1089 2269 112>
1113 2230 1129 2267 a
1154 2216 1244 2284 poeta
1268 2210 1431 2268 indicatum
1455 2214 1508 2268 est.

387 2303 418 2360 ln
434 2302 586 2377 prooemio
597 2305 685 2377 poeta
697 2300 870 2375 Olympicae
882 2301 1024 2358 victoriae
1039 2300 1195 2375 splendore
1210 2299 1361 2357 illustrato
1372 2300 1482 2373 Iovem,
1492 2301 1576 2359 carius

295 2392 358 2450 ludi
382 2392 434 2449 isti
457 2393 533 2449 sacri
558 2394 652 2465 erant,
680 2394 711 2447 et
734 2390 894 2446 Hieronem
918 2409 1031 2466 regem,
1056 2390 1107 2463 qui
1131 2389 1218 2446 meede
1241 2408 1379 2447 coronam
1404 2390 1434 2446 in
1458 2390 1576 2448 colonia

297 2481 416 2555 Pelopis
445 2480 533 2554 Lydii
562 2481 654 2539 celate
679 2483 840 2555 memerat,
869 2480 998 2536 carradae
1023 2478 1257 2554 phormingeque
1281 2478 1338 2535 sibi
1361 2479 1576 2553 praedicandos

296 2570 368 2629 dicit
392 2574 527 2649 (1—24l.
574 2569 687 2626 Deinde
717 2569 747 2624 in
775 2568 934 2643 principali
965 2570 1050 2641 parte
1079 2568 1218 2625 carnrinis
1241 2586 1259 2624 a
1282 2569 1431 2625 mentione
1455 2568 1575 2643 Pelopis

296 2659 456 2735 profectus,
476 2658 609 2716 fabulam
625 2662 754 2715 veterem
769 2657 804 2713 de
819 2656 948 2714 Tantalo
963 2658 1084 2714 deorum
1104 2657 1312 2714 familiaritate
1327 2657 1468 2715 abutente
1484 2666 1574 2732 atque

295 2749 358 2807 tilio
386 2749 450 2805 eius
478 2748 587 2822 Pelope
616 2747 814 2822 Oenomaum,
845 2766 946 2822 regern
980 2746 1089 2823 Elidis,
1122 2747 1217 2803 curuli
1247 2747 1408 2804 certamine
1438 2747 1575 2806 vincente

297 2837 589 2913 Hippodamiamque
613 2836 777 2911 praemium
805 2835 948 2893 victoriae
973 2835 1160 2893 nanciscente
1184 2835 1276 2893 refert
1304 2830 1456 2917 (eo-se).
1494 2838 1576 2905 Quae

296 2926 400 2985 fabula
415 2946 482 2986 curn
497 2928 561 3001 ipsa
577 2927 620 2983 rei
634 2926 784 3001 praesenti
800 2928 828 2981 et
840 2924 1014 2998 Olyrnpicae
1029 2925 1404 2998 victoriaepraedicandae
1419 2926 1575 2999 aptissima

296 3019 383 3091 esset,
407 3017 578 3074 inventione
598 3017 629 3072 et
647 3016 766 3091 ingenio
790 3013 914 3071 Pindari
933 3014 1024 3071 etiam
1043 3013 1143 3088 aptior
1162 3014 1242 3071 facta
1262 3016 1315 3089 est,
1337 3015 1415 3089 qud
1435 3014 1574 3090 Pelopem

297 3126 315 3163 a
339 3106 489 3181 Neptuno,
515 3105 631 3162 fautore
652 3104 832 3179 equestrium
858 3103 1025 3161 studiorum
1051 3104 1102 3175 (cf.
1123 3103 1154 3160 P.
1176 3121 1205 3159 rr
1224 3096 1282 3183 aa),
1306 3124 1431 3179 puerum
1455 3107 1575 3179 raptum

297 3198 327 3253 et
348 3196 483 3253 iuvenem
503 3195 533 3251 in
553 3194 713 3251 certamine
733 3193 864 3268 equestri
883 3192 1020 3249 adiutum
1038 3212 1101 3249 esse
1121 3197 1304 3251 commentus
1323 3196 1376 3251 est.
1407 3192 1468 3250 Sub
1488 3195 1574 3250 linem

297 3285 371 3342 odae
395 3303 413 3341 a
437 3284 557 3359 Pelopis
585 3283 733 3359 sepulcro,
765 3302 857 3356 prope
886 3282 965 3355 quod
998 3282 1161 3339 certamina
1190 3280 1345 3357 Olyrupica
1379 3281 1504 3357 fiebant,
1537 3283 1575 3339 ad

298 3374 457 3431 victoriam
476 3373 615 3430 Hieronis
635 3374 801 3447 equestrem
821 3371 899 3428 redit·
918 3375 948 3427 et
967 3372 1057 3427 etiam
1082 3371 1310 3445 splendidiorem
1331 3373 1487 3430 victoriam
1507 3391 1575 3429 mox

296 3462 324 3519 ei
339 3460 536 3519 obsentnram
560 3481 622 3519 esse
647 3464 812 3537 auguratur
827 3452 998 3539 (ael—114).
1026 3460 1073 3517 Ad
1097 3464 1280 3535 postremum
1303 3462 1394 3518 altius
1417 3480 1576 3538 assurgens

297 3551 381 3628 regia
404 3551 552 3628 dignitate
577 3550 651 3607 nihil
675 3549 857 3624 praeclarius
881 3568 944 3607 esse
969 3548 1126 3622 profitetur
1153 3551 1280 3625 deosque
1310 3554 1460 3626 precatur,
1488 3554 1522 3607 ut·
1545 3554 1576 3607 et

298 3640 424 3699 Hieroni
456 3640 539 3715 regui
569 3639 710 3696 maiestas
743 3642 773 3695 et
801 3638 856 3695 sibi
885 3638 980 3713 gloria
1014 3640 1147 3713 poeticae
1181 3640 1255 3696 artis
1286 3640 1424 3714 perennis
1456 3642 1574 3697 maneat

297 3722 486 3810 (lla-12¹0).
518 3762 550 3767 -·
593 3729 740 3786 Pindarus
771 3731 861 3803 poeta
895 3728 925 3784 in
961 3728 1059 3785 fronte
1091 3747 1210 3787 suormn
1241 3730 1405 3787 carminum
1436 3729 1575 3803 epinicio-

296 3840 363 3877 rum
394 3819 537 3876 Oenomai
568 3821 598 3875 et
628 3818 747 3893 Pelopis
778 3818 813 3873 dc
844 3816 1046 3891 Hippodamia
1076 3838 1207 3895 pugnam
1238 3818 1339 3877 Marsae
1364 3838 1483 3876 munere
1507 3819 1574 3875 illu-

298 3912 425 3967 stratam
445 3909 553 3983 posuit,
572 3912 607 3965 ut
625 3907 740 3982 aliquot
761 3907 846 3964 arinis
865 3909 932 3980 post
952 3926 1084 3965 sinamus
1103 3908 1210 3964 artifex
1230 3907 1353 3966 Phidias
1371 3908 1451 3966 Iovis
1469 3909 1575 3982 templi

298 3997 449 4073 Olympici
471 4004 648 4072 tympanum
671 3995 836 4071 principale
861 3997 969 4053 statuis
993 3997 1115 4054 eandem
1143 3997 1226 4054 illam
1250 4016 1381 4075 pugnam
1405 4016 1574 4072 repraesen-

297 4087 433 4145 tantibus
457 4088 659 4145 exornandum
683 4085 808 4145 curavit.

386 4177 510 4235 Praeter
540 4176 596 4233 hoc
629 4194 748 4234 carmen
776 4173 923 4232 Pindarus
950 4173 1074 4232 Hieroni
1108 4176 1189 4233 misit
1222 4176 1349 4250 epinicia
1381 4175 1414 4233 P.
1443 4195 1462 4237 r.
1485 4194 1517 4238 11.
1542 4194 1576 4233 111

297 4270 388 4341 atque
417 4266 616 4341 hyporehema
646 4269 677 4322 et
706 4264 831 4325 scolion.
862 4283 987 4338 quorum
1012 4266 1116 4343 fragm.
1147 4278 1206 4323 ros.
1237 4278 1286 4322 lero
1310 4268 1340 4321 et·
1366 4278 1423 4322 125.
1455 4277 1504 4323 126
1528 4286 1575 4322 er-

298 4358 395 4431 stant;
419 4356 539 4429 insuper
565 4356 668 4413 amicis
694 4354 833 4412 Hieronis
858 4355 976 4428 scripsit
1006 4355 1134 4432 Agesiae
1161 4360 1194 4413 O.
1210 4373 1253 4431 si,
1281 4354 1418 4412 Phromio
1441 4355 1478 4412 N.
1499 4373 1516 4411 1.
1536 4373 1575 4411 rx.

297 4445 369 4503 Inde
394 4450 521 4520 apparet
543 4450 661 4520 poetam
686 4445 825 4501 Hieronis
849 4443 927 4519 regis
947 4442 1154 4501 tirrrriliaritatc
1176 4446 1242 4502 inde
1261 4442 1300 4500 ab
1319 4443 1364 4500 Ol.
1382 4447 1432 4517 iti,
1450 4448 1464 4501 1
1482 4464 1575 4517 usqne

297 4534 335 4591 ad
359 4533 405 4591 Ol.
427 4536 478 4609 78,
501 4539 512 4591 l
538 4554 622 4591 aserere
648 4553 719 4590 esse.

844 4632 887 4697 Do
908 4634 1031 4698 metris.

387 4748 452 4806 Oda
476 4746 712 4821 praeclarissima
738 4748 767 4802 in
792 4748 873 4823 regia
892 4746 979 4805 domo
999 4746 1137 4804 Hieronis
1158 4748 1279 4806 victoris
1298 4749 1377 4807 inter
1395 4747 1576 4821 convivium,

298 4839 336 4896 ad
360 4836 567 4895 celebrandam
597 4839 763 4911 equestrem
794 4836 951 4911 victoriam
981 4837 1158 4894 aelomatum
1190 4848 1251 4917 (ss.
1276 4852 1316 4898 17.
1338 4834 1412 4921 lod),
1437 4857 1452 4895 a
1478 4838 1577 4913 choro,
