3442 5550
599 389 648 441 111.
677 389 726 439 DE
746 389 854 439 arms
874 389 919 438 ET
938 388 1114 440 EPlNICllS.
1423 384 1495 438 LXV

214 549 360 614 minibus
384 549 558 615 coniuncta
580 549 696 634 fuisse,
727 550 761 613 id
784 550 870 633 quod
894 548 1051 614 Pindarus
1079 550 1149 633 ipse
1177 548 1342 632 praedicat
1366 546 1401 611 Ο.
1422 566 1444 610 v
1464 550 1497 611 ir:

214 659 351 741 βωμοὺς
369 656 402 734 ἓξ
422 658 584 740 διδύμους
603 655 757 742 ἑμέραμεν
776 654 904 739 ἑορταῖς
921 662 1013 720 θεῶν
1030 659 1198 738 μεγίσταις
1212 654 1276 719 ὑπὸ
1296 658 1498 738 βουθυσίαις

216 763 352 828 ἀέθλων
375 787 409 829 τε
432 764 656 848 πεμπαμέροις
679 763 840 847 ἁμίλλαις.
848 761 872 849 ¹)
914 763 965 826 Ad
990 784 1081 827 sacra
1110 768 1218 826 autem
1247 767 1279 826 ct
1307 761 1497 846 religionem

217 870 369 934 ludorum
384 869 626 955 Olympicorum
651 869 712 933 hoc
732 892 859 953 quoque
883 869 1032 953 pertinet,
1056 869 1142 953 quod
1162 868 1216 952 qui
1236 869 1413 933 certamina
1433 869 1498 932 obi-

217 980 312 1061 bant,
337 978 524 1061 priusquam
549 977 583 1040 iu
606 999 735 1040 arenam
759 976 1001 1060 descenderent,
1025 976 1158 1040 deorum
1181 975 1336 1040 auxilium
1356 975 1498 1039 victimis

217 1084 370 1150 mactatis
389 1082 649 1169 implorabant-³),
674 1087 706 1147 ct
725 1089 815 1148 vates
836 1083 995 1169 (μάντεις)
1016 1083 1098 1147 extis
1118 1083 1324 1147 victimarum
1343 1082 1498 1166 inspectis

216 1193 340 1257 exitum
366 1191 580 1256 certaminum
605 1190 856 1275 augurabantur.
897 1190 1118 1255 Romanorum
1149 1212 1225 1253 vero
1254 1191 1292 1253 de
1320 1189 1404 1253 ludis
1433 1211 1499 1252 sae-

217 1299 382 1363 cularibus
407 1320 435 1362 a.
455 1300 518 1362 737
543 1321 573 1361 ιι.
599 1320 625 1361 c.
645 1328 687 1350 =
710 1300 747 1362 11
774 1321 800 1362 a.
821 1297 894 1364 Chr.
922 1298 1078 1362 faciendis
1106 1297 1201 1382 plane
1230 1300 1263 1360 et
1290 1296 1437 1360 disertim
1465 1296 1498 1358 iu

215 1405 460 1471 commentariis
483 1428 586 1489 nuper
606 1405 742 1489 repertis
762 1410 970 1488 praeceptum
990 1410 1049 1487 est,
1072 1409 1109 1468 ut
1127 1405 1241 1488 primis
1261 1404 1366 1467 tribus
1385 1404 1499 1467 diebus

215 1513 433 1595 noctibusque
457 1510 527 1575 Iovi
551 1511 669 1576 lunoni
692 1510 814 1574 Telluri
837 1511 981 1594 Apollini
1005 1511 1135 1594 llithyis
1159 1511 1232 1574 aliis
1256 1510 1317 1574 diis
1342 1510 1500 1574 sacrificia

215 1624 331 1685 fierent
365 1624 462 1703 atque
496 1641 624 1683 carmen
658 1640 785 1682 sacrum
814 1641 832 1681 a
860 1619 968 1702 pueris
998 1618 1242 1703 virginibusque
1274 1618 1309 1681 in
1340 1617 1497 1680 honorem

216 1726 429 1791 Latoidarum
451 1726 601 1809 lorisque
625 1728 804 1809 caueretur,
827 1730 859 1788 et
878 1730 949 1789 turu
968 1726 1098 1789 denium
1117 1730 1221 1789 uictae
1240 1729 1446 1808 ponerentur,
1465 1730 1499 1787 et

216 1838 343 1918 septem
371 1833 499 1915 diebus,
532 1854 613 1915 quos
643 1831 743 1897 sacris
777 1832 882 1895 tribus
915 1832 1028 1895 diebus
1062 1831 1262 1894 athlothetae
1296 1831 1499 1913 adiecissent,

219 1939 287 2003 ludi
311 1939 486 2005 honorarii
500 1945 682 2024 agerentur.

612 2135 665 2199 lle
693 2136 813 2199 variis
843 2135 945 2199 ludis
974 2136 1101 2200 statis.

306 2261 357 2325 Ex
381 2260 466 2324 ludis
490 2259 585 2324 statis
611 2259 785 2345 Olympici,
809 2261 863 2345 qui
888 2283 915 2325 a.
935 2263 999 2325 7111
1024 2286 1050 2324 a.
1071 2260 1145 2324 Chr.
1170 2259 1291 2324 conditi
1317 2264 1406 2343 suut,
1432 2282 1497 2323 uon

217 2368 323 2432 solum
348 2366 561 2450 sanctissimi,
589 2367 644 2431 sed
667 2367 765 2430 otiam
789 2367 1008 2451 antiquissimi
1038 2367 1182 2430 omnium
1210 2366 1312 2430 fuisse
1340 2365 1498 2430 videntur.

218 2472 421 2558 Quamquam
450 2474 536 2537 enirn
564 2472 741 2538 Pausanias
762 2476 839 2558 v2,
862 2476 875 2537 1
907 2475 954 2538 ita
981 2473 1140 2558 loquitur,
1167 2478 1334 2557 tamquam
1362 2472 1500 2537 Isthmia

217 2580 281 2644 iam
313 2585 387 2645 acta
419 2580 541 2644 fuerint
573 2586 745 2665 antequam
775 2580 961 2666 Olympicos
995 2581 1088 2645 ludos
1116 2580 1275 2645 Hercules
1303 2580 1500 2663 institueret,

218 2691 327 2752 tamen
351 2688 448 2773 longe
471 2692 547 2771 post
570 2686 757 2773 Olympicus
780 2688 929 2753 Isthmici
951 2688 1125 2752 instaurati
1155 2694 1188 2752 et
1209 2687 1358 2772 legitimo
1388 2686 1499 2750 ordine

218 2795 271 2879 agi
296 2794 404 2879 coepti
428 2798 513 2858 sunt.
555 2794 718 2859 Eusebius
741 2795 828 2859 enim
847 2795 896 2859 Ol.
914 2798 968 2879 49,
987 2794 1039 2879 4³)
1060 2826 1102 2847 =
1123 2798 1188 2859 580
1207 2818 1233 2858 a.
1254 2793 1328 2857 Chr.
1361 2793 1500 2857 Isthmia

218 2902 357 2986 primum
377 2905 452 2965 acta
470 2922 540 2966 esse
559 2901 659 2965 refert
677 2907 753 2986 post
771 2902 978 2987 blelioertem,
997 2903 1089 2966 cuius
1108 2902 1141 2965 in
1160 2902 1316 2965 honorem
1336 2900 1499 2984 mythicos

219 3007 393 3073 Isthmicos
417 3007 512 3072 ludos
536 3008 687 3072 funebres
711 3008 815 3073 f'aetos
839 3031 909 3073 esse
933 3009 1175 3091 fabulabantur,
1207 3013 1240 3072 ct
1268 3014 1343 3091 post
1370 3007 1500 3071 institu-

218 3114 339 3179 tionem
376 3114 578 3199 Pythiorum.
637 3118 744 3201 Atque
781 3117 862 3180 bene
903 3116 1169 3201 chronographus
1207 3115 1380 3179 Isthmicos
1422 3119 1499 3198 post

217 3218 352 3305 Pythius
391 3220 562 3285 institutos
600 3244 670 3285 esse
703 3222 798 3306 dicit,
839 3223 1098 3305 quandoquidem
1136 3222 1186 3305 hi,
1224 3245 1297 3286 cum
1330 3220 1378 3285 01.
1402 3224 1454 3303 41,
1479 3214 1558 3283 2”’

218 3324 333 3391 Cirrha
365 3327 446 3392 urbe
479 3334 575 3413 capta
606 3328 746 3412 primum
779 3330 928 3413 concepti
960 3335 1081 3412 essent,
1120 3328 1292 3415 01.49,ιι
1326 3329 1498 3393 sollemnes
1515 3342 1542 3395 '¹¹2

219 3434 296 3499 facti
270 3439 408 3500 ttsun
384 3434 525 3499 tNon
553 3435 649 3520 longe
678 3436 718 3499 ab
747 3436 798 3500 his
827 3437 919 3521 origo
946 3437 1182 3501 Nemeaeorum
1212 3382 1361 3500 hidorurn
1389 3435 1500 3520 distat,

221 3565 300 3627 quos
324 3565 399 3647 οιιιιι
423 3542 558 3607 Eusebii
582 3543 687 3606 tersio
711 3542 884 3608 Armenios
904 3542 952 3609 Ol.
972 3508 1024 3627 ol,
1043 3506 1074 3628 ¹4,
1096 3544 1314 3627 Hieronymus
1338 3543 1499 3625 interpres

220 3647 265 3713 01
284 3644 342 3733 52,
365 3654 380 3713 1
407 3649 517 3714 condit
503 3654 555 3714 tos
579 3672 649 3714 esse
672 3649 879 3735 perhibeant,
909 3651 1050 3736 priorem
1078 3651 1279 3714 notationem
1308 3672 1406 3713 unam
1435 3671 1500 3712 aru-

220 3756 302 3840 plexi
331 3778 459 3839 snmuS,
489 3757 643 3840 quoniam
670 3757 819 3842 paribus,
849 3780 915 3823 uon
942 3759 1122 3843 imparibus
1151 3758 1242 3822 amris
1272 3756 1311 3820 01
1313 3756 1498 3840 ympiadum

221 3862 341 3929 Nemea
364 3869 439 3929 acta
466 3886 536 3928 esse
568 3864 692 3928 affatim
723 3870 859 3929 constat.
900 3865 979 3929 Tres
1007 3865 1109 3949 igitur
1136 3865 1203 3928 ludi
1232 3864 1329 3948 sacri,
1361 3885 1498 3946 quorum

220 3970 361 4056 dignitas
381 3976 458 4055 post
472 3968 660 4055 Olympicos
680 3972 822 4037 maxima
841 3979 919 4056 erat,
939 3973 1051 4036 eodem
1066 3973 1132 4036 fere
1147 3977 1302 4057 tempore,
1321 3968 1499 4033 Clisthenis

220 4083 252 4142 et
269 4078 447 4161 Periandri,
470 4083 508 4142 ut
526 4077 662 4163 videtur,
683 4079 819 4144 consilio
839 4085 873 4143 et
892 4079 1086 4144 auctoritate
1106 4078 1227 4143 conditi
1248 4082 1332 4142 suut.
1370 4077 1498 4160 Reliqui

220 4184 285 4250 ludi
309 4208 373 4271 quo
403 4207 488 4250 anno
517 4185 635 4270 quique
665 4187 806 4270 primurn
834 4187 898 4251 acti
928 4187 1007 4265 siut,
1040 4192 1140 4250 testes
1174 4185 1291 4248 desunt
1323 4206 1426 4267 neque
1460 4184 1499 4248 ad

220 4291 349 4357 Pindari
381 4292 525 4357 carmina
557 4293 800 4377 interpretanda
833 4293 972 4357 multum
1003 4316 1041 4356 ea
1068 4315 1163 4356 nosse
1196 4291 1304 4356 refert.
1350 4289 1500 4375 Plerique

220 4406 324 4464 autern
342 4406 435 4464 sexto
450 4399 579 4464 saeculo
595 4423 622 4464 a.
638 4398 711 4463 Chr.
727 4400 870 4464 instituti
886 4401 946 4484 vel,
963 4405 999 4463 ut
1018 4399 1200 4464 accuratius
1214 4398 1337 4482 loquar,
1357 4398 1500 4482 antiquis

311 4630 390 4697 1101
411 4628 446 4683 N
462 4635 545 4683 rxll.
565 4634 640 4683 saa.
666 4634 697 4683 (1
714 4636 807 4684 r1180.

311 4636 337 4767 ’121
356 4700 439 4755 Paus
460 4706 515 4767 s9,
530 4706 555 4754 9

229 4771 461 4897 Αῐωθέιθφη
414 4776 461 4837 49,
477 4777 493 4823 4
517 4771 631 4826 exhibet
653 4772 816 4840 Hieronymi
840 4772 943 4840 versio,
973 4774 1016 4827 ol.
1033 4779 1109 4839 50,1
1138 4771 1229 4824 minus
1254 4788 1298 4823 acc
1298 4774 1433 4823 urates
1408 4786 1433 4821 ιι
1435 4766 1499 4822 ,rsio

277 4942 398 4984 Pisanus
412 4942 447 4984 sd.
462 4942 567 4985 christ.
1272 4948 1287 4985 e
