3442 5550
221 369 286 433 372
690 373 837 423 prunam
855 373 1021 427 sermore.

222 539 321 616 Aprili
345 539 416 598 anni
439 541 502 599 478
527 532 588 619 (01.
613 543 663 616 75,
688 532 723 619 2)
747 540 815 599 acti.
861 540 976 599 Horum
1004 540 1098 617 igitur
1124 539 1313 615 potissimum
1337 538 1495 598 victoriam

224 629 280 688 hoc
299 629 428 688 carmine
448 648 466 687 a
484 632 573 704 poeta
592 628 738 687 illustrari
756 629 908 705 probabile
927 632 980 687 est.
1008 629 1187 687 Nemeaeam
1207 632 1309 686 autem
1327 629 1495 705 victoriam,

223 737 313 794 quam
341 722 371 777 et
398 718 494 793 ipsam
521 722 611 794 poeta
639 718 756 795 laudat,
785 717 929 778 Cleander
956 719 1046 794 paulo
1075 721 1157 794 ante,
1186 721 1298 776 aestate
1329 717 1400 776 anni
1428 721 1493 776 479

221 800 282 887 (01.
300 811 349 883 75,
366 800 409 887 2),
428 807 476 867 vel
499 807 591 866 etiam
614 807 731 867 duobus
754 807 839 866 annis
863 808 946 883 prius
969 810 1136 882 reportasse
1154 806 1282 866 videtur.
1320 806 1396 865 Sane
1416 807 1493 864 diffi-

221 897 350 955 cultates
377 896 446 956 huie
475 896 607 972 opinioni
631 902 777 973 parantur
799 896 981 955 carminibus
1008 897 1030 954 1.
1056 914 1089 953 111
1118 898 1198 973 etv,
1222 899 1327 971 utpote
1356 915 1434 971 quae
1463 902 1494 954 et

221 986 287 1060 ipsa
305 986 454 1061 pancratii
473 986 614 1045 victorias
632 987 788 1045 Isthmicos
807 1005 866 1044 non
881 986 1010 1043 multum
1025 988 1094 1060 post
1109 1004 1226 1062 pugnes
1242 985 1448 1044 Plataeensem
1463 992 1494 1043 et

222 1075 415 1134 Salaminiam
439 1079 607 1151 reportatas
630 1075 809 1151 praedicent.
847 1074 905 1133 Sed
928 1075 957 1133 in
981 1075 1028 1133 his
1050 1073 1279 1133 difficultatibus
1303 1074 1495 1150 expediendis

221 1163 259 1222 ab
286 1164 377 1222 huius
404 1165 544 1224 carminis
570 1165 672 1241 potius
700 1163 884 1240 temporibus
907 1182 998 1239 quam
1022 1168 1187 1222 ceterorum
1210 1163 1338 1223 duorum
1361 1162 1494 1239 proficis-

221 1253 347 1311 cendum
374 1257 432 1329 est,
461 1253 703 1330 quandoquidem
729 1254 808 1313 inter
834 1253 890 1312 hoc
918 1272 1036 1312 carmen
1065 1255 1095 1311 et
1122 1272 1255 1330 pugnarn
1286 1253 1494 1311 Plataeensenr

221 1342 479 1419 obsessionemque
498 1343 666 1402 Thebarum
686 1343 827 1421 exiguum
849 1346 967 1417 tempus
990 1342 1187 1417 interlapsum
1210 1360 1273 1400 esse
1296 1343 1384 1417 plane
1408 1361 1493 1417 aper-

223 1436 287 1490 tum
315 1435 368 1491 est.
415 1431 550 1508 Denique
578 1433 697 1492 silentio
725 1431 962 1508 praetermittere
991 1432 1059 1490 nolo
1087 1431 1215 1507 tempori
1238 1450 1328 1489 veruo
1352 1431 1494 1490 ludorum

221 1521 433 1581 Isthmicorum
456 1521 552 1599 magis
576 1522 667 1581 etiam
690 1540 780 1597 quam
804 1521 919 1581 aestivo
938 1520 1119 1580 Nemeorum
1137 1520 1294 1579 convenire
1312 1520 1494 1579 mentionem

220 1614 353 1686 myrteae
376 1629 502 1670 coronae
524 1631 550 1670 v.
572 1622 604 1669 67
628 1611 747 1669 factam.

308 1700 355 1758 En
375 1703 585 1777 argumentum
599 1700 738 1758 carminis
753 1699 930 1759 dulcissimi:
952 1699 1097 1757 Cleandro
1117 1698 1237 1774 aequali
1256 1698 1345 1774 agite,
1361 1698 1492 1773 iuvenca,

221 1795 290 1848 ante
313 1788 496 1848 vestibulum
518 1788 613 1865 patris
633 1789 801 1849 Telesarchi
822 1788 982 1865 epinicium
1001 1788 1144 1864 hymnum
1163 1787 1289 1864 fundite,
1309 1788 1389 1863 quod
1408 1806 1492 1863 prae-

221 1878 314 1936 mium
341 1877 477 1937 laborum
505 1878 632 1937 feliciter
657 1879 737 1936 ludis
768 1878 917 1937 Isthmicis
949 1882 980 1937 et
1010 1877 1166 1936 Nemeaeis
1198 1877 1420 1936 exantlatorum
1454 1879 1494 1935 sit

220 1959 327 2047 (1-5).
356 1966 467 2026 Poscor
479 1967 558 2025 enim
574 1971 610 2024 ut
628 1967 745 2027 Musam
764 1967 913 2044 advocem,
928 1985 1023 2042 neque
1038 1985 1147 2024 munus
1162 1966 1296 2025 oblatum
1311 1966 1494 2041 detrectabo,

221 2056 357 2131 quamvis
380 2056 466 2134 gravi
489 2056 590 2115 dolore
615 2057 757 2134 afflictus,
779 2056 1019 2132 quandoquidem
1038 2055 1205 2130 periculum
1228 2055 1382 2113 servitutis
1407 2057 1493 2131 quasi

222 2144 384 2204 Tantaleae
411 2145 495 2221 rupis
524 2146 666 2205 Graeciae
694 2146 891 2222 impendentis
918 2146 991 2204 deus
1021 2144 1105 2204 nobis
1134 2144 1343 2203 averruncavit
1366 2138 1493 2224 (rt—13).

219 2234 373 2293 Praesenti
396 2234 475 2293 enim
497 2233 574 2294 bono
598 2254 652 2294 nos
675 2235 735 2293 frui
758 2236 850 2312 decet,
874 2254 970 2309 neque
994 2234 1024 2291 in
1047 2233 1135 2291 rebus
1154 2232 1253 2291 dubiis
1273 2234 1307 2291 de
1327 2235 1426 2292 salute
1446 2234 1493 2292 de-

220 2323 400 2399 sperandum
415 2327 461 2382 est
475 2324 559 2383 salva
571 2323 710 2383 libertate
726 2316 870 2404 (ll-15).
894 2323 940 2382 Me
956 2328 1057 2381 autem
1072 2322 1180 2381 Thebis
1195 2322 1344 2380 nutritum
1360 2323 1493 2402 Aeginae

220 2431 329 2471 munus
343 2412 516 2471 Gratiarum
535 2413 655 2472 reddere
675 2417 801 2489 oportet,
821 2412 962 2489 quoniam
982 2432 1017 2471 ex
1036 2412 1138 2470 eodem
1157 2415 1280 2486 parente
1294 2412 1396 2487 Asopo
1416 2412 1493 2471 duae

220 2501 368 2577 nymphae
387 2500 489 2560 Theba
507 2506 538 2560 et
556 2501 672 2579 Aegina
695 2506 867 2577 procreatae
890 2504 969 2578 sunt,
994 2520 1070 2576 quae
1090 2519 1108 2557 a
1126 2520 1195 2578 rege
1219 2500 1341 2559 deorum
1366 2501 1492 2561 dilectae

219 2592 315 2650 altera
333 2610 424 2666 prope
443 2591 550 2660 Direae
574 2590 699 2649 flumina
722 2591 867 2650 collocata
890 2590 973 2648 urbis
992 2589 1160 2649 Thebarum
1183 2594 1312 2665 patrona
1334 2590 1417 2650 sacta
1440 2598 1492 2667 est,

219 2680 315 2739 altera
337 2680 369 2738 in
393 2677 557 2755 Oenopiam
584 2680 715 2738 insulani
742 2679 889 2738 translata
911 2680 1057 2755 Aeaeum,
1085 2678 1258 2738 mortalium
1287 2679 1493 2756 iustissimum,

219 2769 337 2845 peperit
359 2760 504 2849 (le-⁶24).
550 2768 642 2828 Cuius
666 2769 757 2828 etiarn
781 2769 835 2827 filii
859 2771 890 2827 et
912 2771 1034 2844 nepotes
1057 2767 1165 2827 bellica
1186 2768 1300 2828 virtute
1324 2773 1355 2827 et
1378 2771 1492 2846 sapien-

219 2859 279 2917 tiae
310 2858 399 2916 laude
429 2858 587 2935 florebant,
617 2859 696 2918 unde
726 2858 898 2935 caelicolae,
930 2877 997 2916 cum
1030 2856 1146 2932 Iupiter
1175 2859 1207 2916 et
1239 2858 1401 2932 Neptunus
1433 2878 1493 2917 una

218 2946 326 3006 Thetin
349 2947 506 3006 Nereidem
530 2947 709 3024 deperirent,
733 2946 884 3006 Themidis
912 2946 1055 3005 vaticinio
1087 2946 1233 3023 obsecuti,
1263 2966 1299 3006 ne
1329 2948 1437 3024 gravia
1459 2967 1493 3007 ex

219 3037 284 3095 istis
315 3036 466 3096 amoribus
497 3036 661 3113 Olympicis
691 3036 753 3095 deis
783 3036 915 3112 pericula
945 3040 1108 3111 orerentur,
1140 3035 1248 3094 Thetin
1279 3034 1365 3095 deam
1396 3037 1492 3112 Peleo,

218 3126 311 3185 Aeaci
341 3125 402 3185 filio
432 3125 582 3203 piissimo,
612 3145 735 3185 uxorem
765 3126 926 3184 iunxerunt
955 3118 1096 3206 (al—47).
1142 3125 1242 3183 Natus
1272 3145 1341 3184 vero
1373 3146 1408 3184 ex
1439 3126 1492 3185 hoc

218 3215 409 3274 matrimonio
441 3215 573 3274 Achilles
609 3214 848 3291 praeclarissima
878 3214 1013 3273 facinora
1045 3213 1138 3272 edidit
1170 3217 1201 3272 et
1232 3214 1323 3272 etiam
1356 3218 1492 3273 mortuus

219 3305 334 3363 naeniis
353 3305 508 3362 Musarum
528 3307 651 3363 ornatus
669 3307 716 3363 est
735 3295 877 3383 (et-58).
914 3304 957 3362 Ut
975 3304 1068 3381 igitur
1086 3303 1127 3360 dii
1147 3306 1284 3362 strenuos
1302 3304 1382 3363 viros
1401 3305 1492 3363 etiam

219 3398 353 3453 mortuos
382 3393 562 3452 carminibus
585 3394 780 3453 illustrandos
803 3412 865 3452 esse
889 3392 1050 3469 duxerunt,
1074 3392 1118 3450 ita
1140 3410 1194 3451 nos
1219 3411 1338 3467 quoque
1362 3393 1491 3453 Nicoclis

217 3483 411 3542 victoriarum
434 3483 608 3541 memoriam
634 3483 811 3541 resuscitare
839 3501 895 3557 par
917 3486 971 3542 est.
1016 3481 1114 3540 Huius
1137 3485 1240 3540 autem
1262 3482 1392 3559 vestigia
1415 3502 1492 3541 nunc

217 3572 363 3648 patruelis
392 3571 456 3630 eius
481 3570 625 3629 Cleander
654 3572 741 3650 legit,
772 3572 825 3648 qui
856 3571 936 3647 quod
966 3571 1154 3630 iuventutem
1182 3570 1295 3629 desidia
1323 3571 1492 3631 umbratilis

217 3661 298 3720 vitae
322 3660 479 3719 obscurare
502 3661 609 3737 noluit,
633 3661 741 3720 merita
764 3661 852 3719 laude
876 3659 960 3719 nobis
983 3659 1166 3719 decorandus
1190 3662 1236 3718 est
1258 3652 1404 3741 (ea-70).

761 3813 805 3879 De
828 3814 951 3880 nstris.

307 3928 431 3987 Carmen
462 3931 508 3985 est
536 3929 690 3987 Aeolicum
720 3929 1006 4006 monostrophioum,
1037 3929 1074 3986 ad
1105 3928 1201 3986 instar
1230 3928 1490 4003 epithalarniorum

219 4015 358 4093 Sapphus
385 4037 403 4075 a
431 4017 520 4077 chore
547 4019 690 4077 iuvenum
718 4017 756 4075 ad
786 4017 874 4076 aedes
902 4017 996 4093 patris
1023 4016 1145 4076 victoris
1168 4010 1210 4097 (v.
1235 4028 1264 4094 33
1288 4017 1324 4075 cf.
1348 4017 1384 4075 N.
1410 4036 1421 4074 1
1446 4010 1490 4095 19)

217 4106 441 4166 comissantium
469 4111 631 4166 cantatum.
677 4106 778 4182 Atque
806 4107 837 4164 in
864 4107 962 4182 priore
990 4110 1075 4182 parte
1103 4106 1242 4165 carminis
1270 4106 1331 4164 sive
1360 4106 1391 4163 in
1420 4125 1491 4182 qua·

217 4199 287 4256 tuor
313 4195 417 4271 primis
445 4197 579 4255 versibus
607 4195 722 4254 numeri
750 4195 887 4271 passibus
915 4196 997 4255 chori
1020 4195 1184 4272 gradientis
1207 4194 1252 4253 ita
1275 4195 1489 4254 accommodati

217 4289 299 4363 sunt,
327 4288 364 4343 ut
390 4285 522 4359 rhythmi
550 4305 654 4344 senum
682 4288 849 4360 temporum
878 4278 981 4365 (πόδες
1008 4276 1162 4363 dieto-ppos)
1190 4283 1324 4344 continui
1353 4302 1417 4342 sese
1445 4304 1490 4343 ex·

217 4375 331 4451 cipiant
360 4378 392 4433 et
421 4374 513 4433 etiam
541 4393 706 4449 pausarum
736 4374 896 4433 intervalla
925 4374 1041 4433 definiri
1071 4374 1195 4449 possint.
1240 4373 1275 4431 ln
1300 4373 1395 4431 altera
1420 4393 1490 4450 quo-

220 4484 278 4541 qne
307 4467 393 4540 parte
424 4464 563 4523 carminis
593 4466 665 4522 sunt
696 4462 790 4538 aliqui
825 4481 929 4521 versus
961 4464 1045 4522 velut
1077 4467 1177 4520 sertus
1210 4466 1240 4521 et
1272 4467 1409 4539 octavus,
1440 4461 1491 4539 qui

217 4553 305 4612 facile
328 4554 358 4611 in
387 4552 524 4629 dipodias
551 4553 645 4611 dividi
672 4552 799 4627 possint;
830 4553 879 4611 sed
910 4553 1058 4628 plerique,
1088 4571 1156 4609 oum
1186 4550 1315 4627 dipodiis
1346 4551 1490 4627 tripodias

217 4643 407 4702 catalecticas
431 4642 578 4701 admixtas
601 4641 739 4718 habeant,
763 4641 794 4699 in
817 4641 1006 4717 aequabilem
1029 4641 1211 4699 scansionem
1236 4640 1406 4715 dipodicam
1430 4641 1489 4699 sine

217 4731 486 4792 vehementioribus
504 4730 642 4790 remediis
659 4730 835 4806 rhythmicis
860 4731 926 4808 cogi
950 4732 1109 4805 nequeunt.
1143 4729 1283 4805 Inprimis
1307 4748 1381 4787 num
1404 4729 1489 4788 binae

219 4820 364 4895 tripediae
388 4840 490 4881 versus
514 4820 612 4896 quinti
632 4820 662 4876 in
682 4819 816 4897 singulos
839 4820 990 4879 trimetros
1013 4819 1237 4895 coniungendae
1261 4818 1330 4897 siut,
1354 4818 1490 4877 dubitare
