<?xml version="1.0" encoding="UTF-8"?>
<!DOCTYPE html PUBLIC "-//W3C//DTD XHTML 1.0 Transitional//EN"
    "http://www.w3.org/TR/xhtml1/DTD/xhtml1-transitional.dtd">
<html xmlns="http://www.w3.org/1999/xhtml" xml:lang="en" lang="en">
 <head>
  <title>
</title>
<meta http-equiv="Content-Type" content="text/html;charset=utf-8" />
  <meta name='ocr-system' content='tesseract 3.04.00' />
  <meta name='ocr-capabilities' content='ocr_page ocr_carea ocr_par ocr_line ocrx_word'/>
</head>
<body>
  <div class='ocr_page' id='page_1' title='image "./pindaricarminap00chrigoog_0373.png"; bbox 0 0 3442 5550; ppageno 0'>
   <div class='ocr_carea' id='block_1_1' title="bbox 343 393 1148 455">
    <p class='ocr_par' dir='ltr' id='par_1_1' title="bbox 343 393 1148 455">
     <span class='ocr_line' id='line_1_1' title="bbox 343 393 1148 455; baseline -0.01 0"><span class='ocrx_word' id='word_1_1' title='bbox 343 393 409 455; x_wconf 72' lang='lat'>⁴224</span> <span class='ocrx_word' id='word_1_2' title='bbox 815 395 962 445; x_wconf 75' lang='lat' dir='ltr'>cranam</span> <span class='ocrx_word' id='word_1_3' title='bbox 981 395 1148 448; x_wconf 72' lang='lat' dir='ltr'>sermore.</span> 
     </span>
    </p>
   </div>
   <div class='ocr_carea' id='block_1_2' title="bbox 342 560 1645 4924">
    <p class='ocr_par' dir='ltr' id='par_1_2' title="bbox 342 560 1645 2243">
     <span class='ocr_line' id='line_1_2' title="bbox 342 560 1621 640; baseline 0 -21"><span class='ocrx_word' id='word_1_4' title='bbox 342 561 492 640; x_wconf 90' lang='lat' dir='ltr'>tragicum</span> <span class='ocrx_word' id='word_1_5' title='bbox 521 561 618 639; x_wconf 86' lang='lat' dir='ltr'>magis</span> <span class='ocrx_word' id='word_1_6' title='bbox 649 580 740 637; x_wconf 91' lang='lat' dir='ltr'>quam</span> <span class='ocrx_word' id='word_1_7' title='bbox 769 561 902 639; x_wconf 88' lang='lat' dir='ltr'>tragicus</span> <span class='ocrx_word' id='word_1_8' title='bbox 931 561 1058 636; x_wconf 90' lang='lat' dir='ltr'>lyricum</span> <span class='ocrx_word' id='word_1_9' title='bbox 1086 560 1223 620; x_wconf 88' lang='lat' dir='ltr'>imitatus</span> <span class='ocrx_word' id='word_1_10' title='bbox 1253 578 1316 619; x_wconf 89' lang='lat' dir='ltr'>esse</span> <span class='ocrx_word' id='word_1_11' title='bbox 1346 561 1497 637; x_wconf 85' lang='lat' dir='ltr'>videatur,</span> <span class='ocrx_word' id='word_1_12' title='bbox 1528 563 1561 619; x_wconf 88' lang='lat' dir='ltr'>et</span> <span class='ocrx_word' id='word_1_13' title='bbox 1588 561 1621 619; x_wconf 90' lang='lat' dir='ltr'>in</span> 
     </span>
     <span class='ocr_line' id='line_1_3' title="bbox 344 649 1623 726; baseline 0.001 -18"><span class='ocrx_word' id='word_1_14' title='bbox 344 670 456 709; x_wconf 90' lang='lat' dir='ltr'>annum</span> <span class='ocrx_word' id='word_1_15' title='bbox 479 652 555 726; x_wconf 81' lang='lat'>458,</span> <span class='ocrx_word' id='word_1_16' title='bbox 581 669 641 726; x_wconf 89' lang='lat' dir='ltr'>quo</span> <span class='ocrx_word' id='word_1_17' title='bbox 665 649 797 708; x_wconf 88' lang='lat' dir='ltr'>Thebani</span> <span class='ocrx_word' id='word_1_18' title='bbox 828 669 896 709; x_wconf 93' lang='lat' dir='ltr'>cum</span> <span class='ocrx_word' id='word_1_19' title='bbox 919 649 1161 710; x_wconf 78' lang='lat' dir='ltr'>Lacedaemoniis</span> <span class='ocrx_word' id='word_1_20' title='bbox 1184 649 1301 709; x_wconf 89' lang='lat' dir='ltr'>foedere</span> <span class='ocrx_word' id='word_1_21' title='bbox 1325 650 1384 709; x_wconf 89' lang='lat' dir='ltr'>icto</span> <span class='ocrx_word' id='word_1_22' title='bbox 1408 668 1492 709; x_wconf 90' lang='lat' dir='ltr'>arma</span> <span class='ocrx_word' id='word_1_23' title='bbox 1514 650 1623 709; x_wconf 83' lang='lat' dir='ltr'>iunxe-</span> 
     </span>
     <span class='ocr_line' id='line_1_4' title="bbox 344 730 1624 819; baseline 0.002 -23"><span class='ocrx_word' id='word_1_24' title='bbox 344 743 426 817; x_wconf 89' lang='lat' dir='ltr'>rant,</span> <span class='ocrx_word' id='word_1_25' title='bbox 455 740 521 797; x_wconf 89' lang='lat' dir='ltr'>laus</span> <span class='ocrx_word' id='word_1_26' title='bbox 545 739 694 798; x_wconf 79' lang='lat' dir='ltr'>amicitiae</span> <span class='ocrx_word' id='word_1_27' title='bbox 718 738 840 815; x_wconf 77' lang='lat' dir='ltr'>Pyladis</span> <span class='ocrx_word' id='word_1_28' title='bbox 863 739 1023 798; x_wconf 81' lang='lat' dir='ltr'>Phocensis</span> <span class='ocrx_word' id='word_1_29' title='bbox 1047 742 1077 799; x_wconf 91' lang='lat' dir='ltr'>ct</span> <span class='ocrx_word' id='word_1_30' title='bbox 1096 736 1219 798; x_wconf 88' lang='lat' dir='ltr'>Orestae</span> <span class='ocrx_word' id='word_1_31' title='bbox 1242 738 1369 798; x_wconf 90' lang='lat' dir='ltr'>Laconis</span> <span class='ocrx_word' id='word_1_32' title='bbox 1392 730 1434 818; x_wconf 77' lang='lat' dir='ltr'>(a.</span> <span class='ocrx_word' id='word_1_33' title='bbox 1454 732 1502 819; x_wconf 80' lang='grc'>16)</span> <span class='ocrx_word' id='word_1_34' title='bbox 1527 758 1624 815; x_wconf 86' lang='lat' dir='ltr'>quam</span> 
     </span>
     <span class='ocr_line' id='line_1_5' title="bbox 344 827 1624 905; baseline 0.002 -19"><span class='ocrx_word' id='word_1_35' title='bbox 344 829 471 887; x_wconf 79' lang='lat' dir='ltr'>maxime</span> <span class='ocrx_word' id='word_1_36' title='bbox 504 829 640 905; x_wconf 79' lang='lat' dir='ltr'>quadrat.</span> <span class='ocrx_word' id='word_1_37' title='bbox 686 828 729 886; x_wconf 90' lang='lat' dir='ltr'>At</span> <span class='ocrx_word' id='word_1_38' title='bbox 759 830 855 887; x_wconf 89' lang='lat' dir='ltr'>altera</span> <span class='ocrx_word' id='word_1_39' title='bbox 885 848 920 887; x_wconf 82' lang='lat' dir='ltr'>ex</span> <span class='ocrx_word' id='word_1_40' title='bbox 949 832 1034 904; x_wconf 91' lang='lat' dir='ltr'>parte</span> <span class='ocrx_word' id='word_1_41' title='bbox 1057 827 1184 888; x_wconf 84' lang='lat' dir='ltr'>victoria</span> <span class='ocrx_word' id='word_1_42' title='bbox 1207 828 1390 903; x_wconf 89' lang='lat' dir='ltr'>Thrasydaci</span> <span class='ocrx_word' id='word_1_43' title='bbox 1418 828 1515 888; x_wconf 82' lang='lat' dir='ltr'>stadio</span> <span class='ocrx_word' id='word_1_44' title='bbox 1541 848 1624 888; x_wconf 87' lang='lat' dir='ltr'>com·</span> 
     </span>
     <span class='ocr_line' id='line_1_6' title="bbox 343 917 1624 994; baseline 0.001 -18"><span class='ocrx_word' id='word_1_45' title='bbox 343 921 451 993; x_wconf 90' lang='lat' dir='ltr'>parata</span> <span class='ocrx_word' id='word_1_46' title='bbox 470 936 532 976; x_wconf 90' lang='lat' dir='ltr'>esse</span> <span class='ocrx_word' id='word_1_47' title='bbox 551 921 653 994; x_wconf 89' lang='lat' dir='ltr'>aperte</span> <span class='ocrx_word' id='word_1_48' title='bbox 671 937 698 976; x_wconf 79' lang='lat' dir='ltr'>r.</span> <span class='ocrx_word' id='word_1_49' title='bbox 717 928 751 975; x_wconf 83' lang='lat'>49</span> <span class='ocrx_word' id='word_1_50' title='bbox 771 917 888 994; x_wconf 89' lang='lat' dir='ltr'>dicitur,</span> <span class='ocrx_word' id='word_1_51' title='bbox 911 920 940 975; x_wconf 92' lang='lat' dir='ltr'>et</span> <span class='ocrx_word' id='word_1_52' title='bbox 959 917 1168 993; x_wconf 88' lang='lat' dir='ltr'>Thrasydacus</span> <span class='ocrx_word' id='word_1_53' title='bbox 1191 917 1263 994; x_wconf 90' lang='lat' dir='ltr'>ipse,</span> <span class='ocrx_word' id='word_1_54' title='bbox 1287 936 1354 976; x_wconf 89' lang='lat' dir='ltr'>cum</span> <span class='ocrx_word' id='word_1_55' title='bbox 1377 917 1408 975; x_wconf 91' lang='lat' dir='ltr'>in</span> <span class='ocrx_word' id='word_1_56' title='bbox 1432 917 1498 978; x_wconf 85' lang='lat' dir='ltr'>foco</span> <span class='ocrx_word' id='word_1_57' title='bbox 1523 918 1624 994; x_wconf 90' lang='lat' dir='ltr'>patris</span> 
     </span>
     <span class='ocr_line' id='line_1_7' title="bbox 345 1006 1624 1085; baseline -0.001 -19"><span class='ocrx_word' id='word_1_58' title='bbox 345 1026 485 1067; x_wconf 89' lang='lat' dir='ltr'>coronam</span> <span class='ocrx_word' id='word_1_59' title='bbox 510 1007 680 1082; x_wconf 79' lang='lat' dir='ltr'>deposuisse</span> <span class='ocrx_word' id='word_1_60' title='bbox 703 1026 731 1065; x_wconf 84' lang='lat' dir='ltr'>v.</span> <span class='ocrx_word' id='word_1_61' title='bbox 751 1019 784 1065; x_wconf 73' lang='lat'>14</span> <span class='ocrx_word' id='word_1_62' title='bbox 808 1006 934 1082; x_wconf 87' lang='lat' dir='ltr'>dicatur,</span> <span class='ocrx_word' id='word_1_63' title='bbox 964 1006 1096 1066; x_wconf 90' lang='lat' dir='ltr'>nondum</span> <span class='ocrx_word' id='word_1_64' title='bbox 1119 1007 1166 1064; x_wconf 90' lang='lat' dir='ltr'>sui</span> <span class='ocrx_word' id='word_1_65' title='bbox 1189 1006 1264 1065; x_wconf 92' lang='lat' dir='ltr'>iuris</span> <span class='ocrx_word' id='word_1_66' title='bbox 1288 1008 1353 1064; x_wconf 89' lang='lat' dir='ltr'>tum</span> <span class='ocrx_word' id='word_1_67' title='bbox 1376 1006 1467 1066; x_wconf 85' lang='lat' dir='ltr'>fuisse</span> <span class='ocrx_word' id='word_1_68' title='bbox 1490 1006 1624 1085; x_wconf 82' lang='lat' dir='ltr'>videtur,</span> 
     </span>
     <span class='ocr_line' id='line_1_8' title="bbox 344 1095 1624 1174; baseline 0.002 -21"><span class='ocrx_word' id='word_1_69' title='bbox 344 1115 405 1171; x_wconf 90' lang='lat' dir='ltr'>qua</span> <span class='ocrx_word' id='word_1_70' title='bbox 422 1099 550 1172; x_wconf 89' lang='lat' dir='ltr'>utraque</span> <span class='ocrx_word' id='word_1_71' title='bbox 569 1097 685 1156; x_wconf 90' lang='lat' dir='ltr'>ratione</span> <span class='ocrx_word' id='word_1_72' title='bbox 699 1095 760 1154; x_wconf 92' lang='lat' dir='ltr'>iam</span> <span class='ocrx_word' id='word_1_73' title='bbox 774 1115 969 1173; x_wconf 88' lang='lat' dir='ltr'>commoveor,</span> <span class='ocrx_word' id='word_1_74' title='bbox 987 1099 1024 1153; x_wconf 89' lang='lat' dir='ltr'>ut</span> <span class='ocrx_word' id='word_1_75' title='bbox 1040 1096 1101 1172; x_wconf 92' lang='lat' dir='ltr'>ipse</span> <span class='ocrx_word' id='word_1_76' title='bbox 1116 1116 1163 1154; x_wconf 88' lang='lat' dir='ltr'>me</span> <span class='ocrx_word' id='word_1_77' title='bbox 1178 1095 1325 1174; x_wconf 83' lang='lat' dir='ltr'>corrigam</span> <span class='ocrx_word' id='word_1_78' title='bbox 1339 1097 1370 1154; x_wconf 89' lang='lat' dir='ltr'>et</span> <span class='ocrx_word' id='word_1_79' title='bbox 1384 1115 1453 1154; x_wconf 91' lang='lat' dir='ltr'>cum</span> <span class='ocrx_word' id='word_1_80' title='bbox 1466 1096 1624 1172; x_wconf 87' lang='lat' dir='ltr'>plerisque</span> 
     </span>
     <span class='ocr_line' id='line_1_9' title="bbox 345 1184 1624 1262; baseline 0.001 -19"><span class='ocrx_word' id='word_1_81' title='bbox 345 1185 558 1261; x_wconf 77' lang='lat' dir='ltr'>interpretibus</span> <span class='ocrx_word' id='word_1_82' title='bbox 580 1186 635 1245; x_wconf 92' lang='lat' dir='ltr'>hoc</span> <span class='ocrx_word' id='word_1_83' title='bbox 659 1185 788 1245; x_wconf 90' lang='lat' dir='ltr'>carmine</span> <span class='ocrx_word' id='word_1_84' title='bbox 811 1185 940 1262; x_wconf 87' lang='lat' dir='ltr'>priorem</span> <span class='ocrx_word' id='word_1_85' title='bbox 958 1185 1116 1245; x_wconf 83' lang='lat' dir='ltr'>victoriam</span> <span class='ocrx_word' id='word_1_86' title='bbox 1135 1184 1331 1262; x_wconf 88' lang='lat' dir='ltr'>Thrasydaei,</span> <span class='ocrx_word' id='word_1_87' title='bbox 1355 1205 1381 1244; x_wconf 89' lang='lat' dir='ltr'>a.</span> <span class='ocrx_word' id='word_1_88' title='bbox 1401 1188 1465 1244; x_wconf 76' lang='lat'>478</span> <span class='ocrx_word' id='word_1_89' title='bbox 1489 1187 1624 1262; x_wconf 84' lang='lat' dir='ltr'>partam,</span> 
     </span>
     <span class='ocr_line' id='line_1_10' title="bbox 344 1272 1625 1351; baseline 0 -19"><span class='ocrx_word' id='word_1_90' title='bbox 344 1274 490 1333; x_wconf 86' lang='lat' dir='ltr'>illustrari</span> <span class='ocrx_word' id='word_1_91' title='bbox 513 1274 627 1333; x_wconf 87' lang='lat' dir='ltr'>ducam.</span> <span class='ocrx_word' id='word_1_92' title='bbox 667 1275 738 1333; x_wconf 88' lang='lat' dir='ltr'>Inde</span> <span class='ocrx_word' id='word_1_93' title='bbox 761 1279 879 1350; x_wconf 87' lang='lat' dir='ltr'>patrem</span> <span class='ocrx_word' id='word_1_94' title='bbox 902 1274 1085 1350; x_wconf 86' lang='lat' dir='ltr'>Thrasydaci</span> <span class='ocrx_word' id='word_1_95' title='bbox 1107 1274 1166 1350; x_wconf 87' lang='lat' dir='ltr'>bis,</span> <span class='ocrx_word' id='word_1_96' title='bbox 1190 1272 1348 1350; x_wconf 86' lang='lat' dir='ltr'>Olympiae</span> <span class='ocrx_word' id='word_1_97' title='bbox 1371 1292 1469 1351; x_wconf 84' lang='lat' dir='ltr'>cumr,</span> <span class='ocrx_word' id='word_1_98' title='bbox 1492 1274 1625 1350; x_wconf 88' lang='lat' dir='ltr'>Delphis</span> 
     </span>
     <span class='ocr_line' id='line_1_11' title="bbox 345 1362 1625 1441; baseline 0.002 -20"><span class='ocrx_word' id='word_1_99' title='bbox 345 1364 451 1441; x_wconf 91' lang='lat' dir='ltr'>stadio,</span> <span class='ocrx_word' id='word_1_100' title='bbox 473 1363 570 1423; x_wconf 90' lang='lat' dir='ltr'>filium</span> <span class='ocrx_word' id='word_1_101' title='bbox 592 1365 683 1423; x_wconf 89' lang='lat' dir='ltr'>semel</span> <span class='ocrx_word' id='word_1_102' title='bbox 705 1364 852 1439; x_wconf 85' lang='lat' dir='ltr'>Pythiade</span> <span class='ocrx_word' id='word_1_103' title='bbox 876 1366 916 1422; x_wconf 81' lang='lat'>28</span> <span class='ocrx_word' id='word_1_104' title='bbox 940 1389 982 1411; x_wconf 92' lang='lat'><em>=</em></span> <span class='ocrx_word' id='word_1_105' title='bbox 1007 1366 1071 1422; x_wconf 82' lang='grc'>478</span> <span class='ocrx_word' id='word_1_106' title='bbox 1096 1382 1122 1421; x_wconf 84' lang='lat' dir='ltr'>a.</span> <span class='ocrx_word' id='word_1_107' title='bbox 1142 1363 1209 1422; x_wconf 85' lang='lat' dir='ltr'>Chr.</span> <span class='ocrx_word' id='word_1_108' title='bbox 1233 1362 1330 1422; x_wconf 89' lang='lat' dir='ltr'>stadio</span> <span class='ocrx_word' id='word_1_109' title='bbox 1353 1363 1458 1423; x_wconf 87' lang='lat' dir='ltr'>vicisse</span> <span class='ocrx_word' id='word_1_110' title='bbox 1482 1364 1625 1423; x_wconf 83' lang='lat' dir='ltr'>versibus</span> 
     </span>
     <span class='ocr_line' id='line_1_12' title="bbox 343 1452 1625 1535; baseline 0.001 -25"><span class='ocrx_word' id='word_1_111' title='bbox 343 1463 450 1535; x_wconf 53' lang='grc' dir='ltr'><strong>ιιι-50</strong></span> <span class='ocrx_word' id='word_1_112' title='bbox 473 1452 635 1531; x_wconf 87' lang='lat' dir='ltr'>significari</span> <span class='ocrx_word' id='word_1_113' title='bbox 662 1453 807 1512; x_wconf 81' lang='lat' dir='ltr'>existimo.</span> <span class='ocrx_word' id='word_1_114' title='bbox 853 1452 917 1512; x_wconf 88' lang='lat' dir='ltr'>Hoc</span> <span class='ocrx_word' id='word_1_115' title='bbox 940 1473 1010 1512; x_wconf 85' lang='lat' dir='ltr'>vero</span> <span class='ocrx_word' id='word_1_116' title='bbox 1038 1455 1073 1510; x_wconf 92' lang='lat' dir='ltr'>ut</span> <span class='ocrx_word' id='word_1_117' title='bbox 1099 1453 1161 1511; x_wconf 89' lang='lat' dir='ltr'>iam</span> <span class='ocrx_word' id='word_1_118' title='bbox 1188 1455 1320 1510; x_wconf 89' lang='lat' dir='ltr'>statuam</span> <span class='ocrx_word' id='word_1_119' title='bbox 1343 1472 1403 1512; x_wconf 88' lang='lat' dir='ltr'>non</span> <span class='ocrx_word' id='word_1_120' title='bbox 1427 1453 1524 1513; x_wconf 92' lang='lat' dir='ltr'>solum</span> <span class='ocrx_word' id='word_1_121' title='bbox 1555 1453 1625 1528; x_wconf 87' lang='lat' dir='ltr'>ipsa</span> 
     </span>
     <span class='ocr_line' id='line_1_13' title="bbox 344 1541 1625 1619; baseline 0 -18"><span class='ocrx_word' id='word_1_122' title='bbox 344 1542 434 1601; x_wconf 89' lang='lat' dir='ltr'>verba</span> <span class='ocrx_word' id='word_1_123' title='bbox 457 1544 563 1617; x_wconf 87' lang='lat' dir='ltr'>poetae</span> <span class='ocrx_word' id='word_1_124' title='bbox 587 1545 705 1600; x_wconf 87' lang='lat' dir='ltr'>tantum</span> <span class='ocrx_word' id='word_1_125' title='bbox 728 1562 787 1602; x_wconf 93' lang='lat' dir='ltr'>non</span> <span class='ocrx_word' id='word_1_126' title='bbox 810 1542 957 1619; x_wconf 86' lang='lat' dir='ltr'>flagitant,</span> <span class='ocrx_word' id='word_1_127' title='bbox 981 1542 1032 1601; x_wconf 91' lang='lat' dir='ltr'>sed</span> <span class='ocrx_word' id='word_1_128' title='bbox 1055 1541 1145 1601; x_wconf 89' lang='lat' dir='ltr'>etiam</span> <span class='ocrx_word' id='word_1_129' title='bbox 1168 1541 1263 1601; x_wconf 88' lang='lat' dir='ltr'>totius</span> <span class='ocrx_word' id='word_1_130' title='bbox 1286 1542 1426 1600; x_wconf 88' lang='lat' dir='ltr'>carminis</span> <span class='ocrx_word' id='word_1_131' title='bbox 1448 1542 1540 1618; x_wconf 89' lang='lat' dir='ltr'>color,</span> <span class='ocrx_word' id='word_1_132' title='bbox 1568 1542 1625 1601; x_wconf 92' lang='lat' dir='ltr'>im·</span> 
     </span>
     <span class='ocr_line' id='line_1_14' title="bbox 342 1623 1625 1712; baseline 0.001 -23"><span class='ocrx_word' id='word_1_133' title='bbox 342 1631 446 1707; x_wconf 90' lang='lat' dir='ltr'>primis</span> <span class='ocrx_word' id='word_1_134' title='bbox 478 1630 651 1707; x_wconf 89' lang='lat' dir='ltr'>importuna</span> <span class='ocrx_word' id='word_1_135' title='bbox 679 1631 823 1709; x_wconf 82' lang='lat' dir='ltr'>digressio</span> <span class='ocrx_word' id='word_1_136' title='bbox 853 1631 974 1689; x_wconf 81' lang='lat' dir='ltr'>fabulae</span> <span class='ocrx_word' id='word_1_137' title='bbox 1005 1623 1153 1712; x_wconf 50' lang='lat' dir='ltr'>(li—37¹),</span> <span class='ocrx_word' id='word_1_138' title='bbox 1182 1631 1422 1705; x_wconf 80' lang='lat' dir='ltr'>metaphorarum</span> <span class='ocrx_word' id='word_1_139' title='bbox 1447 1631 1625 1707; x_wconf 86' lang='lat' dir='ltr'>frequentia</span> 
     </span>
     <span class='ocr_line' id='line_1_15' title="bbox 344 1714 1624 1801; baseline 0 -22"><span class='ocrx_word' id='word_1_140' title='bbox 344 1714 488 1801; x_wconf 76' lang='lat'>(38-40),</span> <span class='ocrx_word' id='word_1_141' title='bbox 507 1721 623 1779; x_wconf 87' lang='lat' dir='ltr'>dicendi</span> <span class='ocrx_word' id='word_1_142' title='bbox 643 1721 768 1779; x_wconf 88' lang='lat' dir='ltr'>audacia</span> <span class='ocrx_word' id='word_1_143' title='bbox 787 1714 847 1797; x_wconf 84' lang='lat' dir='ltr'>(vv.</span> <span class='ocrx_word' id='word_1_144' title='bbox 865 1732 888 1778; x_wconf 92' lang='lat'>1.</span> <span class='ocrx_word' id='word_1_145' title='bbox 909 1732 950 1778; x_wconf 67' lang='grc' dir='ltr'><strong>ιιι.</strong></span> <span class='ocrx_word' id='word_1_146' title='bbox 970 1714 1018 1787; x_wconf 66' lang='lat' dir='ltr'>aab</span> <span class='ocrx_word' id='word_1_147' title='bbox 1039 1720 1199 1778; x_wconf 83' lang='lat' dir='ltr'>iuvenilem</span> <span class='ocrx_word' id='word_1_148' title='bbox 1217 1722 1363 1779; x_wconf 86' lang='lat' dir='ltr'>fervorem</span> <span class='ocrx_word' id='word_1_149' title='bbox 1382 1720 1473 1779; x_wconf 90' lang='lat' dir='ltr'>animi</span> <span class='ocrx_word' id='word_1_150' title='bbox 1493 1721 1624 1795; x_wconf 83' lang='lat' dir='ltr'>prodere-</span> 
     </span>
     <span class='ocr_line' id='line_1_16' title="bbox 342 1808 1626 1887; baseline -0.001 -19"><span class='ocrx_word' id='word_1_151' title='bbox 342 1810 489 1868; x_wconf 85' lang='lat' dir='ltr'>videntur.</span> <span class='ocrx_word' id='word_1_152' title='bbox 528 1809 612 1879; x_wconf 82' lang='lat' dir='ltr'>Quod</span> <span class='ocrx_word' id='word_1_153' title='bbox 631 1814 732 1868; x_wconf 87' lang='lat' dir='ltr'>autem</span> <span class='ocrx_word' id='word_1_154' title='bbox 751 1810 889 1885; x_wconf 88' lang='lat' dir='ltr'>politicas</span> <span class='ocrx_word' id='word_1_155' title='bbox 906 1809 1038 1868; x_wconf 90' lang='lat' dir='ltr'>rationes</span> <span class='ocrx_word' id='word_1_156' title='bbox 1057 1809 1174 1887; x_wconf 83' lang='lat' dir='ltr'>attinet,</span> <span class='ocrx_word' id='word_1_157' title='bbox 1199 1809 1359 1885; x_wconf 87' lang='lat' dir='ltr'>optimates</span> <span class='ocrx_word' id='word_1_158' title='bbox 1378 1808 1521 1887; x_wconf 89' lang='lat' dir='ltr'>Thebani,</span> <span class='ocrx_word' id='word_1_159' title='bbox 1540 1809 1626 1869; x_wconf 89' lang='lat' dir='ltr'>inter</span> 
     </span>
     <span class='ocr_line' id='line_1_17' title="bbox 345 1898 1626 1975; baseline 0 -18"><span class='ocrx_word' id='word_1_160' title='bbox 345 1918 420 1974; x_wconf 72' lang='lat' dir='ltr'>(yuos</span> <span class='ocrx_word' id='word_1_161' title='bbox 439 1899 665 1975; x_wconf 89' lang='lat' dir='ltr'>Thrasydaeum</span> <span class='ocrx_word' id='word_1_162' title='bbox 683 1899 774 1956; x_wconf 85' lang='lat' dir='ltr'>fuisse</span> <span class='ocrx_word' id='word_1_163' title='bbox 798 1919 833 1957; x_wconf 81' lang='lat' dir='ltr'>cx</span> <span class='ocrx_word' id='word_1_164' title='bbox 855 1898 987 1958; x_wconf 77' lang='lat' dir='ltr'>versibus</span> <span class='ocrx_word' id='word_1_165' title='bbox 1011 1910 1116 1956; x_wconf 80' lang='lat'>50—58</span> <span class='ocrx_word' id='word_1_166' title='bbox 1140 1901 1273 1975; x_wconf 87' lang='lat' dir='ltr'>apparet,</span> <span class='ocrx_word' id='word_1_167' title='bbox 1297 1899 1387 1957; x_wconf 90' lang='lat' dir='ltr'>etiam</span> <span class='ocrx_word' id='word_1_168' title='bbox 1410 1901 1480 1974; x_wconf 90' lang='lat' dir='ltr'>post</span> <span class='ocrx_word' id='word_1_169' title='bbox 1503 1899 1626 1958; x_wconf 87' lang='lat' dir='ltr'>cladem</span> 
     </span>
     <span class='ocr_line' id='line_1_18' title="bbox 344 1987 1645 2065; baseline 0.002 -20"><span class='ocrx_word' id='word_1_170' title='bbox 344 1989 551 2047; x_wconf 87' lang='lat' dir='ltr'>Plataeensem</span> <span class='ocrx_word' id='word_1_171' title='bbox 570 1992 600 2046; x_wconf 84' lang='lat' dir='ltr'>et</span> <span class='ocrx_word' id='word_1_172' title='bbox 619 1988 785 2047; x_wconf 86' lang='lat' dir='ltr'>Pausaniae</span> <span class='ocrx_word' id='word_1_173' title='bbox 804 1988 836 2046; x_wconf 89' lang='lat' dir='ltr'>in</span> <span class='ocrx_word' id='word_1_174' title='bbox 855 1988 1010 2047; x_wconf 84' lang='lat' dir='ltr'>Thebanos</span> <span class='ocrx_word' id='word_1_175' title='bbox 1030 1988 1180 2046; x_wconf 83' lang='lat' dir='ltr'>infensum</span> <span class='ocrx_word' id='word_1_176' title='bbox 1203 1988 1336 2046; x_wconf 90' lang='lat' dir='ltr'>animum</span> <span class='ocrx_word' id='word_1_177' title='bbox 1354 1988 1451 2065; x_wconf 90' lang='lat' dir='ltr'>magis</span> <span class='ocrx_word' id='word_1_178' title='bbox 1470 1988 1509 2046; x_wconf 90' lang='lat' dir='ltr'>ad</span> <span class='ocrx_word' id='word_1_179' title='bbox 1528 1987 1645 2049; x_wconf 72' lang='lat' dir='ltr'>Lace.</span> 
     </span>
     <span class='ocr_line' id='line_1_19' title="bbox 344 2076 1626 2153; baseline 0.001 -17"><span class='ocrx_word' id='word_1_180' title='bbox 344 2078 516 2137; x_wconf 90' lang='lat' dir='ltr'>daemonios</span> <span class='ocrx_word' id='word_1_181' title='bbox 535 2097 626 2153; x_wconf 90' lang='lat' dir='ltr'>quam</span> <span class='ocrx_word' id='word_1_182' title='bbox 644 2077 682 2135; x_wconf 88' lang='lat' dir='ltr'>ad</span> <span class='ocrx_word' id='word_1_183' title='bbox 696 2078 891 2136; x_wconf 88' lang='lat' dir='ltr'>Athenienses</span> <span class='ocrx_word' id='word_1_184' title='bbox 909 2077 1067 2136; x_wconf 87' lang='lat' dir='ltr'>inclinasse</span> <span class='ocrx_word' id='word_1_185' title='bbox 1082 2080 1112 2135; x_wconf 91' lang='lat' dir='ltr'>et</span> <span class='ocrx_word' id='word_1_186' title='bbox 1127 2096 1145 2134; x_wconf 89' lang='lat' dir='ltr'>a</span> <span class='ocrx_word' id='word_1_187' title='bbox 1158 2076 1274 2136; x_wconf 88' lang='lat' dir='ltr'>foedere</span> <span class='ocrx_word' id='word_1_188' title='bbox 1290 2096 1358 2135; x_wconf 91' lang='lat' dir='ltr'>cum</span> <span class='ocrx_word' id='word_1_189' title='bbox 1374 2076 1626 2137; x_wconf 86' lang='lat' dir='ltr'>Lacedaemoniis</span> 
     </span>
     <span class='ocr_line' id='line_1_20' title="bbox 345 2166 1570 2243; baseline 0.001 -19"><span class='ocrx_word' id='word_1_190' title='bbox 345 2167 474 2226; x_wconf 89' lang='lat' dir='ltr'>ineundo</span> <span class='ocrx_word' id='word_1_191' title='bbox 498 2167 718 2226; x_wconf 85' lang='lat' dir='ltr'>restitutionem</span> <span class='ocrx_word' id='word_1_192' title='bbox 742 2186 862 2225; x_wconf 89' lang='lat' dir='ltr'>suarum</span> <span class='ocrx_word' id='word_1_193' title='bbox 887 2187 977 2243; x_wconf 91' lang='lat' dir='ltr'>opum</span> <span class='ocrx_word' id='word_1_194' title='bbox 1000 2184 1132 2243; x_wconf 88' lang='lat' dir='ltr'>sperasse</span> <span class='ocrx_word' id='word_1_195' title='bbox 1155 2166 1218 2225; x_wconf 85' lang='lat' dir='ltr'>veri</span> <span class='ocrx_word' id='word_1_196' title='bbox 1240 2166 1323 2224; x_wconf 90' lang='lat' dir='ltr'>haud</span> <span class='ocrx_word' id='word_1_197' title='bbox 1346 2166 1489 2225; x_wconf 90' lang='lat' dir='ltr'>dissimile</span> <span class='ocrx_word' id='word_1_198' title='bbox 1513 2170 1570 2226; x_wconf 89' lang='lat' dir='ltr'>est.</span> 
     </span>
    </p>

    <p class='ocr_par' dir='ltr' id='par_1_3' title="bbox 343 2255 1626 3672">
     <span class='ocr_line' id='line_1_21' title="bbox 434 2255 1625 2332; baseline 0.002 -19"><span class='ocrx_word' id='word_1_199' title='bbox 434 2258 559 2314; x_wconf 79' lang='lat' dir='ltr'>t&#39;arrnen</span> <span class='ocrx_word' id='word_1_200' title='bbox 583 2277 618 2315; x_wconf 82' lang='lat' dir='ltr'>ex</span> <span class='ocrx_word' id='word_1_201' title='bbox 641 2256 738 2314; x_wconf 89' lang='lat' dir='ltr'>tribus</span> <span class='ocrx_word' id='word_1_202' title='bbox 761 2256 898 2332; x_wconf 87' lang='lat' dir='ltr'>partibus</span> <span class='ocrx_word' id='word_1_203' title='bbox 923 2258 1047 2315; x_wconf 86' lang='lat' dir='ltr'>constat.</span> <span class='ocrx_word' id='word_1_204' title='bbox 1084 2255 1117 2313; x_wconf 93' lang='lat' dir='ltr'>In</span> <span class='ocrx_word' id='word_1_205' title='bbox 1137 2256 1234 2331; x_wconf 89' lang='lat' dir='ltr'>prima</span> <span class='ocrx_word' id='word_1_206' title='bbox 1256 2258 1350 2332; x_wconf 84' lang='lat' dir='ltr'>parto,</span> <span class='ocrx_word' id='word_1_207' title='bbox 1374 2275 1450 2332; x_wconf 90' lang='lat' dir='ltr'>quae</span> <span class='ocrx_word' id='word_1_208' title='bbox 1473 2256 1625 2331; x_wconf 87' lang='lat' dir='ltr'>prooemii</span> 
     </span>
     <span class='ocr_line' id='line_1_22' title="bbox 345 2338 1626 2425; baseline 0 -20"><span class='ocrx_word' id='word_1_209' title='bbox 345 2346 408 2405; x_wconf 90' lang='lat' dir='ltr'>vice</span> <span class='ocrx_word' id='word_1_210' title='bbox 428 2346 568 2424; x_wconf 88' lang='lat' dir='ltr'>fungitur</span> <span class='ocrx_word' id='word_1_211' title='bbox 582 2350 612 2405; x_wconf 90' lang='lat' dir='ltr'>ct</span> <span class='ocrx_word' id='word_1_212' title='bbox 625 2346 753 2422; x_wconf 85' lang='lat' dir='ltr'>primam</span> <span class='ocrx_word' id='word_1_213' title='bbox 772 2346 928 2404; x_wconf 87' lang='lat' dir='ltr'>triadicam</span> <span class='ocrx_word' id='word_1_214' title='bbox 946 2346 1117 2421; x_wconf 83' lang='lat' dir='ltr'>pericopam</span> <span class='ocrx_word' id='word_1_215' title='bbox 1136 2344 1328 2420; x_wconf 89' lang='lat' dir='ltr'>amplectitur</span> <span class='ocrx_word' id='word_1_216' title='bbox 1342 2338 1465 2425; x_wconf 76' lang='lat'>(1-16),</span> <span class='ocrx_word' id='word_1_217' title='bbox 1480 2345 1626 2405; x_wconf 79' lang='lat' dir='ltr'>heroicas</span> 
     </span>
     <span class='ocr_line' id='line_1_23' title="bbox 345 2434 1624 2513; baseline 0.001 -20"><span class='ocrx_word' id='word_1_218' title='bbox 345 2436 500 2494; x_wconf 80' lang='lat' dir='ltr'>Thebanos</span> <span class='ocrx_word' id='word_1_219' title='bbox 519 2440 607 2512; x_wconf 87' lang='lat' dir='ltr'>poeta</span> <span class='ocrx_word' id='word_1_220' title='bbox 627 2440 778 2512; x_wconf 88' lang='lat' dir='ltr'>convocat,</span> <span class='ocrx_word' id='word_1_221' title='bbox 797 2438 833 2493; x_wconf 90' lang='lat' dir='ltr'>ut</span> <span class='ocrx_word' id='word_1_222' title='bbox 851 2435 905 2493; x_wconf 90' lang='lat' dir='ltr'>sub</span> <span class='ocrx_word' id='word_1_223' title='bbox 920 2454 1076 2511; x_wconf 87' lang='lat' dir='ltr'>vesperum</span> <span class='ocrx_word' id='word_1_224' title='bbox 1090 2434 1121 2491; x_wconf 90' lang='lat' dir='ltr'>in</span> <span class='ocrx_word' id='word_1_225' title='bbox 1136 2435 1240 2492; x_wconf 87' lang='lat' dir='ltr'>fanum</span> <span class='ocrx_word' id='word_1_226' title='bbox 1253 2434 1415 2493; x_wconf 81' lang='lat' dir='ltr'>Ismeniam</span> <span class='ocrx_word' id='word_1_227' title='bbox 1431 2434 1624 2513; x_wconf 75' lang='lat' dir='ltr'>conveniant,</span> 
     </span>
     <span class='ocr_line' id='line_1_24' title="bbox 343 2523 1624 2601; baseline 0.001 -18"><span class='ocrx_word' id='word_1_228' title='bbox 343 2525 396 2583; x_wconf 89' lang='lat' dir='ltr'>ubi</span> <span class='ocrx_word' id='word_1_229' title='bbox 424 2544 492 2583; x_wconf 91' lang='lat' dir='ltr'>cum</span> <span class='ocrx_word' id='word_1_230' title='bbox 523 2525 654 2601; x_wconf 87' lang='lat' dir='ltr'>tripodes</span> <span class='ocrx_word' id='word_1_231' title='bbox 685 2524 768 2583; x_wconf 83' lang='lat' dir='ltr'>aurci</span> <span class='ocrx_word' id='word_1_232' title='bbox 799 2525 967 2600; x_wconf 89' lang='lat' dir='ltr'>antiquitus</span> <span class='ocrx_word' id='word_1_233' title='bbox 998 2523 1125 2599; x_wconf 88' lang='lat' dir='ltr'>depositi</span> <span class='ocrx_word' id='word_1_234' title='bbox 1156 2525 1266 2597; x_wconf 86' lang='lat' dir='ltr'>essent,</span> <span class='ocrx_word' id='word_1_235' title='bbox 1294 2523 1385 2582; x_wconf 86' lang='lat' dir='ltr'>etiam</span> <span class='ocrx_word' id='word_1_236' title='bbox 1409 2523 1624 2601; x_wconf 88' lang='lat' dir='ltr'>Thrasydaens</span> 
     </span>
     <span class='ocr_line' id='line_1_25' title="bbox 344 2612 1622 2690; baseline 0 -17"><span class='ocrx_word' id='word_1_237' title='bbox 344 2633 431 2673; x_wconf 91' lang='lat' dir='ltr'>suam</span> <span class='ocrx_word' id='word_1_238' title='bbox 453 2633 600 2690; x_wconf 90' lang='lat' dir='ltr'>coronam,</span> <span class='ocrx_word' id='word_1_239' title='bbox 625 2615 654 2671; x_wconf 92' lang='lat' dir='ltr'>in</span> <span class='ocrx_word' id='word_1_240' title='bbox 678 2633 782 2689; x_wconf 90' lang='lat' dir='ltr'>campo</span> <span class='ocrx_word' id='word_1_241' title='bbox 803 2612 932 2689; x_wconf 78' lang='lat' dir='ltr'>Cyrrhae</span> <span class='ocrx_word' id='word_1_242' title='bbox 952 2615 1144 2689; x_wconf 80' lang='lat' dir='ltr'>reportatam,</span> <span class='ocrx_word' id='word_1_243' title='bbox 1169 2612 1359 2688; x_wconf 88' lang='lat' dir='ltr'>depositurus</span> <span class='ocrx_word' id='word_1_244' title='bbox 1378 2612 1471 2672; x_wconf 86' lang='lat' dir='ltr'>luisse</span> <span class='ocrx_word' id='word_1_245' title='bbox 1489 2613 1622 2673; x_wconf 81' lang='lat' dir='ltr'>videtur.</span> 
     </span>
     <span class='ocr_line' id='line_1_26' title="bbox 346 2701 1622 2780; baseline 0.001 -19"><span class='ocrx_word' id='word_1_246' title='bbox 346 2702 484 2780; x_wconf 81' lang='lat' dir='ltr'>Cyrrhae,</span> <span class='ocrx_word' id='word_1_247' title='bbox 509 2723 585 2779; x_wconf 66' lang='lat' dir='ltr'>(puae</span> <span class='ocrx_word' id='word_1_248' title='bbox 610 2703 680 2761; x_wconf 90' lang='lat' dir='ltr'>olim</span> <span class='ocrx_word' id='word_1_249' title='bbox 704 2722 773 2778; x_wconf 87' lang='lat' dir='ltr'>pars</span> <span class='ocrx_word' id='word_1_250' title='bbox 796 2703 880 2780; x_wconf 88' lang='lat' dir='ltr'>regni</span> <span class='ocrx_word' id='word_1_251' title='bbox 904 2702 1035 2777; x_wconf 86' lang='lat' dir='ltr'>Pyladae</span> <span class='ocrx_word' id='word_1_252' title='bbox 1060 2704 1132 2779; x_wconf 90' lang='lat' dir='ltr'>erat,</span> <span class='ocrx_word' id='word_1_253' title='bbox 1155 2701 1305 2761; x_wconf 89' lang='lat' dir='ltr'>mentione</span> <span class='ocrx_word' id='word_1_254' title='bbox 1328 2701 1438 2761; x_wconf 88' lang='lat' dir='ltr'>iniecta</span> <span class='ocrx_word' id='word_1_255' title='bbox 1456 2705 1549 2778; x_wconf 88' lang='lat' dir='ltr'>poeta</span> <span class='ocrx_word' id='word_1_256' title='bbox 1569 2703 1622 2761; x_wconf 85' lang='lat' dir='ltr'>ad·</span> 
     </span>
     <span class='ocr_line' id='line_1_27' title="bbox 345 2782 1621 2872; baseline 0.003 -23"><span class='ocrx_word' id='word_1_257' title='bbox 345 2792 473 2868; x_wconf 90' lang='lat' dir='ltr'>ducitur,</span> <span class='ocrx_word' id='word_1_258' title='bbox 497 2793 584 2850; x_wconf 90' lang='lat' dir='ltr'>utin</span> <span class='ocrx_word' id='word_1_259' title='bbox 609 2792 738 2850; x_wconf 91' lang='lat' dir='ltr'>secunda</span> <span class='ocrx_word' id='word_1_260' title='bbox 762 2795 846 2867; x_wconf 90' lang='lat' dir='ltr'>parte</span> <span class='ocrx_word' id='word_1_261' title='bbox 870 2782 1319 2872; x_wconf 72' lang='lat' dir='ltr'>carminis(17—3t)fabulam</span> <span class='ocrx_word' id='word_1_262' title='bbox 1341 2791 1376 2849; x_wconf 93' lang='lat' dir='ltr'>de</span> <span class='ocrx_word' id='word_1_263' title='bbox 1397 2788 1501 2850; x_wconf 89' lang='lat' dir='ltr'>Oreste</span> <span class='ocrx_word' id='word_1_264' title='bbox 1525 2811 1621 2869; x_wconf 86' lang='lat' dir='ltr'>puero</span> 
     </span>
     <span class='ocr_line' id='line_1_28' title="bbox 346 2879 1622 2958; baseline 0.002 -19"><span class='ocrx_word' id='word_1_265' title='bbox 346 2881 477 2940; x_wconf 87' lang='lat' dir='ltr'>cruentis</span> <span class='ocrx_word' id='word_1_266' title='bbox 492 2880 746 2957; x_wconf 87' lang='lat' dir='ltr'>Clytaemnestrae</span> <span class='ocrx_word' id='word_1_267' title='bbox 766 2881 902 2940; x_wconf 89' lang='lat' dir='ltr'>manibus</span> <span class='ocrx_word' id='word_1_268' title='bbox 921 2902 975 2957; x_wconf 90' lang='lat' dir='ltr'>per</span> <span class='ocrx_word' id='word_1_269' title='bbox 989 2880 1149 2939; x_wconf 87' lang='lat' dir='ltr'>Arsinoam</span> <span class='ocrx_word' id='word_1_270' title='bbox 1166 2879 1314 2939; x_wconf 86' lang='lat' dir='ltr'>nutricem</span> <span class='ocrx_word' id='word_1_271' title='bbox 1328 2880 1481 2940; x_wconf 87' lang='lat' dir='ltr'>subtracto</span> <span class='ocrx_word' id='word_1_272' title='bbox 1496 2885 1537 2958; x_wconf 70' lang='lat' dir='ltr'>et,</span> <span class='ocrx_word' id='word_1_273' title='bbox 1551 2900 1622 2941; x_wconf 88' lang='lat' dir='ltr'>cum</span> 
     </span>
     <span class='ocr_line' id='line_1_29' title="bbox 346 2969 1621 3048; baseline 0.001 -20"><span class='ocrx_word' id='word_1_274' title='bbox 346 2971 376 3028; x_wconf 92' lang='lat' dir='ltr'>in</span> <span class='ocrx_word' id='word_1_275' title='bbox 404 2971 532 3045; x_wconf 89' lang='lat' dir='ltr'>patriam</span> <span class='ocrx_word' id='word_1_276' title='bbox 561 2970 710 3047; x_wconf 84' lang='lat' dir='ltr'>rediisset,</span> <span class='ocrx_word' id='word_1_277' title='bbox 739 2971 1008 3046; x_wconf 73' lang='lat' dir='ltr'>Clytaemnestram</span> <span class='ocrx_word' id='word_1_278' title='bbox 1035 2970 1274 3048; x_wconf 88' lang='lat' dir='ltr'>Aegisthumque</span> <span class='ocrx_word' id='word_1_279' title='bbox 1306 2969 1473 3029; x_wconf 87' lang='lat' dir='ltr'>trucidante</span> <span class='ocrx_word' id='word_1_280' title='bbox 1504 2970 1621 3045; x_wconf 84' lang='lat' dir='ltr'>prolixe</span> 
     </span>
     <span class='ocr_line' id='line_1_30' title="bbox 345 3058 1621 3137; baseline 0.001 -19"><span class='ocrx_word' id='word_1_281' title='bbox 345 3064 456 3136; x_wconf 89' lang='lat' dir='ltr'>narrat,</span> <span class='ocrx_word' id='word_1_282' title='bbox 475 3060 553 3119; x_wconf 91' lang='lat' dir='ltr'>unde</span> <span class='ocrx_word' id='word_1_283' title='bbox 574 3059 756 3119; x_wconf 83' lang='lat' dir='ltr'>Cassandrae</span> <span class='ocrx_word' id='word_1_284' title='bbox 775 3060 860 3118; x_wconf 90' lang='lat' dir='ltr'>triste</span> <span class='ocrx_word' id='word_1_285' title='bbox 879 3061 985 3137; x_wconf 88' lang='lat' dir='ltr'>fatum,</span> <span class='ocrx_word' id='word_1_286' title='bbox 1004 3059 1177 3137; x_wconf 83' lang='lat' dir='ltr'>Iphigeniae</span> <span class='ocrx_word' id='word_1_287' title='bbox 1201 3059 1351 3117; x_wconf 85' lang='lat' dir='ltr'>nefastam</span> <span class='ocrx_word' id='word_1_288' title='bbox 1373 3058 1621 3137; x_wconf 84' lang='lat' dir='ltr'>immolationem,</span> 
     </span>
     <span class='ocr_line' id='line_1_31' title="bbox 345 3146 1620 3226; baseline 0.001 -18"><span class='ocrx_word' id='word_1_289' title='bbox 345 3168 451 3209; x_wconf 90' lang='lat' dir='ltr'>causas</span> <span class='ocrx_word' id='word_1_290' title='bbox 471 3149 554 3226; x_wconf 89' lang='lat' dir='ltr'>impii</span> <span class='ocrx_word' id='word_1_291' title='bbox 574 3149 724 3225; x_wconf 89' lang='lat' dir='ltr'>parricidii</span> <span class='ocrx_word' id='word_1_292' title='bbox 745 3148 999 3224; x_wconf 86' lang='lat' dir='ltr'>Clytaemnestrac</span> <span class='ocrx_word' id='word_1_293' title='bbox 1017 3149 1137 3207; x_wconf 85' lang='lat' dir='ltr'>fabulae</span> <span class='ocrx_word' id='word_1_294' title='bbox 1157 3146 1271 3207; x_wconf 89' lang='lat' dir='ltr'>Orestis</span> <span class='ocrx_word' id='word_1_295' title='bbox 1290 3147 1464 3209; x_wconf 90' lang='lat' dir='ltr'>immisceat.</span> <span class='ocrx_word' id='word_1_296' title='bbox 1497 3148 1546 3207; x_wconf 89' lang='lat' dir='ltr'>Ab</span> <span class='ocrx_word' id='word_1_297' title='bbox 1564 3149 1620 3209; x_wconf 88' lang='lat' dir='ltr'>hac</span> 
     </span>
     <span class='ocr_line' id='line_1_32' title="bbox 346 3228 1619 3317; baseline 0.001 -21"><span class='ocrx_word' id='word_1_298' title='bbox 346 3239 527 3317; x_wconf 81' lang='lat' dir='ltr'>digressione</span> <span class='ocrx_word' id='word_1_299' title='bbox 551 3238 588 3296; x_wconf 90' lang='lat' dir='ltr'>ad</span> <span class='ocrx_word' id='word_1_300' title='bbox 611 3257 720 3297; x_wconf 91' lang='lat' dir='ltr'>munus</span> <span class='ocrx_word' id='word_1_301' title='bbox 744 3237 800 3297; x_wconf 92' lang='lat' dir='ltr'>sibi</span> <span class='ocrx_word' id='word_1_302' title='bbox 824 3238 989 3316; x_wconf 88' lang='lat' dir='ltr'>irrogatum</span> <span class='ocrx_word' id='word_1_303' title='bbox 1017 3255 1152 3296; x_wconf 82' lang='lat' dir='ltr'>reversus</span> <span class='ocrx_word' id='word_1_304' title='bbox 1177 3228 1325 3317; x_wconf 76' lang='lat'>(38-42),</span> <span class='ocrx_word' id='word_1_305' title='bbox 1356 3236 1387 3295; x_wconf 91' lang='lat' dir='ltr'>in</span> <span class='ocrx_word' id='word_1_306' title='bbox 1414 3236 1506 3296; x_wconf 85' lang='lat' dir='ltr'>tertia</span> <span class='ocrx_word' id='word_1_307' title='bbox 1534 3240 1619 3314; x_wconf 86' lang='lat' dir='ltr'>parta</span> 
     </span>
     <span class='ocr_line' id='line_1_33' title="bbox 346 3319 1620 3407; baseline -0.002 -20"><span class='ocrx_word' id='word_1_308' title='bbox 346 3328 484 3387; x_wconf 78' lang='lat' dir='ltr'>camrinis</span> <span class='ocrx_word' id='word_1_309' title='bbox 503 3319 637 3407; x_wconf 72' lang='lat' dir='ltr'>(la-04)</span> <span class='ocrx_word' id='word_1_310' title='bbox 657 3327 840 3402; x_wconf 90' lang='lat' dir='ltr'>Thrasydaei</span> <span class='ocrx_word' id='word_1_311' title='bbox 860 3327 984 3403; x_wconf 89' lang='lat' dir='ltr'>eiusque</span> <span class='ocrx_word' id='word_1_312' title='bbox 1007 3326 1101 3402; x_wconf 90' lang='lat' dir='ltr'>patris</span> <span class='ocrx_word' id='word_1_313' title='bbox 1120 3327 1261 3385; x_wconf 87' lang='lat' dir='ltr'>victorias</span> <span class='ocrx_word' id='word_1_314' title='bbox 1285 3325 1419 3384; x_wconf 89' lang='lat' dir='ltr'>illustrat</span> <span class='ocrx_word' id='word_1_315' title='bbox 1441 3329 1473 3384; x_wconf 92' lang='lat' dir='ltr'>et</span> <span class='ocrx_word' id='word_1_316' title='bbox 1494 3327 1620 3402; x_wconf 88' lang='lat' dir='ltr'>pudoris</span> 
     </span>
     <span class='ocr_line' id='line_1_34' title="bbox 346 3415 1619 3494; baseline 0.002 -21"><span class='ocrx_word' id='word_1_317' title='bbox 346 3417 501 3492; x_wconf 84' lang='lat' dir='ltr'>civilisque</span> <span class='ocrx_word' id='word_1_318' title='bbox 521 3416 682 3475; x_wconf 91' lang='lat' dir='ltr'>modestiae</span> <span class='ocrx_word' id='word_1_319' title='bbox 701 3417 821 3493; x_wconf 84' lang='lat' dir='ltr'>famam,</span> <span class='ocrx_word' id='word_1_320' title='bbox 841 3436 901 3494; x_wconf 74' lang='lat' dir='ltr'>ilua</span> <span class='ocrx_word' id='word_1_321' title='bbox 920 3416 1017 3475; x_wconf 88' lang='lat' dir='ltr'>maius</span> <span class='ocrx_word' id='word_1_322' title='bbox 1039 3415 1151 3475; x_wconf 91' lang='lat' dir='ltr'>bonum</span> <span class='ocrx_word' id='word_1_323' title='bbox 1170 3416 1382 3490; x_wconf 86' lang='lat' dir='ltr'>aparentibus</span> <span class='ocrx_word' id='word_1_324' title='bbox 1405 3415 1507 3474; x_wconf 90' lang='lat' dir='ltr'>liberis</span> <span class='ocrx_word' id='word_1_325' title='bbox 1531 3417 1619 3476; x_wconf 89' lang='lat' dir='ltr'>relin-</span> 
     </span>
     <span class='ocr_line' id='line_1_35' title="bbox 347 3504 1619 3583; baseline 0.002 -20"><span class='ocrx_word' id='word_1_326' title='bbox 347 3506 399 3582; x_wconf 82' lang='lat' dir='ltr'>qui</span> <span class='ocrx_word' id='word_1_327' title='bbox 422 3524 507 3581; x_wconf 86' lang='lat' dir='ltr'>posse</span> <span class='ocrx_word' id='word_1_328' title='bbox 531 3508 629 3582; x_wconf 87' lang='lat' dir='ltr'>negat,</span> <span class='ocrx_word' id='word_1_329' title='bbox 654 3507 794 3581; x_wconf 81' lang='lat' dir='ltr'>exemplis</span> <span class='ocrx_word' id='word_1_330' title='bbox 818 3506 903 3583; x_wconf 86' lang='lat' dir='ltr'>Iolai,</span> <span class='ocrx_word' id='word_1_331' title='bbox 926 3506 1023 3565; x_wconf 89' lang='lat' dir='ltr'>herois</span> <span class='ocrx_word' id='word_1_332' title='bbox 1047 3504 1189 3581; x_wconf 87' lang='lat' dir='ltr'>Thebani,</span> <span class='ocrx_word' id='word_1_333' title='bbox 1213 3509 1244 3563; x_wconf 91' lang='lat' dir='ltr'>ct</span> <span class='ocrx_word' id='word_1_334' title='bbox 1262 3504 1394 3565; x_wconf 89' lang='lat' dir='ltr'>Castoris</span> <span class='ocrx_word' id='word_1_335' title='bbox 1417 3504 1619 3583; x_wconf 86' lang='lat' dir='ltr'>Pollucisque,</span> 
     </span>
     <span class='ocr_line' id='line_1_36' title="bbox 346 3594 1012 3672; baseline 0.003 -19"><span class='ocrx_word' id='word_1_336' title='bbox 346 3596 469 3653; x_wconf 85' lang='lat' dir='ltr'>heroum</span> <span class='ocrx_word' id='word_1_337' title='bbox 492 3594 720 3672; x_wconf 87' lang='lat' dir='ltr'>Laconicorum,</span> <span class='ocrx_word' id='word_1_338' title='bbox 744 3595 848 3654; x_wconf 83' lang='lat' dir='ltr'>eximie</span> <span class='ocrx_word' id='word_1_339' title='bbox 871 3596 1012 3655; x_wconf 85' lang='lat' dir='ltr'>illustrat.</span> 
     </span>
    </p>

    <p class='ocr_par' dir='ltr' id='par_1_4' title="bbox 346 3682 1642 4924">
     <span class='ocr_line' id='line_1_37' title="bbox 436 3682 1620 3762; baseline 0.003 -21"><span class='ocrx_word' id='word_1_340' title='bbox 436 3683 545 3742; x_wconf 90' lang='lat' dir='ltr'>Totum</span> <span class='ocrx_word' id='word_1_341' title='bbox 573 3703 691 3743; x_wconf 92' lang='lat' dir='ltr'>carmen</span> <span class='ocrx_word' id='word_1_342' title='bbox 715 3704 733 3742; x_wconf 91' lang='lat' dir='ltr'>a</span> <span class='ocrx_word' id='word_1_343' title='bbox 756 3684 882 3744; x_wconf 85' lang='lat' dir='ltr'>victoria</span> <span class='ocrx_word' id='word_1_344' title='bbox 909 3684 1036 3762; x_wconf 82' lang='lat' dir='ltr'>Pythice</span> <span class='ocrx_word' id='word_1_345' title='bbox 1063 3684 1093 3742; x_wconf 94' lang='lat' dir='ltr'>in</span> <span class='ocrx_word' id='word_1_346' title='bbox 1122 3683 1251 3743; x_wconf 89' lang='lat' dir='ltr'>secunda</span> <span class='ocrx_word' id='word_1_347' title='bbox 1279 3686 1309 3741; x_wconf 89' lang='lat' dir='ltr'>et</span> <span class='ocrx_word' id='word_1_348' title='bbox 1336 3682 1512 3762; x_wconf 89' lang='lat' dir='ltr'>longissima</span> <span class='ocrx_word' id='word_1_349' title='bbox 1535 3686 1620 3761; x_wconf 82' lang='lat' dir='ltr'>parte</span> 
     </span>
     <span class='ocr_line' id='line_1_38' title="bbox 346 3772 1620 3851; baseline 0.002 -20"><span class='ocrx_word' id='word_1_350' title='bbox 346 3774 419 3832; x_wconf 86' lang='lat' dir='ltr'>adeo</span> <span class='ocrx_word' id='word_1_351' title='bbox 447 3772 588 3849; x_wconf 85' lang='lat' dir='ltr'>deflectit,</span> <span class='ocrx_word' id='word_1_352' title='bbox 617 3777 653 3830; x_wconf 90' lang='lat' dir='ltr'>ut</span> <span class='ocrx_word' id='word_1_353' title='bbox 679 3773 771 3831; x_wconf 87' lang='lat' dir='ltr'>fuisse</span> <span class='ocrx_word' id='word_1_354' title='bbox 800 3794 857 3833; x_wconf 88' lang='lat' dir='ltr'>non</span> <span class='ocrx_word' id='word_1_355' title='bbox 887 3774 1015 3851; x_wconf 67' lang='lat' dir='ltr'>miserm,</span> <span class='ocrx_word' id='word_1_356' title='bbox 1040 3773 1091 3850; x_wconf 90' lang='lat' dir='ltr'>qui</span> <span class='ocrx_word' id='word_1_357' title='bbox 1115 3772 1254 3832; x_wconf 88' lang='lat' dir='ltr'>interiore</span> <span class='ocrx_word' id='word_1_358' title='bbox 1278 3772 1408 3849; x_wconf 88' lang='lat' dir='ltr'>quodam</span> <span class='ocrx_word' id='word_1_359' title='bbox 1431 3773 1554 3834; x_wconf 87' lang='lat' dir='ltr'>vinculo</span> <span class='ocrx_word' id='word_1_360' title='bbox 1577 3774 1620 3833; x_wconf 87' lang='lat' dir='ltr'>di·</span> 
     </span>
     <span class='ocr_line' id='line_1_39' title="bbox 346 3861 1620 3941; baseline 0.001 -20"><span class='ocrx_word' id='word_1_361' title='bbox 346 3862 527 3941; x_wconf 87' lang='lat' dir='ltr'>gressionem</span> <span class='ocrx_word' id='word_1_362' title='bbox 550 3863 640 3920; x_wconf 86' lang='lat' dir='ltr'>istam</span> <span class='ocrx_word' id='word_1_363' title='bbox 663 3882 731 3922; x_wconf 90' lang='lat' dir='ltr'>curn</span> <span class='ocrx_word' id='word_1_364' title='bbox 754 3882 845 3921; x_wconf 89' lang='lat' dir='ltr'>causa</span> <span class='ocrx_word' id='word_1_365' title='bbox 867 3863 988 3921; x_wconf 84' lang='lat' dir='ltr'>victoris</span> <span class='ocrx_word' id='word_1_366' title='bbox 1011 3881 1152 3922; x_wconf 79' lang='lat' dir='ltr'>conexam</span> <span class='ocrx_word' id='word_1_367' title='bbox 1176 3861 1268 3919; x_wconf 89' lang='lat' dir='ltr'>fuisse</span> <span class='ocrx_word' id='word_1_368' title='bbox 1292 3862 1495 3936; x_wconf 88' lang='lat' dir='ltr'>opinarentur.</span> <span class='ocrx_word' id='word_1_369' title='bbox 1534 3862 1620 3933; x_wconf 83' lang='lat' dir='ltr'>Quod</span> 
     </span>
     <span class='ocr_line' id='line_1_40' title="bbox 346 3943 1621 4032; baseline 0.002 -23"><span class='ocrx_word' id='word_1_370' title='bbox 346 3956 448 4011; x_wconf 88' lang='lat' dir='ltr'>autem</span> <span class='ocrx_word' id='word_1_371' title='bbox 478 3955 567 4027; x_wconf 86' lang='lat' dir='ltr'>poete</span> <span class='ocrx_word' id='word_1_372' title='bbox 597 3952 659 4027; x_wconf 87' lang='lat' dir='ltr'>ipse</span> <span class='ocrx_word' id='word_1_373' title='bbox 683 3973 700 4010; x_wconf 92' lang='lat' dir='ltr'>a</span> <span class='ocrx_word' id='word_1_374' title='bbox 723 3956 805 4012; x_wconf 88' lang='lat' dir='ltr'>recta</span> <span class='ocrx_word' id='word_1_375' title='bbox 832 3952 881 4010; x_wconf 89' lang='lat' dir='ltr'>via</span> <span class='ocrx_word' id='word_1_376' title='bbox 909 3970 939 4009; x_wconf 89' lang='lat' dir='ltr'>se</span> <span class='ocrx_word' id='word_1_377' title='bbox 968 3951 1129 4011; x_wconf 88' lang='lat' dir='ltr'>declinasse</span> <span class='ocrx_word' id='word_1_378' title='bbox 1160 3952 1233 4010; x_wconf 90' lang='lat' dir='ltr'>dicit</span> <span class='ocrx_word' id='word_1_379' title='bbox 1263 3943 1406 4032; x_wconf 62' lang='lat' dir='ltr'>(aa-40),</span> <span class='ocrx_word' id='word_1_380' title='bbox 1437 3950 1492 4010; x_wconf 89' lang='lat' dir='ltr'>hoc</span> <span class='ocrx_word' id='word_1_381' title='bbox 1524 3952 1621 4031; x_wconf 82' lang='lat' dir='ltr'>magis</span> 
     </span>
     <span class='ocr_line' id='line_1_41' title="bbox 346 4040 1621 4119; baseline 0.002 -21"><span class='ocrx_word' id='word_1_382' title='bbox 346 4042 427 4119; x_wconf 87' lang='lat' dir='ltr'>leges</span> <span class='ocrx_word' id='word_1_383' title='bbox 454 4041 552 4100; x_wconf 89' lang='lat' dir='ltr'>iustae</span> <span class='ocrx_word' id='word_1_384' title='bbox 581 4043 803 4117; x_wconf 87' lang='lat' dir='ltr'>compositionis</span> <span class='ocrx_word' id='word_1_385' title='bbox 831 4041 982 4119; x_wconf 85' lang='lat' dir='ltr'>neglectas</span> <span class='ocrx_word' id='word_1_386' title='bbox 1010 4046 1144 4119; x_wconf 81' lang='lat' dir='ltr'>excusat,</span> <span class='ocrx_word' id='word_1_387' title='bbox 1173 4060 1265 4116; x_wconf 85' lang='lat' dir='ltr'>qnam</span> <span class='ocrx_word' id='word_1_388' title='bbox 1293 4040 1367 4098; x_wconf 92' lang='lat' dir='ltr'>nihil</span> <span class='ocrx_word' id='word_1_389' title='bbox 1391 4040 1505 4099; x_wconf 86' lang='lat' dir='ltr'>vinculi</span> <span class='ocrx_word' id='word_1_390' title='bbox 1529 4041 1621 4100; x_wconf 89' lang='lat' dir='ltr'>inter·</span> 
     </span>
     <span class='ocr_line' id='line_1_42' title="bbox 346 4130 1621 4208; baseline -0.001 -17"><span class='ocrx_word' id='word_1_391' title='bbox 346 4132 448 4191; x_wconf 90' lang='lat' dir='ltr'>cedere</span> <span class='ocrx_word' id='word_1_392' title='bbox 467 4131 576 4208; x_wconf 89' lang='lat' dir='ltr'>arguit.</span> <span class='ocrx_word' id='word_1_393' title='bbox 615 4130 679 4200; x_wconf 83' lang='lat' dir='ltr'>Quo</span> <span class='ocrx_word' id='word_1_394' title='bbox 703 4151 770 4190; x_wconf 92' lang='lat' dir='ltr'>cum</span> <span class='ocrx_word' id='word_1_395' title='bbox 793 4131 922 4205; x_wconf 74' lang='lat' dir='ltr'>accedat,</span> <span class='ocrx_word' id='word_1_396' title='bbox 947 4130 1027 4206; x_wconf 89' lang='lat' dir='ltr'>quod</span> <span class='ocrx_word' id='word_1_397' title='bbox 1051 4131 1080 4189; x_wconf 91' lang='lat' dir='ltr'>in</span> <span class='ocrx_word' id='word_1_398' title='bbox 1105 4132 1237 4189; x_wconf 85' lang='lat' dir='ltr'>extrema</span> <span class='ocrx_word' id='word_1_399' title='bbox 1261 4133 1345 4204; x_wconf 87' lang='lat' dir='ltr'>parte</span> <span class='ocrx_word' id='word_1_400' title='bbox 1368 4131 1458 4204; x_wconf 86' lang='lat' dir='ltr'>poeta</span> <span class='ocrx_word' id='word_1_401' title='bbox 1478 4149 1539 4188; x_wconf 91' lang='lat' dir='ltr'>non</span> <span class='ocrx_word' id='word_1_402' title='bbox 1557 4134 1621 4190; x_wconf 89' lang='lat' dir='ltr'>tam</span> 
     </span>
     <span class='ocr_line' id='line_1_43' title="bbox 347 4218 1620 4297; baseline -0.001 -18"><span class='ocrx_word' id='word_1_403' title='bbox 347 4221 492 4279; x_wconf 84' lang='lat' dir='ltr'>virtutem</span> <span class='ocrx_word' id='word_1_404' title='bbox 510 4223 541 4277; x_wconf 91' lang='lat' dir='ltr'>et</span> <span class='ocrx_word' id='word_1_405' title='bbox 558 4220 686 4297; x_wconf 81' lang='lat' dir='ltr'>gloriam</span> <span class='ocrx_word' id='word_1_406' title='bbox 705 4220 873 4297; x_wconf 82' lang='lat' dir='ltr'>gymnicam</span> <span class='ocrx_word' id='word_1_407' title='bbox 892 4220 998 4278; x_wconf 90' lang='lat' dir='ltr'>domus</span> <span class='ocrx_word' id='word_1_408' title='bbox 1016 4220 1146 4278; x_wconf 82' lang='lat' dir='ltr'>victricis</span> <span class='ocrx_word' id='word_1_409' title='bbox 1166 4219 1272 4277; x_wconf 89' lang='lat' dir='ltr'>laudat</span> <span class='ocrx_word' id='word_1_410' title='bbox 1290 4238 1381 4295; x_wconf 90' lang='lat' dir='ltr'>quam</span> <span class='ocrx_word' id='word_1_411' title='bbox 1400 4218 1620 4280; x_wconf 83' lang='lat' dir='ltr'>affectationem</span> 
     </span>
     <span class='ocr_line' id='line_1_44' title="bbox 347 4308 1620 4387; baseline -0.001 -18"><span class='ocrx_word' id='word_1_412' title='bbox 347 4309 514 4387; x_wconf 87' lang='lat' dir='ltr'>tyrannidis</span> <span class='ocrx_word' id='word_1_413' title='bbox 534 4309 695 4384; x_wconf 86' lang='lat' dir='ltr'>dissuadet,</span> <span class='ocrx_word' id='word_1_414' title='bbox 719 4310 824 4368; x_wconf 89' lang='lat' dir='ltr'>merito</span> <span class='ocrx_word' id='word_1_415' title='bbox 843 4329 889 4367; x_wconf 89' lang='lat' dir='ltr'>me</span> <span class='ocrx_word' id='word_1_416' title='bbox 909 4310 1006 4368; x_wconf 85' lang='lat' dir='ltr'>iudice</span> <span class='ocrx_word' id='word_1_417' title='bbox 1026 4308 1193 4368; x_wconf 80' lang='lat' dir='ltr'>Boeolrhins</span> <span class='ocrx_word' id='word_1_418' title='bbox 1213 4310 1276 4365; x_wconf 88' lang='lat' dir='ltr'>fata</span> <span class='ocrx_word' id='word_1_419' title='bbox 1295 4308 1400 4366; x_wconf 90' lang='lat' dir='ltr'>domus</span> <span class='ocrx_word' id='word_1_420' title='bbox 1420 4308 1620 4386; x_wconf 88' lang='lat' dir='ltr'>oligarchicae</span> 
     </span>
     <span class='ocr_line' id='line_1_45' title="bbox 348 4397 1620 4476; baseline -0.001 -18"><span class='ocrx_word' id='word_1_421' title='bbox 348 4398 530 4476; x_wconf 88' lang='lat' dir='ltr'>Thrasydaci</span> <span class='ocrx_word' id='word_1_422' title='bbox 554 4401 584 4455; x_wconf 87' lang='lat' dir='ltr'>et</span> <span class='ocrx_word' id='word_1_423' title='bbox 610 4397 708 4476; x_wconf 83' lang='lat' dir='ltr'>gentis</span> <span class='ocrx_word' id='word_1_424' title='bbox 733 4398 831 4475; x_wconf 90' lang='lat' dir='ltr'>regiae</span> <span class='ocrx_word' id='word_1_425' title='bbox 855 4398 1087 4475; x_wconf 76' lang='lat' dir='ltr'>Agamemnonis</span> <span class='ocrx_word' id='word_1_426' title='bbox 1114 4398 1239 4456; x_wconf 85' lang='lat' dir='ltr'>obscura</span> <span class='ocrx_word' id='word_1_427' title='bbox 1267 4397 1397 4472; x_wconf 89' lang='lat' dir='ltr'>quadam</span> <span class='ocrx_word' id='word_1_428' title='bbox 1423 4397 1620 4457; x_wconf 89' lang='lat' dir='ltr'>similitudine</span> 
     </span>
     <span class='ocr_line' id='line_1_46' title="bbox 348 4486 1621 4563; baseline -0.002 -16"><span class='ocrx_word' id='word_1_429' title='bbox 348 4490 507 4549; x_wconf 89' lang='lat' dir='ltr'>coniuncta</span> <span class='ocrx_word' id='word_1_430' title='bbox 530 4488 621 4545; x_wconf 86' lang='lat' dir='ltr'>luisse</span> <span class='ocrx_word' id='word_1_431' title='bbox 645 4486 814 4561; x_wconf 88' lang='lat' dir='ltr'>suspicatus</span> <span class='ocrx_word' id='word_1_432' title='bbox 837 4492 890 4546; x_wconf 83' lang='lat' dir='ltr'>est</span> <span class='ocrx_word' id='word_1_433' title='bbox 935 4488 1040 4563; x_wconf 90' lang='lat' dir='ltr'>Neque</span> <span class='ocrx_word' id='word_1_434' title='bbox 1069 4487 1170 4545; x_wconf 86' lang='lat' dir='ltr'>decrat</span> <span class='ocrx_word' id='word_1_435' title='bbox 1197 4505 1301 4562; x_wconf 89' lang='lat' dir='ltr'>causa,</span> <span class='ocrx_word' id='word_1_436' title='bbox 1329 4504 1382 4544; x_wconf 90' lang='lat' dir='ltr'>cur</span> <span class='ocrx_word' id='word_1_437' title='bbox 1405 4486 1519 4546; x_wconf 85' lang='lat' dir='ltr'>nobiles</span> <span class='ocrx_word' id='word_1_438' title='bbox 1543 4487 1621 4548; x_wconf 86' lang='lat' dir='ltr'>cives</span> 
     </span>
     <span class='ocr_line' id='line_1_47' title="bbox 348 4575 1622 4652; baseline 0.002 -18"><span class='ocrx_word' id='word_1_439' title='bbox 348 4577 504 4636; x_wconf 84' lang='lat' dir='ltr'>Thebanos</span> <span class='ocrx_word' id='word_1_440' title='bbox 527 4581 617 4652; x_wconf 87' lang='lat' dir='ltr'>poeta</span> <span class='ocrx_word' id='word_1_441' title='bbox 646 4576 683 4634; x_wconf 88' lang='lat' dir='ltr'>ad</span> <span class='ocrx_word' id='word_1_442' title='bbox 711 4575 886 4635; x_wconf 87' lang='lat' dir='ltr'>modestiam</span> <span class='ocrx_word' id='word_1_443' title='bbox 914 4576 1132 4652; x_wconf 87' lang='lat' dir='ltr'>cohortaretur,</span> <span class='ocrx_word' id='word_1_444' title='bbox 1161 4576 1279 4651; x_wconf 89' lang='lat' dir='ltr'>quando</span> <span class='ocrx_word' id='word_1_445' title='bbox 1308 4575 1389 4650; x_wconf 89' lang='lat' dir='ltr'>apud</span> <span class='ocrx_word' id='word_1_446' title='bbox 1417 4575 1622 4652; x_wconf 88' lang='lat' dir='ltr'>Thucydidem</span> 
     </span>
     <span class='ocr_line' id='line_1_48' title="bbox 348 4662 1621 4744; baseline 0.002 -21"><span class='ocrx_word' id='word_1_447' title='bbox 348 4685 383 4723; x_wconf 90' lang='lat'>111</span> <span class='ocrx_word' id='word_1_448' title='bbox 407 4677 440 4724; x_wconf 71' lang='lat' dir='ltr'>aa</span> <span class='ocrx_word' id='word_1_449' title='bbox 464 4666 597 4724; x_wconf 90' lang='lat' dir='ltr'>Thebani</span> <span class='ocrx_word' id='word_1_450' title='bbox 621 4665 677 4741; x_wconf 90' lang='lat' dir='ltr'>ipsi</span> <span class='ocrx_word' id='word_1_451' title='bbox 702 4665 737 4723; x_wconf 88' lang='lat' dir='ltr'>de</span> <span class='ocrx_word' id='word_1_452' title='bbox 761 4665 941 4741; x_wconf 88' lang='lat' dir='ltr'>reipublicae</span> <span class='ocrx_word' id='word_1_453' title='bbox 965 4670 1047 4724; x_wconf 86' lang='lat' dir='ltr'>statu</span> <span class='ocrx_word' id='word_1_454' title='bbox 1071 4666 1125 4724; x_wconf 86' lang='lat' dir='ltr'>hoc-</span> <span class='ocrx_word' id='word_1_455' title='bbox 1149 4665 1236 4724; x_wconf 92' lang='lat' dir='ltr'>modo</span> <span class='ocrx_word' id='word_1_456' title='bbox 1260 4667 1441 4741; x_wconf 86' lang='lat' dir='ltr'>queruntur:</span> <span class='ocrx_word' id='word_1_457' title='bbox 1469 4664 1541 4744; x_wconf 79' lang='grc' dir='ltr'>ὅπερ</span> <span class='ocrx_word' id='word_1_458' title='bbox 1563 4662 1621 4725; x_wconf 71' lang='grc' dir='ltr'>ἐστὶ</span> 
     </span>
     <span class='ocr_line' id='line_1_49' title="bbox 349 4750 1642 4839; baseline 0.003 -27"><span class='ocrx_word' id='word_1_459' title='bbox 349 4754 451 4832; x_wconf 82' lang='grc' dir='ltr'><strong>νόμοις</strong></span> <span class='ocrx_word' id='word_1_460' title='bbox 482 4751 534 4831; x_wconf 73' lang='grc' dir='ltr'>μὲν</span> <span class='ocrx_word' id='word_1_461' title='bbox 563 4751 612 4813; x_wconf 77' lang='lat' dir='ltr'>acl-</span> <span class='ocrx_word' id='word_1_462' title='bbox 644 4760 682 4836; x_wconf 83' lang='grc' dir='ltr'>τῷ</span> <span class='ocrx_word' id='word_1_463' title='bbox 712 4754 939 4839; x_wconf 62' lang='lat' dir='ltr'>cooperantem</span> <span class='ocrx_word' id='word_1_464' title='bbox 966 4752 1196 4829; x_wconf 78' lang='grc' dir='ltr'><em>ἐναντιώτατον,</em></span> <span class='ocrx_word' id='word_1_465' title='bbox 1225 4751 1370 4833; x_wconf 70' lang='grc' dir='ltr'>ἐγγυτάτω</span> <span class='ocrx_word' id='word_1_466' title='bbox 1401 4750 1432 4811; x_wconf 79' lang='grc' dir='ltr'>δὲ</span> <span class='ocrx_word' id='word_1_467' title='bbox 1463 4754 1642 4835; x_wconf 61' lang='lat' dir='ltr'>capricana*</span> 
     </span>
     <span class='ocr_line' id='line_1_50' title="bbox 350 4836 1096 4924; baseline 0 -22"><span class='ocrx_word' id='word_1_468' title='bbox 350 4843 506 4902; x_wconf 75' lang='grc' dir='ltr'><strong><em>δυναστεία</em></strong></span> <span class='ocrx_word' id='word_1_469' title='bbox 528 4841 634 4924; x_wconf 76' lang='grc' dir='ltr'><em>ὀλίγων</em></span> <span class='ocrx_word' id='word_1_470' title='bbox 657 4842 775 4924; x_wconf 76' lang='grc' dir='ltr'><em>ἀνδρῶν</em></span> <span class='ocrx_word' id='word_1_471' title='bbox 799 4836 854 4923; x_wconf 81' lang='grc' dir='ltr'><strong><em>εἶχε</em></strong></span> <span class='ocrx_word' id='word_1_472' title='bbox 878 4842 912 4902; x_wconf 81' lang='grc' dir='ltr'>τὰ</span> <span class='ocrx_word' id='word_1_473' title='bbox 933 4842 1096 4923; x_wconf 77' lang='grc' dir='ltr'><em>πράγματα.</em></span> 
     </span>
    </p>
   </div>
   <div class='ocr_carea' id='block_1_3' title="bbox 0 0 1728 5550">
    <p class='ocr_par' dir='ltr' id='par_1_5' title="bbox 0 0 1728 5550">
     <span class='ocr_line' id='line_1_51' title="bbox 0 0 1728 5550; baseline 0 0"><span class='ocrx_word' id='word_1_474' title='bbox 0 0 1728 5550; x_wconf 95' lang='lat' dir='ltr'> </span> 
     </span>
    </p>
   </div>
  </div>
 </body>
</html>
