3442 5550
761 388 910 439 PINDARI
927 387 1094 438 EPINICIA.

1330 545 1412 612 'Ave
1437 572 1478 630 γ.

379 668 448 731 τοῖς
471 657 533 740 γὰρ
558 654 738 739 ἐπέτραπεν
757 653 971 738 Οὐλυμπόνδ’
995 655 1056 718 ίὼν
1079 655 1208 736 θαητὸν
1230 653 1342 736 ἀγῶνα
1366 653 1478 738 νέμειν
1535 672 1568 719 oo

379 761 514 845 ἀνδρῶν
537 761 565 826 τ’
592 762 710 847 ἀρετᾶς
731 761 806 847 πέρι
829 760 884 826 καὶ
907 761 1142 847 ῥιμφαρμάτου

379 870 609 953 διφρηλασίας.
653 865 708 952 ἐμὲ
731 868 760 931 δ’
788 864 836 932 ὧν
858 869 925 951 πὰρ
949 869 1059 951 θυμὸς
1081 867 1213 951 ὀτρύνει
1237 868 1346 952 φόμεν
1365 867 1478 953 Ἐμμε-

929 976 1037 1050 νίδαις

382 1085 518 1168 Θήρωνί
545 1081 572 1146 τ’
600 1081 712 1146 ἐλθεῖν
740 1083 855 1163 κῦδος,
883 1081 1032 1145 εὐίππων
1059 1081 1224 1146 διδόντων
1252 1083 1478 1167 Τυνδαριδᾶν,
1534 1100 1567 1147 ῖο

929 1189 980 1253 ὅτι
1002 1191 1186 1252 πλείσταισι
1209 1192 1340 1273 βροτῶν

379 1296 517 1372 ξεινίαις
539 1296 661 1372 αὐτοὺς
684 1295 871 1380 ἐποίχονται
895 1294 1080 1378 τραπέζαις,

1341 1491 1409 1557 'Em
1432 1492 1478 1574 γ’.

379 1601 509 1683 εὐσεβεῖ
529 1600 645 1686 γνώμα
668 1599 897 1683 φυλάσσοντες
918 1598 1076 1682 μακάρων
1099 1600 1237 1675 τελετάς.

380 1710 411 1770 εἰ
432 1706 463 1770 δ’
489 1706 655 1791 ἀριστεύει
677 1703 738 1789 μὲν
756 1707 860 1791 ὕδωρ,
878 1706 1026 1770 κτεάνων
1044 1703 1081 1770 δὲ
1100 1708 1223 1790 χρυσὸς
1240 1705 1478 1788 αίδοιέστατον,
1534 1723 1567 1770 75

379 1823 444 1877 νῦν
466 1837 502 1895 γε
525 1815 608 1900 πρὸς
630 1812 784 1897 ἐσχατιὰν
810 1814 931 1898 Θήρων
954 1812 1123 1896 ἀρεταῖσιν
1147 1812 1271 1877 ίιειίνων
1294 1814 1428 1877 ἅπτεται

379 1927 516 1985 οἴκοθεν
530 1918 711 2004 Ἡρακλέος
729 1926 862 1985 σταλᾶν.
890 1921 927 1984 τὸ
946 1923 1059 2005 πόρσω
1079 1918 1110 1983 δ’
1131 1923 1199 1984 ἔστι
1218 1932 1337 2003 σοφοῖς
1355 1922 1479 2003 ἄβατον
1532 1937 1567 1982 no

288 2045 322 2091 45
376 2027 545 2111 κάσόφοις.
592 2029 632 2091 οὔ
656 2052 711 2092 νιν
735 2025 856 2104 διώξω·
878 2028 988 2103 κεινὸς
1011 2033 1090 2110 είην.

360 2245 402 2292 36.
423 2237 573 2306 ἐπέτρεπεν
593 2239 648 2292 01)
669 2270 700 2277 -
720 2244 762 2293 3ῖ.
783 2235 962 2307 ρἰφαρμσίτον
977 2238 1123 2306 antiquam
1137 2237 1287 2291 lectionem
1303 2237 1389 2291 fuisse
1403 2254 1437 2291 ex
1452 2236 1567 2291 scholiis

288 2310 405 2380 collegit
417 2310 512 2377 lehre,
531 2309 722 2364 Pindarschol.
737 2327 762 2363 rr
784 2342 815 2348 —
836 2315 878 2363 38.
898 2310 955 2377 πὰρ
970 2309 1041 2363 coni.
1056 2309 1181 2364 Boerkh:
1201 2314 1242 2383 πᾷ
1256 2314 1307 2375 (πα
1321 2311 1431 2374 ΑΜΒ)
1445 2311 1567 2363 ABoo

290 2386 320 2436 et
347 2380 447 2449 schol,
476 2382 524 2434 καλ
552 2381 623 2435 roni.
652 2381 790 2435 Schroler
818 2413 849 2421 κ-
879 2387 920 2436 39.
950 2383 1035 2443 κῦδος
1062 2379 1089 2449 γ’
1119 2381 1146 2434 Α
1175 2412 1208 2419 -
1237 2386 1279 2434 40.
1304 2381 1359 2446 ξεν.
1387 2381 1510 2435 ABCD
1535 2413 1565 2419 —

288 2459 331 2507 42.
358 2452 548 2515 αἰδοιέστατος
567 2454 594 2506 Α
623 2485 655 2492 -
684 2458 727 2506 43.
746 2471 777 2523 γε
796 2453 863 2507 BG:
883 2451 913 2506 δὲ
933 2452 996 2506 ΑΙ)
1024 2484 1056 2491 -
1086 2457 1128 2505 45.
1148 2473 1196 2520 μιν
1215 2455 1272 2520 (νιν
1292 2452 1340 2521 0¹)
1362 2453 1446 2507 0¹D:
1465 2452 1520 2522 μὴν
1540 2454 1565 2505 A

288 2528 321 2594 (c.
340 2523 437 2594 glossa
455 2525 502 2593 δὴ)
525 2524 609 2591 BO',
636 2524 672 2594 μὴ
700 2523 739 2578 0³
766 2523 926 2593 Mingarelli
954 2556 986 2562 -
1013 2532 1105 2586 κεῖνος
1132 2525 1195 2577 1)“ο
1214 2526 1243 2576 et
1262 2542 1286 2577 v.
1305 2523 1323 2577 l.
1344 2523 1443 2592 schol,
1472 2523 1568 2578 κεινὸν

288 2591 371 2665 οἷμον
390 2595 460 2649 coni.
480 2596 658 2650 Herwerden.
679 2628 711 2635 -

289 2738 348 2792 luto
367 2742 479 2808 pectore
499 2742 528 2792 et
546 2754 660 2808 corpore
678 2754 734 2791 non
753 2738 805 2791 sub
824 2737 962 2802 mammis,
982 2738 1031 2792 sed
1051 2755 1134 2808 supro
1153 2738 1260 2791 femora
1274 2737 1366 2792 cinoto
1381 2737 1449 2791 olim
1464 2738 1566 2792 efficie-

288 2809 400 2933 μόνον,
419 2827 590 2879 quamquem
608 2813 708 2880 postea
726 2826 802 2863 more
820 2812 930 2863 mutato
948 2809 1046 2863 Musae
1061 2810 1117 2864 alte
1133 2809 1242 2863 cinctae
1256 2809 1293 2863 ob
1308 2809 1463 2863 artificibus
1482 2827 1567 2879 pone·

309 2884 401 2936 antur.

361 2958 395 3006 38
415 2972 450 3007 ss.
479 2971 496 3006 a
515 2953 620 3007 fabulis
640 2952 678 3006 ad
696 2955 857 3023 praesentes
876 2969 920 3005 ree
939 2952 1014 3005 redit
1042 2984 1073 2991 —
1104 2956 1145 3006 38.
1171 2950 1363 3021 Ἐμμενίδαις·
1387 2951 1422 3004 de
1440 2951 1567 3006 Therone

290 3040 323 3078 ex
342 3024 428 3094 stirpe
447 3024 676 3078 Emmenidarum
694 3027 833 3110 prognato
848 3024 944 3076 confer
958 3024 989 3078 Ο.
1004 3043 1024 3075 11
1040 3042 1098 3093 arg.
1120 3056 1151 3062 -
1171 3029 1213 3076 41.
1234 3022 1355 3086 τελετάς·
1375 3023 1475 3078 schol:
1495 3027 1567 3077 τελε-

288 3095 339 3159 τὰς
357 3104 410 3150 νῦν
428 3095 478 3158 τὰς
497 3095 606 3163 ἑορτάς·
626 3097 659 3149 οὐ
679 3117 731 3164 γαρ
750 3096 785 3149 τὰ
805 3095 893 3164 ὄργια.
923 3095 1029 3149 Similis
1048 3094 1179 3149 vocabuli
1197 3094 1275 3149 notio
1295 3098 1337 3148 est
1357 3093 1433 3149 0.51.
1455 3095 1566 3149 Rutu.

289 3167 323 3223 N.
334 3187 352 3220 x
361 3185 388 3222 ει
408 3200 439 3206 -
460 3173 493 3220 42
505 3185 540 3222 ss.
561 3166 647 3220 simili
666 3167 832 3234 gradatione
852 3169 936 3236 poeta
951 3166 1055 3220 0.1in.
1071 3183 1137 3218 usus
1152 3169 1204 3231 est,
1219 3166 1261 3220 ita
1274 3169 1378 3233 tomen,
1392 3169 1425 3218 ut
1438 3165 1490 3218 hor·
1505 3166 1567 3220 loro

289 3239 449 3293 accuratius
478 3238 632 3291 utilitatem
651 3239 813 3306 (ἀριστεύει)
832 3241 862 3291 et
886 3255 952 3307 opes
972 3238 1118 3305 (κτεάνων)
1137 3239 1166 3290 et
1188 3236 1322 3290 virtutem
1341 3238 1505 3306 (ἀρεταῖσιν)
1524 3236 1567 3290 di-

290 3310 452 3381 stingueret.
490 3309 640 3364 Columnas
662 3308 790 3363 Herculis
814 3309 948 3363 terminos
972 3309 1047 3363 orbis
1070 3312 1208 3364 terrorum
1227 3312 1256 3363 et
1274 3307 1454 3362 consiliorum
1477 3307 1567 3362 bomi-

290 3398 357 3434 num
376 3398 436 3435 esse
455 3381 621 3435 similitere
661 3381 720 3433 onit
749 3380 876 3436 N.1u21.
905 3381 1012 3435 Lmno
1032 3412 1063 3420 -
1083 3386 1125 3434 43.
1146 3388 1198 3433 νῦν
1217 3399 1260 3449 γε·
1280 3381 1315 3435 cf.
1335 3380 1445 3434 0.ιιοιι
1464 3389 1518 3434 τῶν
1537 3398 1567 3449 γε

290 3461 351 3519 νῦν,
370 3470 425 3520 quo
444 3452 572 3507 homiues
586 3470 623 3520 qu
656 3470 685 3504 es
699 3469 773 3505 nuno
787 3457 852 3506 sunt
867 3452 999 3507 heroibus
1013 3455 1193 3521 opponuntur
1212 3484 1244 3491 —
1265 3457 1306 3506 44.
1325 3451 1442 3505 οἴκοθεν
1456 3450 1569 3505 eddidit

290 3523 327 3576 ad
345 3523 552 3594 longitudinem
571 3522 680 3577 itineris
700 3523 914 3593 significandam
943 3557 974 3563 -
1004 3529 1046 3577 lo.
1075 3523 1168 3585 κεινὸς
1186 3523 1259 3592 είην·
1284 3523 1380 3586 νενεὸς
1398 3520 1435 3576 ἂν
1454 3523 1523 3591 εἴην,
1543 3522 1572 3576 εί

292 3615 336 3649 νιν
355 3594 384 3663 (i.
405 3612 427 3648 e.
447 3594 479 3648 τὸ
502 3593 606 3664 πόρσω)
625 3596 755 3663 διώκοιμι
773 3595 931 3650 Boeckhius
950 3595 1158 3664 interpretatur.
1196 3598 1234 3648 At
1262 3593 1382 3648 alterurn
1410 3593 1568 3663 exemplum

290 3665 411 3720 omissae
427 3664 583 3735 liartioulae
599 3665 635 3719 ἂν
650 3666 681 3720 Ο.
697 3686 724 3718 x1
739 3683 764 3720 ει
778 3667 887 3720 Lehrsii
905 3666 981 3720 felici
1001 3665 1162 3720 coniectura
1179 3670 1317 3720 remotum
1335 3668 1386 3732 est,
1406 3669 1435 3719 et
1453 3665 1567 3719 tertium

290 3738 318 3791 l'.
330 3757 357 3789 ιν
368 3756 406 3791 ιιιΔ
421 3736 574 3791 Herrnuuni
589 3738 634 3805 (de
649 3737 788 3807 particule
803 3739 848 3806 ἄν,
863 3737 893 3790 in
908 3737 1008 3807 Opuso.
1019 3756 1048 3791 ετ
1058 3740 1108 3806 ιοε)
1122 3737 1291 3803 coniectura,
1301 3754 1357 3791 non
1366 3736 1502 3791 librorum
1513 3736 1568 3789 lide

290 3808 403 3875 nititur;
423 3825 495 3877 quoe
510 3812 605 3862 alitem
620 3811 766 3878 praeterea
781 3810 936 3862 afferuntur
950 3808 1078 3879 exemplu
1093 3808 1124 3865 (l,
1137 3829 1165 3862 rx
1178 3826 1205 3865 εο
1219 3814 1248 3863 et
1266 3809 1296 3864 P.
1310 3827 1338 3862 ιι
1352 3825 1378 3862 uo
1391 3825 1448 3862 non
1462 3806 1568 3860 similia

290 3882 363 3933 sunt.
401 3880 516 3933 Rectim
536 3880 624 3951 ign'tur
643 3879 862 3934 Gildersleeviue
880 3885 1043 3950 comparato
1061 3881 1125 3949 Lys.
1145 3899 1183 3936 or.
1203 3899 1238 3949 ει,
1257 3898 1282 3936 εε
1300 3877 1452 3950 μαινοίμην
1471 3884 1524 3948 γὰρ
1544 3879 1569 3931 εί

289 3947 467 4020 ἀναλίσκοιμι
488 3952 647 4020 optativum
666 3950 802 4020 explieat:
822 3954 915 4005 urente
929 3970 1041 4006 caenum
1055 3971 1099 4006 me
1115 3953 1220 4022 dieunt,
1235 3952 1259 4005 si
1272 3950 1459 4021 impossibilia
1475 3967 1567 4004 vener.
