3442 5550
570 413 604 468 ll.
632 412 682 466 Dll
700 414 971 469 annumeratos
989 414 1145 470 PINDARI.
1414 412 1501 471 XLIX

214 599 290 643 esse
318 581 453 643 statuas.
498 576 607 662 Atque
629 577 712 644 haec
734 578 897 644 sententia
918 600 1116 666 magnopere
1138 579 1264 663 placuit
1288 578 1503 665 Westphalio,

215 685 275 770 qui
299 685 422 750 multus
440 685 504 751 fuit
523 686 557 751 in
574 685 737 772 rhythmis
755 686 958 773 longioribus
979 686 1019 752 ad
1038 687 1209 771 primarias
1228 690 1372 753 rationes
1392 687 1504 773 rhyth-

217 793 322 858 micas
354 793 551 858 revocandis.
609 793 723 879 Neque
755 815 816 879 ego
848 794 1062 880 intercedam,
1094 794 1122 859 si
1155 795 1229 879 quis
1261 796 1340 861 haec
1371 795 1505 860 subtilia

218 898 408 965 discrimina
435 900 559 966 ictuum
586 900 686 964 etiam
709 900 885 984 deperditis
909 901 1042 967 musicis
1067 902 1171 967 modis
1194 903 1504 988 percussionumque

218 993 325 1093 signis
352 1008 485 1072 auribus
512 1007 676 1092 percipere
704 1008 835 1092 poterit.
881 1006 943 1073 Sed
974 1015 1012 1073 ut
1035 1010 1122 1093 quod
1145 1010 1284 1075 sentiam
1307 1010 1408 1075 libere
1432 1032 1505 1095 pro-

219 1114 328 1198 fitear,
355 1137 484 1181 omnem
511 1116 608 1180 istam
637 1115 818 1180 doctrinam
846 1115 1107 1200 rhythmicorum
1134 1118 1238 1203 magis
1263 1118 1430 1183 subtiliter
1452 1141 1504 1182 ex·

219 1222 398 1308 cogitatam
422 1227 519 1306 atque
541 1222 576 1287 in
598 1227 740 1306 systema
759 1222 923 1288 redactam
942 1245 1038 1307 quam
1056 1246 1095 1288 ex
1114 1246 1176 1288 usu
1197 1224 1396 1290 musicorum
1416 1247 1504 1309 repe

219 1329 317 1393 tilam
348 1352 418 1394 esse
450 1335 538 1412 puto.
586 1328 718 1393 Etenim
751 1352 825 1394 cum
856 1329 923 1394 iam
955 1330 1147 1415 tetrapodici
1178 1332 1243 1396 coli
1270 1337 1345 1396 utra
1371 1331 1503 1417 dipodia

220 1437 368 1520 graviore
391 1436 458 1501 ictu
480 1435 691 1519 percutienda
713 1436 758 1501 sit
780 1458 894 1521 parum
918 1441 1060 1523 constet,
1083 1439 1162 1522 quin
1186 1439 1285 1503 etiam
1306 1439 1428 1505 fuerint
1446 1439 1503 1523 qui

220 1542 424 1627 dipodiarum
441 1542 600 1608 iambicse
620 1547 653 1607 et
669 1543 796 1610 ionicae
816 1543 951 1609 alteram
970 1544 1102 1630 longam
1120 1545 1230 1630 potius
1249 1567 1345 1629 quam
1359 1546 1503 1630 priorem

219 1649 288 1714 ictu
320 1655 525 1734 percuterent
537 1648 562 1735 ¹)
568 1702 577 1736 ,
614 1673 678 1735 quo
710 1652 843 1716 tandem
874 1650 995 1716 indicio
1026 1652 1063 1714 in
1094 1652 1221 1717 senario
1255 1654 1327 1718 colo
1359 1639 1501 1719 iambico

221 1756 395 1822 diiudicare
415 1758 563 1843 audebis,
581 1757 746 1841 primaene
765 1758 913 1843 dipodiac
933 1780 975 1821 an
994 1759 1153 1823 secundae
1172 1781 1214 1823 an
1233 1759 1370 1844 denique
1385 1760 1501 1825 tertiae

221 1862 304 1929 ictus
328 1863 443 1929 ceteris
466 1864 705 1949 praevaluerit?
742 1863 812 1940 Qua
835 1864 873 1928 de
897 1886 995 1929 causa
1019 1865 1166 1949 equidem
1185 1865 1220 1930 in
1238 1889 1277 1932 eo
1296 1866 1501 1950 acquiescere

222 1970 320 2054 malo,
343 1973 381 2034 ut
403 1969 524 2053 duplici
547 1970 613 2034 iata
630 1971 800 2035 notatione
818 1971 927 2055 plures
947 1971 1094 2055 dipodias
1112 1972 1148 2036 in
1165 1994 1267 2037 unum
1286 1974 1394 2039 colum
1413 1995 1501 2039 com-

221 2077 461 2162 prehendendas
480 2099 551 2143 esse
571 2077 765 2164 significem,
788 2080 868 2142 fines
888 2083 996 2143 autem
1016 2079 1236 2146 membrorum
1254 2102 1322 2146 non
1340 2086 1407 2145 tam
1427 2082 1502 2146 arti·

222 2183 333 2249 ficiosa
357 2184 423 2249 ista
450 2184 660 2249 distinctione
686 2185 811 2251 ictuum
841 2208 937 2269 quam
965 2186 1054 2251 vocis
1083 2187 1306 2254 modulatione
1330 2192 1364 2253 et
1386 2211 1500 2253 cursus

222 2292 438 2356 retardatione
462 2292 613 2356 definitos
636 2314 706 2358 esse
730 2292 921 2358 existimem.

308 2397 361 2461 De
395 2397 580 2495 lEQffiS
617 2399 785 2485 dipodiis
822 2400 1022 2464 immixtis.
1078 2400 1297 2467 Gravissimos
1330 2403 1501 2487 scrupulos

223 2504 313 2569 nobis
346 2491 452 2570 metra
483 2487 763 2572 ad*niimerorum
787 2493 882 2572 'vices
914 2508 1142 2574 revocantibus
1170 2509 1331 2593 tripodiae
1360 2515 1501 2575 movent.

224 2608 266 2675 Ut
284 2612 370 2677 enim
388 2613 424 2677 in
443 2613 645 2699 simplicibus
663 2615 799 2700 pedibus
818 2615 928 2699 aequis
942 2615 1122 2681 intervallis
1137 2615 1274 2682 elevatio
1289 2622 1322 2682 et
1336 2616 1500 2702 depressio

224 2719 306 2784 vocis
330 2720 478 2804 redeunt,
503 2720 607 2786 sicin
630 2722 820 2807 compositis
844 2744 972 2806 quoque
994 2723 1132 2807 pedibus
1155 2724 1239 2789 ratio
1263 2730 1360 2808 atque
1383 2730 1501 2790 natura

223 2824 363 2910 rhythmi
387 2827 535 2912 flagitare
558 2828 701 2914 videtur,
721 2833 759 2893 ut
782 2830 946 2915 graviores
971 2852 1052 2914 quos
1077 2831 1172 2895 modo
1191 2832 1395 2897 definivimus
1414 2832 1499 2897 ictus

224 2933 351 3016 paribus
374 2933 555 2999 intervallis
577 2935 664 3000 inter
687 2958 720 3001 se
744 2935 874 3002 distent.
911 2937 1020 3022 Atque
1039 2936 1135 3021 plane
1154 2938 1215 3003 hoc
1234 2939 1273 3002 fit
1290 2939 1325 3002 in
1344 2939 1500 3022 versibus,

225 3041 336 3123 quiex
360 3040 440 3106 solis
464 3041 604 3127 dipodiis
629 3047 794 3129 constant,
816 3044 906 3108 velut
928 3044 963 3107 in
986 3066 1081 3109 versu
1105 3042 1311 3109 Stesichoreo

455 3281 577 3363 Δωρίῳ
601 3277 720 3359 φωνὰν
743 3274 918 3361 ἐναρμόξαι
942 3278 1064 3364 πεδίλῳ
1088 3273 1261 3362 (0.1115).

226 3396 332 3482 Neque
361 3399 418 3483 qui
445 3421 484 3464 ex
512 3399 591 3464 solis
620 3400 769 3485 tripodiis
798 3405 950 3466 constant
971 3424 1097 3486 versus,
1125 3406 1162 3466 ut
1185 3401 1379 3487 dochmiaci,
1409 3403 1496 3487 quid·

223 3526 314 3587 quam
332 3506 459 3591 negotii
477 3507 651 3572 lacessunt.
687 3507 778 3572 Idem
796 3513 905 3573 autem
925 3508 1086 3592 quomodo
1105 3508 1175 3572 fieri
1189 3514 1299 3593 potest
1313 3510 1498 3575 commixtis

222 3612 367 3697 tripodiis
401 3618 434 3678 et
465 3613 618 3699 dipodiis,
649 3614 808 3700 siquidem
837 3614 984 3700 primarii
1011 3614 1096 3680 ictus
1128 3615 1163 3679 in
1191 3616 1330 3701 dipodiis
1363 3640 1432 3702 sex,
1460 3618 1496 3681 in

223 3719 367 3805 tripodiis
403 3742 520 3785 novem
557 3726 742 3806 temporum
772 3722 947 3787 intervallo
985 3721 1131 3786 distant?
1186 3721 1279 3798 Quod
1320 3728 1429 3788 autem
1464 3724 1498 3787 in

223 3849 324 3892 rerum
348 3832 467 3893 natura
489 3827 633 3914 positum
657 3852 726 3895 csse
750 3830 891 3915 videtur,
914 3829 946 3894 id
969 3829 1173 3914 praecipiunt
1195 3830 1294 3893 etiam
1312 3829 1499 3915 rhythmici,

223 3954 290 3999 cum
318 3935 466 4020 dipodias
494 3935 649 4022 ῥυθμοὺς
677 3935 713 4002 ἐν
741 3942 801 4025 ἴσῳ
831 3939 933 4024 λόγῳ,
961 3935 1119 4021 tripodias
1148 3936 1302 4020 ῥυθμοὺς
1325 3937 1362 4001 ἐν
1385 3938 1499 4003 διπλα-

223 4044 305 4106 σίονι
330 4045 419 4129 λόγῳ
443 4063 513 4106 esse
537 4042 662 4107 dicunt:

387 4167 734 4235 ,subvehere
823 4168 1331 4236 cerciavelrczcrc.

221 4286 262 4355 At
284 4312 424 4377 magnus
447 4291 481 4355 in
499 4290 631 4355 Pindari
656 4291 853 4356 carminibus
876 4314 1030 4357 numerus
1054 4313 1166 4356 eorum
1185 4314 1335 4357 versuum
1355 4299 1419 4379 est,
1443 4295 1499 4379 qui

221 4416 283 4462 non
301 4420 341 4462 ex
365 4398 444 4463 solis
468 4398 607 4483 dipodiis
631 4399 681 4463 vel
705 4399 784 4464 solis
808 4399 959 4484 tripodiis
978 4404 1144 4483 constant,
1167 4400 1222 4464 sed
1242 4400 1381 4485 dipodiis
1401 4401 1501 4493 tripo-

223 4501 287 4569 dias
315 4504 477 4570 admixtas
504 4505 637 4571 habent.
683 4506 768 4583 Quid
783 4507 898 4593 'igitur
924 4528 984 4571 nos
1012 4507 1117 4572 facere
1142 4507 1293 4591 oportet?
1339 4504 1500 4572 Conceda-

223 4632 332 4678 musne
357 4612 489 4678 Pindari
516 4636 628 4679 versus
657 4613 842 4698 aperlecta
864 4612 921 4678 illa
944 4615 1158 4696 omnibusque
1181 4614 1323 4679 numeris
1348 4615 1500 4680 absoluta

307 4811 334 4875 1)
355 4806 432 4862 (lons.
461 4807 564 4862 librum
590 4823 684 4861 meum
713 4807 747 4861 de
775 4807 892 4861 metrica
921 4812 981 4861 arte
1005 4810 1093 4874 §90¹
1121 4812 1150 4863 et
1175 4807 1299 4878 lapidem
1322 4806 1498 4863 Trallianum

225 4877 331 4931 musicis
351 4877 426 4932 notis
444 4878 610 4950 inscriptum
630 4879 706 4950 apud
724 4878 853 4934 Crusium
871 4879 1035 4947 Philolai,
1052 4886 1110 4936 161.

272 4977 397 5018 Punuca
411 4978 446 5019 ed
460 4978 565 5020 christ.
1267 4970 1285 5022 d
