3442 5550
745 382 878 452 [asam
898 381 957 451 xa]

265 541 303 610 εὖ
327 543 358 609 δ’
384 543 535 629 ἑταίρους
558 544 668 629 ἀγλαῷ
692 544 824 631 σκάπτῳ
847 543 961 626 πέλας,

232 652 302 715 σοί
322 669 358 716 σε
381 656 606 737 γεραίροντες
628 651 682 735 ὀρ-

311 760 380 824 θάν
403 759 626 842 φυλάσσοισιν
654 757 810 840 Τένεδον,

269 975 373 1039 πολλὰ
396 970 457 1058 μὲν
481 976 647 1057 λοιβαῖσιν
670 972 863 1057 ἀγαζόμενοι
886 973 1021 1057 πρώταν
1043 978 1149 1053 θεῶν,
1290 970 1373 1036 Ἀντ.
1392 970 1436 1036 α’.

266 1082 371 1147 πολλὰ
394 1077 431 1145 δέ
454 1084 565 1167 κνίσα·
590 1081 674 1165 λύρα
698 1079 738 1144 δέ
758 1097 818 1164 σφι
842 1079 995 1164 βρέμεται
1019 1077 1074 1143 καλ
1098 1078 1207 1143 ἀοιδά·

269 1186 323 1252 καλ
347 1188 456 1264 ξενίου
480 1189 563 1263 Διὸς
586 1187 731 1252 ἀσκεῖται
754 1186 853 1271 θέμις
876 1186 1007 1263 ἀενάοις

269 1293 304 1359 έν
327 1295 506 1379 τραπέζαις.
553 1294 635 1360 ἀλλά
659 1296 723 1360 σὺν
746 1294 826 1382 δόξᾳ
849 1293 942 1371 τέλος

216 1418 249 1465 10
269 1401 542 1487 deexdpp-vov
564 1402 662 1486 περά-

313 1526 367 1574 σαι
393 1513 456 1574 σὺν
480 1510 614 1597 ἀτρώτῳ
637 1511 767 1597 κραδία.

270 1724 376 1808 ἀνδρα
400 1721 431 1788 δ’
458 1724 520 1806 ἐγὼ
544 1727 709 1809 μακαρίζω
733 1721 793 1809 μὲν
815 1723 932 1809 πατέρ’
955 1721 1153 1809 Ἀρκεσίλαν,
1309 1723 1375 1790 Ἐπ.
1395 1724 1438 1790 α’.

269 1829 324 1895 καλ
347 1832 385 1895 τὸ
408 1833 537 1914 θαητὸν
561 1831 661 1916 δέμας
684 1831 841 1916 ἀτρεμίαν
864 1855 897 1896 τε
921 1830 1093 1913 ξύγγονον.
1459 1851 1491 1897 15

269 1940 300 2002 εί
321 1937 361 2003 δέ
382 1962 432 2014 τις
455 1940 554 2020 ὄλβον
577 1941 661 2022 ἔχων
683 1948 797 2024 μορφᾷ
820 1939 1062 2022 παραμεύσεται
1086 1940 1221 2021 ἀλλους,

269 2048 305 2110 ἔν
328 2042 357 2109 τ’
383 2044 556 2110 ἀέθλοισιν
579 2044 763 2131 ἀριστεύων
786 2045 963 2123 έπέδει-ξεν
985 2049 1075 2130 βίαν·

216 2169 248 2216 15
268 2153 377 2215 θνατὰ
400 2152 580 2236 μεμνάσθω
604 2150 825 2237 περιστέλλων
847 2151 928 2236 μέλη

269 2257 324 2323 καλ
348 2260 519 2323 τελεν-τδιν
542 2258 698 2323 ἀπάντων
721 2268 784 2341 γᾶν
807 2257 1065 2343 ἐπιίεσσόμενος.

285 2496 310 2543 4.
335 2491 428 2559 ἀγλαῶ
453 2488 565 2544 σκάπτω
584 2489 651 2543 BD
671 2521 702 2529 -
723 2488 811 2552 πύλας
830 2490 857 2543 Β
879 2522 909 2530 -
930 2496 954 2543 6.
979 2492 1116 2563 λοιβαῖσιν
1135 2490 1217 2560 Ilpa:
1243 2491 1350 2561 λοιβαλς
1372 2487 1440 2542 BD
1459 2520 1490 2528 —

218 2564 243 2615 8.
271 2559 354 2631 Θέμις
380 2561 506 2629 Boeckh,
531 2558 615 2631 θέμις
632 2558 731 2631 vulgo,
759 2561 793 2615 cf.
813 2560 877 2615 Eur.
897 2561 970 2616 Med.
990 2578 1031 2617 soe
1050 2594 1083 2601 -
1103 2567 1127 2615 9.
1154 2568 1206 2615 νῦν
1225 2558 1307 2626 δόξαι
1326 2564 1354 2614 et
1372 2557 1493 2627 περᾶσαί

215 2653 261 2687 νιν
275 2632 346 2687 coni.
362 2632 429 2686 olim
443 2633 611 2698 Mommsem
631 2632 691 2703 ipse
709 2635 886 2687 tentaveram
904 2631 965 2687 ἀλλ’
982 2632 1127 2702 ἀγακλεής,
1142 2648 1177 2684 ne
1191 2631 1235 2686 bis
1270 2631 1422 2702 rsepositio
1441 2632 1493 2684 obv

216 2708 421 2759 occurreret-
439 2709 480 2758 10.
495 2703 616 2771 περᾶσαί
634 2724 680 2758 νιν
698 2704 769 2760 coni.
784 2704 915 2773 Hartung
929 2737 962 2744 —
980 2711 1020 2758 11.
1039 2704 1143 2771 ἀνδρὸς
1162 2703 1214 2772 ἐγὼ
1233 2651 1301 2756 olim
1320 2703 1493 2757 conieceram

217 2807 252 2815 —
270 2774 405 2844 ἀγησίλαν
420 2776 447 2829 Β
462 2782 552 2831 -12,
572 2774 707 2846 ἀρτεμίαν
726 2775 796 2830 coni.
817 2775 969 2831 Schneider
986 2808 1022 2815 -
1042 2781 1082 2829 13.
1102 2779 1198 2844 μορφά
1217 2775 1427 2845 παραμεύσεται
1446 2774 1493 2826 ἀλ-

215 2851 280 2909 λους
299 2863 332 2900 ex
352 2846 465 2900 scholiis
485 2847 583 2902 Peuw:
603 2856 698 2917 μορφᾶ
714 2847 923 2917 παραμεύσεται
937 2845 1060 2916 (ταραμέ
1080 2859 1165 2912 ψεται
1179 2828 1217 2913 li)
1232 2846 1322 2900 ἄλλων
1336 2846 1363 2899 Β
1370 2845 1407 2911 D,
1427 2864 1493 2915 μορ-

217 2918 278 2987 φδιν
296 2919 505 2989 παραμεύσεται
524 2918 613 2973 ἄλλων
632 2918 703 2975 coni.
722 2919 835 2973 Boeckh
855 2951 888 2958 -
910 2923 950 2973 14.
970 2867 1094 2989 {nadalia
1113 2917 1216 2986 Breyer
1234 2917 1308 2970 anal.
1324 2916 1403 2970 Pind.
1419 2933 1443 2970 τι
1460 2948 1492 2955 -

288 3066 314 3115 4.
334 3059 447 3135 σκάπτῳ
465 3061 525 3116 scil.
536 3062 649 3129 Vestae,
668 3079 724 3116 non
743 3061 937 3133 Aristagorae,
957 3063 1052 3114 statua
1072 3059 1146 3113 enim
1165 3060 1277 3127 Vestae,
1296 3074 1369 3127 quae
1387 3057 1494 3113 Tenedi

216 3132 332 3203 perinde
352 3135 436 3201 etque
456 3133 627 3187 Athenarum
647 3138 683 3201 (v.
704 3133 785 3189 Paus.
805 3152 815 3185 1
835 3151 872 3201 ra,
891 3135 914 3201 a)
933 3132 962 3186 in
981 3132 1060 3185 curia
1077 3130 1172 3201 posita
1191 3134 1264 3199 erat,
1290 3132 1443 3200 sceptrum,
1462 3133 1494 3183 ut

217 3204 359 3258 dominam
383 3204 477 3258 curiae
501 3204 632 3271 decebat,
656 3221 741 3257 manu
766 3204 881 3258 sinistra
899 3203 1027 3272 tenebat,
1051 3202 1191 3271 quomodo
1210 3201 1340 3272 suppleta
1358 3217 1432 3255 nunc
1451 3204 1495 3254 est

219 3274 401 3330 celeberrima
420 3276 522 3329 Vestae
542 3277 638 3329 statua
657 3275 843 3330 Giustiniana.
878 3274 1006 3329 Ceterum
1026 3274 1053 3337 ἐς
1071 3272 1203 3344 θάλαμον
1222 3276 1251 3327 et
1268 3274 1362 3345 ἀγλαῷ
1382 3273 1494 3346 σκάπτῳ

216 3347 302 3410 πέλας
325 3349 361 3401 ad
385 3351 530 3414 utrosque,
551 3346 742 3417 Aristagoram
766 3349 914 3417 prytanem
932 3346 996 3399 dico
1016 3349 1044 3399 et
1062 3349 1206 3400 senatores
1225 3342 1336 3398 sodales
1355 3344 1494 3414 pertinere

220 3419 248 3472 in
268 3419 363 3488 aprico
383 3421 426 3471 est
446 3449 476 3456 -
498 3424 522 3470 6.
541 3420 655 3484 πρώταν
673 3423 763 3486 θεῶν,
782 3435 839 3472 non
857 3418 932 3486 quod
951 3416 1080 3487 princeps
1100 3416 1214 3470 deorum
1234 3415 1331 3484 tuerit,
1351 3416 1399 3470 sed
1419 3417 1493 3483 quod

220 3490 246 3543 ei
272 3489 378 3558 primae
404 3487 469 3542 novi
495 3489 678 3555 magistratus
705 3490 901 3561 operabantur.
946 3488 1050 3543 Schol:
1083 3490 1196 3557 πρώτην
1228 3486 1259 3542 δὲ
1287 3487 1393 3555 ταύτην
1425 3482 1494 3554 εἷπε,

219 3558 348 3614 καθόσον
371 3558 423 3613 ἀπ’
445 3561 531 3629 αὐτῆς
550 3559 675 3630 ἤρχοντο.
713 3564 760 3616 καὶ
779 3565 939 3631 Σοφοκλῆς·
967 3556 1104 3628 ὦπρῶρα
1124 3562 1218 3632 λοιβῆς
1232 3556 1327 3613 Ἐστία
1348 3590 1381 3598 -
1402 3564 1425 3613 7.
1445 3576 1495 3625 σφι

220 3631 367 3686 Homerico
385 3649 436 3684 usu
457 3632 491 3684 de
511 3649 567 3685 una
586 3632 639 3685 dea
651 3633 739 3686 Vesta
758 3638 921 3704 usurpatum
942 3635 985 3685 cst
1005 3664 1036 3670 -
1057 3637 1081 3686 8.
1101 3630 1194 3696 ξενίου
1214 3631 1282 3693 Διὸς
1300 3632 1427 3685 ἀσκεῖται
1444 3628 1494 3684 θέ-

218 3721 274 3774 μις’
300 3701 385 3756 simili
409 3702 551 3756 locutione
570 3703 658 3756 utitur
682 3704 713 3756 Ο.
728 3723 776 3756 vrn
791 3723 829 3770 τις
855 3707 936 3759 erent
955 3707 1049 3756 autem
1069 3702 1148 3755 iuxta
1166 3702 1258 3755 sonum
1279 3705 1311 3754 ut
1329 3702 1358 3755 in
1376 3701 1495 3771 privatis

218 3774 356 3842 domibus,
376 3774 415 3827 sic
435 3774 522 3827 etiam
541 3774 569 3827 in
589 3773 710 3843 publicis
725 3774 809 3828 ‹airiis
824 3793 935 3830 mensae
954 3775 1101 3844 epularum
1120 3774 1276 3843 appositae,
1296 3790 1414 3841 quarum
1430 3789 1495 3841 epu-

218 3846 309 3899 larum
328 3846 418 3899 iustus
437 3850 591 3915 apparatus
610 3845 638 3898 in
658 3845 798 3933 praesidio
817 3846 890 3899 Iovis
910 3844 1059 3916 hospitalis
1079 3848 1153 3913 erat,
1173 3845 1246 3899 unde
1260 3845 1289 3897 in
1304 3844 1420 3898 Creticis
1435 3862 1495 3912 sys-

220 3917 294 3970 sitiis
308 3933 421 3970 mensae
436 3916 591 3985 hospitales
603 3919 748 3985 (τραπεζαι
762 3915 879 3985 ξενικαί)
893 3918 982 3987 primo
997 3917 1059 3970 loco
1075 3914 1230 3970 collocatae
1244 3920 1338 3982 erant;
1353 3935 1378 3970 v.
1394 3916 1495 3969 Athen.

218 4007 287 4059 svp.
304 4004 349 4043 ιιι.
382 3990 475 4055 Atque
500 3987 604 4041 cotidie
628 3987 741 4056 quidem
766 3987 795 4040 in
818 3993 953 4057 prytaneo
973 3987 1139 4042 Atheniensi
1163 3990 1310 4041 coenatum
1335 4003 1395 4041 esse
1414 4003 1496 4040 nemo

218 4059 320 4123 nescit,
345 4058 549 4128 splendidiores
568 4076 646 4128 vero,
670 4076 743 4128 quae
761 4059 894 4113 tibiarum
913 4060 1065 4127 fidiumque
1085 4062 1171 4112 cantu
1189 4061 1371 4128 augerentur,
1395 4074 1496 4112 coenas

218 4131 248 4185 in
271 4130 487 4197 inauguratione
510 4130 576 4185 novi
599 4130 728 4202 magistri
751 4130 848 4201 populi
871 4132 962 4184 factas
987 4147 1047 4184 esse
1071 4148 1124 4200 par
1147 4135 1189 4184 est
1211 4162 1245 4169 —
1264 4135 1289 4183 8.
1309 4131 1378 4191 Διὸς
1399 4127 1496 4198 Θέμις·

219 4202 249 4255 in
274 4201 360 4255 simili
383 4202 524 4257 sententia
544 4202 615 4256 dixit
639 4203 702 4257 Eur.
723 4203 795 4257 Med.
816 4220 854 4257 τοι
881 4203 972 4265 Ζανὸς
990 4200 1089 4269 ἀρτίαν
1110 4199 1198 4272 Θέμιν
1218 4233 1249 4241 -
1269 4206 1293 4253 9.
1314 4198 1389 4262 τέλος
1407 4199 1496 4280 magi-

220 4276 339 4327 stratum
358 4272 500 4343 significat
518 4273 547 4326 in
566 4279 635 4327 nota
648 4274 769 4327 formula
783 4273 809 4328 ol
825 4274 855 4328 ἐν
867 4273 955 4340 τέλει;
974 4291 1098 4326 annuum
1113 4290 1176 4326 eum
1190 4271 1296 4327 Tenedi
1310 4271 1384 4325 utin
1399 4271 1496 4340 plens·

219 4361 273 4414 que
299 4343 464 4399 civitatibus
490 4344 624 4399 Graeciae
656 4344 742 4399 fuisse
769 4363 801 4399 ex
828 4345 952 4416 epitheto
983 4342 1186 4415 δωδεκάμηνον
1211 4347 1344 4414 apparet3
1376 4341 1497 4410 denique

218 4434 339 4485 περασαι
364 4416 519 4485 opt-ativine
544 4415 686 4483 (κεράσαι)
710 4434 746 4470 an
770 4416 902 4470 infinitivi
928 4419 1069 4485 (περᾶσαι)
1094 4415 1152 4469 vim
1178 4415 1296 4483 habeat,
1320 4413 1437 4468 difficile
1461 4414 1496 4466 ad

222 4487 435 4541 diiudicandum
455 4491 498 4540 est
517 4520 549 4526 -
570 4495 611 4542 11.
633 4491 774 4556 μακαρίζω
794 4506 857 4541 cum
875 4486 982 4557 duplici
1001 4487 1163 4542 accusativo
1183 4486 1309 4541 iunctum
1327 4490 1370 4540 est
1389 4490 1417 4540 et
1435 4502 1496 4554 pcr-

220 4576 315 4627 sonae,
330 4577 403 4628 quae
418 4559 485 4612 felix
500 4559 680 4645 praedicatur
694 4560 796 4628 (ἄνδρα
814 4558 873 4613 scil.
891 4557 1104 4684 Ἆρισταγὸραιρ,
1123 4563 1150 4612 et
1170 4576 1269 4626 rerum,
1287 4558 1323 4610 ob
1338 4575 1407 4626 quas
1429 4555 1497 4610 felix

220 4631 402 4702 praedicatur
427 4634 545 4699 (ποτερα
567 4628 725 4697 Ἀρκεσίλαν
750 4632 798 4684 καὶ
822 4632 854 4684 τὸ
879 4630 965 4698 δέμας
989 4631 1055 4698 ἀτρε
1088 4651 1125 4684 αν
1151 4649 1180 4684 τε
1207 4626 1498 4697 εοὶ1.’,4ρισταγόρον);

179 4730 187 4745 ·
222 4701 344 4789 similem
369 4702 488 4789 termam
514 4701 730 4791 constructionis
755 4701 873 4826 praebet
891 4701 1031 4770 Aristoph.
1051 4650 1134 4772 llesp.
1155 4718 1195 4783 aas
1217 4701 1291 4754 τουιλ
1319 4699 1372 4781 γάρ
1398 4719 1441 4754 τοι
1466 4718 1496 4754 σε

220 4792 309 4844 μονον
332 4792 437 4827 τούτων
460 4794 499 4826 ων
524 4792 636 4841 ειρηκας
659 4794 752 4842 μακαρ
765 4776 800 4837 cm
874 4779 913 4826 15.
935 4773 1032 4825 cadem
1052 4777 1206 4841 sententia,
1230 4774 1497 4841 q11aAr1stagoram

223 4848 308 4916 poeta
323 4844 359 4897 ab
375 4843 571 4897 audacioribus
591 4845 739 4897 conatibus
758 4846 793 4897 ad
814 4843 992 4914 prudentiam
1008 4847 1038 4897 et
1051 4844 1219 4898 modestiam
1238 4846 1359 4912 revocat,
1378 4843 1497 4913 primam

275 4944 401 4985 Ριιιοιιισκ
416 4944 450 4985 ed.
463 4943 565 4983 christ
1251 4938 1282 4986 21
