3442 5550
301 415 392 470 XVIII
802 418 1083 472 PROLEGOMENA.

302 582 415 645 sertim
442 585 518 665 post
547 580 769 666 diphthongos
796 585 873 668 oret
901 605 927 668 ῳ
955 603 1021 644 non
1049 602 1182 665 prorsus
1211 579 1334 664 fugisse
1364 579 1516 644 vidissem
1540 578 1584 663 (v.

302 686 338 753 Ο.
358 706 397 752 ru
417 690 469 752 30.
492 705 529 751 vr
548 690 599 753 82.
630 686 665 751 P.
684 704 720 751 ru
740 690 791 752 47.
823 687 864 752 N.
878 705 916 750 vr
929 688 982 753 25.
1009 687 1127 752 1116.
1151 687 1189 751 fr.
1205 690 1259 771 61,
1275 688 1322 773 1),
1345 687 1470 751 duobus
1494 685 1586 771 locis,

302 794 338 859 P.
352 813 390 859 1x
410 797 472 861 114
490 800 524 859 et
541 793 581 859 N.
597 796 681 878 169,
703 794 854 859 licentiae
878 794 1030 879 ancipitis
1054 795 1198 879 syllabae
1218 817 1284 859 non
1302 817 1373 859 eam
1393 794 1459 859 vim
1474 793 1585 879 tribui,

301 907 338 966 ut
357 907 473 967 contra
491 906 696 968 constantem
716 902 983 967 consuetudinem
998 901 1129 966 Pindari
1149 907 1394 986 ceterorumque
1414 906 1584 985 poetarum

302 1007 502 1075 Graecorum
533 1031 663 1073 versum
696 1008 1050 1093 dactylo-epitriticum
1081 1009 1117 1072 in
1148 1009 1286 1094 pusillos
1317 1008 1494 1073 versiculos
1522 1007 1585 1072 dis-

300 1138 452 1181 secarem.
499 1114 561 1180 Sed
590 1117 676 1199 quod
705 1138 770 1180 non
799 1116 949 1181 omuibus
974 1116 1056 1181 locis
1080 1122 1168 1181 certa
1190 1116 1311 1181 indicia
1334 1115 1408 1179 finis
1433 1137 1584 1179 versuum

301 1224 420 1288 adsunt
452 1229 486 1288 et
516 1245 557 1287 ne
591 1223 618 1287 si
647 1224 766 1287 adsunt
794 1223 936 1308 quidem,
969 1223 1010 1287 iis
1041 1246 1168 1307 semper
1196 1223 1484 1306 obtemperandum
1512 1244 1583 1285 esse

301 1329 455 1413 diximus,
474 1330 548 1395 inde
562 1352 602 1394 ne
618 1330 768 1395 vacillare
783 1335 887 1395 totam
901 1330 986 1395 hanc
1000 1330 1160 1395 rationem
1175 1334 1212 1393 tu
1226 1329 1401 1414 putaveris.
1433 1327 1583 1412 Namque

300 1437 398 1524 longe
426 1437 574 1522 plurimis
602 1436 683 1502 locis
711 1437 830 1501 adsunt
855 1438 913 1501 illa
938 1437 1057 1502 iudicia
1080 1441 1113 1501 et
1136 1436 1183 1500 ita
1207 1438 1338 1519 adsunt,
1366 1442 1403 1501 ut
1432 1458 1583 1500 versuum

300 1545 380 1609 fines
404 1544 478 1609 istis
500 1544 629 1609 indiciis
653 1543 807 1628 descripti
831 1566 904 1607 cum
926 1544 1067 1628 legibus,
1092 1565 1172 1627 quas
1193 1543 1230 1607 dc
1250 1546 1414 1607 structura
1432 1564 1583 1607 versuum

301 1655 334 1715 et
361 1651 560 1737 proprietate
588 1650 792 1735 singulorum
820 1650 1028 1734 stropharum
1056 1671 1209 1735 generum
1232 1654 1358 1715 veteres
1381 1654 1495 1734 poetas
1520 1649 1583 1713 sibi

300 1759 469 1844 scripsisse
487 1763 603 1843 postea
621 1779 868 1843 cognoscemus,
885 1757 981 1841 plane
996 1758 1200 1822 concordent.
1213 1797 1218 1807 ·
1238 1756 1302 1820 Hic
1316 1778 1444 1840 quoque
1459 1756 1582 1820 dictum

301 1865 380 1930 illud
405 1864 505 1947 valet,
529 1864 774 1948 exceptionibus
798 1865 982 1929 confirmari
1007 1863 1162 1950 regulam.

390 1970 444 2036 De
467 1992 602 2055 versus
624 1970 831 2063 principio,
868 1971 899 2035 A
917 1974 980 2035 fine
999 1994 1112 2035 versus
1132 1971 1171 2035 ad
1191 1971 1260 2035 eius
1278 1971 1475 2056 principium
1493 1993 1583 2035 revo

301 2062 421 2145 camur.
466 2078 634 2162 Incipiunt
661 2082 770 2142 autem
800 2100 910 2143 versus
939 2084 995 2143 aut
1018 2079 1059 2143 ab
1084 2078 1163 2163 arsi,
1191 2100 1288 2162 quam
1316 2082 1441 2142 veteres
1466 2075 1582 2143 Graeci

300 2185 398 2251 θέσιν
421 2187 597 2269 vocabant,
620 2190 677 2249 aut
701 2185 742 2249 ab
766 2185 916 2249 anacrusi
939 2184 1062 2269 primae
1085 2184 1150 2248 arsi
1174 2186 1361 2270 praemissa.
1404 2184 1583 2249 Anacrusis

300 2294 373 2378 ipsa
400 2292 590 2378 plerumque
619 2296 748 2357 constat
777 2314 815 2356 ex
842 2315 907 2356 una
931 2290 1057 2376 syllaba
1080 2295 1137 2356 aut
1159 2292 1250 2357 brevi
1274 2293 1324 2357 vel
1348 2291 1483 2376 ancipiti
1507 2298 1584 2357 ante

302 2400 487 2466 trochaicos
511 2404 544 2464 et
566 2400 774 2486 logaoedicos
799 2400 942 2484 ordines,
964 2404 1021 2464 aut
1038 2399 1138 2484 longa
1157 2399 1207 2462 vel
1227 2398 1362 2483 ancipiti
1382 2404 1457 2464 ante
1476 2400 1584 2484 dacty-

298 2507 383 2573 licos
407 2512 440 2572 et
462 2507 636 2592 paeonicos
661 2507 803 2572 ordines:

784 2642 1059 2683 trimum)-..
1141 2641 1435 2684 -.ἓ.υ--υ-...

299 2758 362 2822 Pro
381 2780 447 2822 uua
464 2758 564 2843 longa
582 2762 721 2842 possunt
739 2757 838 2821 etiam
855 2758 937 2821 duae
953 2757 1068 2821 breves
1084 2756 1189 2820 ordini
1204 2756 1389 2841 rhythmico
1403 2758 1584 2842 praemitti:

552 2892 842 2934 vesamum-..
996 2892 1337 2934 υυέυυ-υ-υ....

387 3005 559 3071 Praeterea
589 3011 776 3090 occurrunt,
808 3006 885 3071 licet
918 3028 1008 3089 raro,
1039 3029 1152 3070 versus
1185 3008 1226 3071 ab
1259 3007 1400 3071 iambica
1432 3008 1580 3072 anacrusi

301 3112 436 3176 duarum
471 3112 522 3177 vel
554 3113 654 3177 trium
686 3112 885 3198 syllabarum
917 3112 1124 3199 incipientes,
1156 3113 1248 3177 cuius
1277 3113 1404 3198 generis
1432 3136 1584 3179 versuum

298 3225 388 3283 certa
411 3220 559 3304 exempla
582 3224 712 3285 exstant
735 3221 771 3284 in
792 3220 957 3304 paeonicis
983 3219 1195 3303 carminibus,
1218 3219 1307 3283 velut
1330 3210 1515 3286 O.112.(5:

661 3369 805 3395 UWAV
833 3367 1219 3395 -;uw;vw.·.u-

707 3475 724 3482 -
751 3456 1058 3483 ssvwnvwssv
1088 3476 1101 3484 -

299 3556 418 3639 quibus
451 3557 548 3621 certis
581 3556 737 3642 exemplis
770 3556 835 3621 alia
867 3558 1039 3642 accedunt,
1069 3557 1105 3620 in
1138 3558 1255 3643 quibus
1288 3559 1406 3622 dubius
1439 3560 1583 3643 haereas,

298 3668 409 3727 utrum
442 3687 461 3727 a
494 3662 721 3747 monosyllaba
758 3685 800 3728 an
829 3664 971 3729 iambica
1003 3666 1151 3730 anaorusi
1184 3686 1296 3728 versus
1329 3664 1489 3748 ordiatur,
1525 3671 1583 3728 aut

298 3775 408 3834 utrum
437 3769 621 3854 tribrachys
649 3769 786 3834 initialis
815 3774 906 3834 extra
933 3771 1154 3855 rhythmicum
1181 3750 1326 3835 ordiudm
1348 3771 1516 3854 ponendus
1540 3772 1585 3836 sit

296 3899 338 3941 an
361 3878 503 3962 primum
526 3877 640 3962 pedem
665 3876 787 3941 ordinis
811 3876 950 3964 efficiat,
973 3883 1010 3942 ut
1035 3878 1152 3943 (112.
1176 3896 1200 3941 x
1218 3879 1248 3943 4.
1275 3876 1310 3941 Ρ.
1329 3894 1356 3940 11
1376 3880 1406 3942 2.
1426 3879 1454 3943 l.
1484 3902 1532 3963 cp.
1553 3881 1583 3944 6.

298 3982 339 4048 N.
359 3986 433 4049 114.
466 3984 622 4048 lumb.

387 4089 490 4156 Porro
505 4090 691 4155 Boeckhius
710 4091 850 4178 vestigia
865 4092 1045 4157 Hermanni
1064 4094 1176 4178 legens
1196 4092 1394 4178 logaoedicis
1414 4093 1583 4159 ordinibus

300 4198 490 4263 trochaeum
512 4198 737 4263 irrationalem
761 4195 932 4284 (τροχαῖον
955 4198 1091 4285 ἄλογον)
1114 4199 1163 4263 ita
1185 4200 1352 4284 praemitti
1375 4200 1518 4284 putarit,
1546 4208 1583 4267 ut

300 4304 475 4371 alevitate
499 4305 595 4370 huius
619 4306 724 4391 pedis,
752 4328 850 4390 quam
873 4305 979 4371 basim
1002 4306 1059 4370 isti
1081 4328 1197 4391 parurn
1221 4306 1454 4392 circumspecte
1478 4311 1586 4394 appel·

298 4412 462 4498 laverunt,
485 4412 526 4476 ad
548 4412 651 4478 ictum
673 4412 771 4497 primi
794 4412 916 4497 dactyli
939 4434 1002 4477 vox
1025 4411 1168 4478 cantoris
1192 4419 1344 4500 assurgat

298 4642 460 4727 Equidem
479 4644 554 4708 lites
573 4645 763 4710 decantatas
778 4644 816 4707 de
831 4645 903 4709 basi
917 4644 1160 4709 Hermanuiana
1173 4645 1294 4710 iterum
1308 4668 1437 4712 movere
1451 4649 1585 4732 veritus,

299 4749 405 4814 solum
434 4772 550 4814 moneo
579 4755 612 4814 et
639 4772 713 4814 raro
741 4750 918 4815 Pindarum
939 4750 1072 4816 licentia
1098 4752 1299 4817 irrationalis
1322 4755 1414 4838 pedis
1442 4755 1477 4819 in
1498 4756 1585 4839 priu-

299 4855 385 4943 cipio
405 4878 517 4920 versus
536 4857 638 4921 colive
658 4878 754 4921 usum
773 4879 858 4942 esse,
876 4858 961 4923 etin
973 4858 1121 4924 versibus
1137 4859 1205 4924 eius
1221 4862 1349 4947 generis
1363 4860 1583 4948 rhythmicum
