3442 5550
598 408 647 463 IIl.
676 409 726 465 DE
744 410 854 463 LUDIS
872 411 919 463 ET
936 411 1113 468 EPINICIIS.

335 615 371 641 ,υ
388 619 405 640 υ
425 570 572 657 dactylus
597 573 737 657 cyclicus
760 573 861 640 trium
884 580 1077 661 temporum.

371 695 379 724 1
425 702 558 745 caesura
581 681 616 744 hr
640 680 790 745 omnibus
814 683 959 767 strophis
983 688 1119 747 servata.

377 786 382 852 Ι
424 787 498 852 finis
524 789 587 853 coli
609 789 644 851 in
668 788 833 853 codicibus
858 789 1055 874 scholiisque
1078 790 1231 854 metricis.

372 922 382 961 ,ε
424 895 510 960 ictus
533 896 630 980 primi
655 897 808 980 cuiusque
832 897 923 980 pedis
947 897 1017 962 ooli.

371 1048 388 1069 ι
424 1001 507 1067 ictus
531 1003 628 1087 primi
651 1004 742 1088 pedis
766 1004 900 1069 alterius
924 1004 1073 1088 dipodiae
1097 1005 1160 1070 coli
1184 1005 1386 1090 tetrapodici.

370 1127 392 1177 Λ
425 1114 542 1194 λεῖμμα
567 1110 634 1174 sive
657 1132 758 1195 pausa
781 1110 877 1174 unius
902 1110 1066 1194 temporis.

367 1220 391 1285 h
420 1240 522 1300 pausa
545 1219 681 1282 duorum
706 1222 896 1302 temporum.

366 1322 390 1394 h
417 1347 520 1409 pausa
543 1324 643 1389 trium
667 1330 859 1409 temporum.

366 1428 391 1503 Ti
419 1454 522 1515 pansa
544 1436 685 1515 quatuor
708 1437 900 1517 temporum.

310 1574 416 1660 Longi
430 1573 551 1638 luimus
561 1574 596 1638 in
607 1575 741 1639 metrica
752 1579 820 1638 arta
831 1573 964 1639 Pindari
975 1577 1173 1660 exponenda,
1187 1576 1326 1641 fortasse
1336 1577 1501 1664 longiores

223 1703 319 1767 quam
343 1682 367 1745 ii
392 1682 641 1766 exspectabunt,
668 1682 723 1766 qui
753 1681 928 1766 deperditis
956 1682 1044 1746 notis
1072 1681 1204 1748 musicis
1234 1682 1340 1748 oleum
1368 1685 1501 1768 perdere

222 1788 336 1872 quiin
363 1788 415 1853 his
444 1787 688 1871 quaestionibus
717 1789 874 1852 desudent
902 1789 1112 1853 arbitrantur.
1154 1789 1216 1855 Sed
1244 1813 1441 1876 quamquam
1469 1798 1502 1856 et

221 1894 285 1978 ipsi
308 1894 403 1959 facile
427 1895 593 1980 largimur,
616 1896 662 1959 rei
687 1895 908 1981 gravissimae,
932 1918 1027 1979 quam
1048 1895 1230 1963 accuratius
1249 1919 1345 1962 nosse
1363 1898 1398 1962 in
1416 1899 1503 1963 votis

220 2006 270 2065 est
293 2002 444 2066 maximis
468 2003 524 2066 sed
547 2003 709 2087 inanibus,
732 2002 947 2066 modulationi
969 2003 1041 2068 dico
1061 2003 1237 2069 carminum
1259 2009 1292 2068 et
1311 2005 1402 2069 vivae
1421 2005 1504 2091 voci,

220 2108 363 2175 metricis
383 2109 510 2195 legibus
530 2109 580 2173 vel
599 2110 812 2174 subtihssime
827 2110 1004 2194 exploratis
1018 2134 1133 2195 parum
1147 2111 1230 2175 lucis
1245 2112 1376 2197 effundi,
1394 2118 1502 2177 tamen

219 2215 438 2301 rhythmicam
452 2216 720 2300 compositionem
734 2240 772 2281 ex
783 2217 918 2281 metrica
927 2216 1034 2281 forma
1043 2217 1111 2282 erni
1122 2239 1218 2302 posse
1229 2240 1301 2282 cum
1311 2240 1501 2302 persuasum

220 2322 407 2408 habeamus,
424 2322 612 2409 philologis,
630 2329 667 2388 ut
685 2324 771 2388 hunc
791 2324 906 2388 saltem
925 2325 1023 2389 finem
1042 2329 1265 2408 assequantur,
1285 2347 1396 2390 omnes
1416 2325 1501 2390 vires

219 2430 433 2496 intendendas
448 2452 519 2495 esse
534 2453 711 2496 censemus.
740 2430 871 2495 Pindari
886 2436 995 2496 autem
1011 2431 1155 2496 carmina
1168 2431 1240 2515 plus
1256 2454 1353 2515 quam
1373 2430 1503 2497 chorica

219 2539 345 2603 cantica
368 2542 539 2623 poetarum
563 2537 764 2602 scenicorum
788 2539 828 2602 ad
852 2538 1024 2624 caliginem
1048 2537 1230 2603 difficilium
1260 2538 1376 2602 harum
1404 2560 1501 2622 quae-

218 2645 364 2710 stionum
387 2644 624 2710 discutiendam
648 2645 753 2709 valere
775 2645 809 2709 in
829 2645 987 2710 confessis
1006 2651 1065 2711 est.
1102 2644 1188 2709 Nam
1204 2634 1293 2730 'quod
1312 2646 1347 2709 in
1365 2646 1502 2710 scenicis

216 2752 332 2836 poetis,
356 2773 494 2835 quorum
513 2752 657 2816 carmina
675 2752 828 2839 pleraque
848 2776 887 2817 ex
906 2753 991 2818 binis
1011 2754 1063 2817 vel
1081 2752 1180 2817 etiam
1200 2751 1336 2837 singulis
1356 2753 1501 2836 strophis

217 2863 380 2943 constant,
403 2880 498 2944 saepe
523 2859 713 2944 ambiguum
736 2865 795 2944 est,
818 2882 882 2945 quo
906 2860 978 2925 loco
1002 2859 1208 2944 periodorum
1229 2865 1263 2923 et
1281 2859 1501 2924 membrorum

217 2966 297 3030 fines
322 2965 487 3031 statuendi
511 2966 586 3050 sint,
608 2967 671 3031 hoc
694 2967 728 3030 in
751 2966 903 3052 Pindaro,
926 2967 1017 3031 cuius
1042 2968 1186 3031 carmina
1209 2987 1327 3051 magno
1351 2967 1501 3052 stropha-

217 3094 289 3136 rum
303 3093 439 3136 numero
456 3071 583 3156 florent,
597 3072 663 3137 fere
677 3073 797 3157 ubique
812 3072 899 3138 clara
913 3073 946 3136 in
961 3074 1032 3137 luce
1046 3075 1191 3158 positum
1206 3077 1262 3138 est.
1290 3072 1384 3136 Nihil
1398 3073 1501 3159 igitur

218 3178 453 3264 desperandum
468 3201 539 3244 esse
554 3179 712 3263 duximus,
728 3182 760 3244 et
775 3180 803 3243 si
816 3179 987 3264 peritiores
1002 3185 1035 3244 et
1046 3179 1207 3244 doctiores
1217 3179 1402 3266 philologos
1413 3185 1500 3245 utne

217 3285 300 3351 hano
328 3291 455 3371 partem
483 3292 615 3351 nostrae
643 3286 833 3370 disciplinae
857 3292 1023 3371 tamquam
1047 3287 1249 3371 desperatam
1275 3287 1501 3373 derelinquant

220 3393 502 3479 commoverimus,
527 3393 607 3458 satis
630 3394 756 3458 fructus
780 3393 930 3458 laborum
953 3394 1067 3458 tuhsse
1090 3394 1185 3458 nobis
1209 3394 1397 3460 videbimur.

825 3714 885 3781 III.
966 3762 968 3766 -

610 3864 664 3924 DE
688 3864 807 3923 LUDIS
831 3865 883 3923 ET
906 3864 1105 3926 EPINICIIS.

302 4002 462 4068 Ἐπίνικοι
480 4002 581 4087 ὕμνοι
601 4002 668 4067 sive
688 4001 832 4067 ἐπινίκια
850 4000 931 4087 μέλη
954 4025 1073 4068 nomen
1093 4003 1134 4067 ab
1154 4024 1191 4067 eo
1211 4006 1389 4086 traxerunt,
1411 4004 1497 4088 quod

216 4116 290 4195 post
322 4110 493 4175 victoriam
525 4115 726 4195 reportatam
753 4109 789 4174 in
815 4109 943 4174 laudern
971 4110 1104 4175 victoris
1134 4110 1256 4194 scripta
1289 4115 1374 4175 sunt.
1416 4109 1498 4175 Cum

217 4223 324 4283 autem
348 4217 490 4301 epinicia
519 4217 619 4281 etiarn
647 4223 724 4302 post
753 4215 906 4282 victorias
934 4218 973 4281 de
1000 4218 1153 4283 hostibus
1181 4218 1281 4283 armis
1310 4222 1496 4302 reportatas

215 4324 368 4389 instituta
397 4323 533 4408 fuerint,
565 4325 618 4390 hic
647 4325 786 4410 epinicia
814 4347 906 4392 sacra
934 4329 967 4389 et
995 4324 1140 4390 carmina
1168 4347 1206 4389 ea
1234 4325 1304 4389 sola
1331 4325 1497 4411 intellego,

217 4453 296 4515 quae
311 4432 352 4496 ad
365 4431 507 4497 ludicras
524 4431 677 4497 victorias
690 4430 824 4497 inludis
841 4433 982 4516 publicis
998 4437 1107 4516 partas
1122 4432 1297 4516 pertinent.
1333 4431 1497 4516 Epinieio

217 4561 286 4604 rum
300 4540 404 4626 igitur
418 4538 551 4604 Pindari
564 4539 828 4624 interpretationi
844 4544 881 4605 ut
895 4540 981 4604 viam
995 4538 1240 4624 patefaciamus,
1259 4539 1299 4604 de
1313 4540 1407 4624 ludis,
1429 4539 1496 4624 qui-

217 4646 274 4713 bus
299 4646 416 4713 Graeci
438 4647 526 4711 inter
549 4669 583 4711 se
613 4648 797 4732 certabant,
827 4651 861 4711 et
889 4647 928 4711 de
955 4646 1123 4731 praemiis,
1151 4646 1269 4731 quibus
1298 4646 1437 4710 victores
1461 4646 1496 4711 in

216 4753 298 4819 ludis
331 4754 406 4818 istis
437 4755 652 4838 ornabantur,
684 4755 779 4819 nobis
813 4754 1035 4819 disserendum
1064 4758 1122 4818 est.
1174 4752 1376 4840 Quamquam
1409 4752 1496 4817 enim

217 4857 363 4927 homines
387 4861 579 4946 priusquam
602 4861 635 4926 in
659 4861 744 4927 ludis
767 4861 907 4946 publicis
932 4866 1109 4946 certarent,
1137 4866 1207 4926 arte
1230 4860 1343 4945 utique
1365 4858 1497 4925 institui
