3442 5550
742 437 874 487 PYTHIA
893 437 966 487 VIII.
1431 436 1493 498 193

215 610 300 665 totus
319 608 405 665 tenor
424 605 563 664 carminis
583 605 739 663 tristitiam
758 604 837 663 senis
855 604 970 663 redolet
988 608 1019 664 et
1037 604 1196 681 descriptio
1215 606 1386 665 certaminis
1405 606 1495 665 versi-

214 697 272 755 bus
290 706 395 753 81-87
415 697 495 754 iacta
520 694 673 753 simillima
696 697 742 752 est
759 711 902 752 versuum
921 705 1026 752 61-69
1046 694 1185 753 carminis
1204 692 1237 753 0.
1257 713 1312 753 vm
1332 714 1409 756 anno
1429 697 1494 755 460

216 785 297 844 facti.
336 784 394 843 Sed
420 784 576 860 quaeritur
594 803 665 841 nuru
686 782 805 842 omnino
833 781 999 859 quidquam
1022 783 1201 842 mutandum
1224 783 1264 842 sit
1286 789 1317 843 et
1340 785 1494 845 exordium

216 874 355 934 carminis
379 873 417 931 ad
440 873 597 932 intestinos
626 872 776 930 tumultus
806 871 1048 931 turbulentorum
1079 873 1190 931 civium
1221 892 1312 949 quam
1342 874 1494 937 adamus

217 963 445 1022 Atheniensium
476 963 584 1021 referre
614 966 760 1037 praestet,
790 980 816 1020 v.
843 960 933 1021 schol.
962 962 1000 1019 ad
1023 982 1049 1020 v.
1074 974 1089 1019 3
1121 961 1183 1043 ἰδίᾳ
1212 961 1388 1041 Αἰγινήταις
1417 956 1494 1042 ἦσαν

219 1052 331 1122 στάσεις
359 1050 424 1128 περὶ
451 1050 503 1110 τὸν
530 1060 582 1128 τῆς
610 1050 695 1127 νίκης
724 1059 776 1110 τοῦ
802 1043 1025 1127 Ἀριστομένους
1048 1050 1160 1128 καιρόν.
1207 1050 1282 1110 Iniit
1303 1053 1380 1111 hanc
1403 1053 1494 1112 inter·

216 1141 355 1218 pretendi
378 1142 458 1200 viam
482 1141 517 1198 K.
532 1141 579 1197 W.
599 1140 734 1217 Krueger
753 1140 837 1198 Stud.
857 1139 925 1198 bist.
945 1140 1017 1216 phil.
1036 1160 1064 1216 p.
1081 1151 1132 1199 177
1147 1159 1193 1217 ss,
1212 1161 1308 1218 neque
1327 1141 1422 1219 video,
1441 1162 1495 1202 cur

217 1250 277 1289 non
301 1234 433 1289 statuere
457 1230 547 1289 liceat
561 1229 723 1306 Aeginetas
747 1229 838 1287 etiam
862 1233 931 1304 post
954 1248 1087 1307 pugnam
1110 1229 1190 1305 apud
1214 1229 1441 1307 Oecryphaliam
1464 1234 1495 1291 et

217 1320 470 1397 expugnationem
494 1337 647 1377 murorum
672 1310 869 1399 (ass—56),
897 1319 1073 1395 priusquam
1101 1338 1179 1378 anno
1204 1321 1265 1377 431
1292 1320 1323 1378 in
1351 1320 1494 1380 ditionem

218 1410 255 1467 ab
280 1408 512 1468 Atheniensibus
535 1408 742 1485 redigerentur
769 1400 876 1488 (Thac.
896 1402 1001 1489 1127),
1030 1409 1125 1484 specie
1153 1408 1301 1467 libertatis
1324 1410 1371 1467 uti
1394 1413 1425 1469 et
1447 1428 1494 1469 res

217 1499 354 1575 publicas
368 1498 449 1574 ipsos
463 1497 671 1556 administrare
686 1497 857 1573 perrexisse,
871 1501 908 1554 ut
920 1501 1026 1573 poetae
1046 1497 1160 1556 maiora
1176 1497 1309 1573 pericula
1324 1518 1342 1556 a
1357 1499 1494 1557 factioni-

218 1588 274 1646 bus
298 1588 409 1647 civium
434 1587 551 1646 timenti
575 1587 606 1644 in
630 1587 686 1645 fine
710 1586 850 1645 carminis
870 1586 957 1645 anxio
977 1586 1077 1645 animo
1096 1586 1192 1645 dicere
1211 1587 1331 1647 licuerit
1349 1584 1495 1671 ἐλευθέρῳ

220 1676 311 1760 στόλῳ
333 1676 420 1736 πόλιν
445 1675 530 1735 τάνδε
553 1674 663 1753 κόμιζε·
688 1677 724 1734 cf.
744 1675 1026 1735 commentationem
1044 1695 1150 1754 meam,
1175 1676 1235 1734 Zur
1253 1676 1391 1736 Chrouol.
1409 1677 1495 1735 Pind.

219 1767 251 1824 in
271 1766 349 1825 Stzb.
369 1767 395 1824 d.
414 1766 441 1823 b.
461 1766 517 1823 ak,
540 1768 622 1824 1889
647 1786 675 1840 p.
698 1777 708 1822 1
731 1782 767 1823 ss.
804 1764 1001 1823 Pulchritudo
1026 1768 1127 1824 autem
1149 1766 1289 1824 carminis
1308 1767 1339 1825 in
1358 1767 1424 1842 ipsa
1442 1767 1496 1825 illa

220 1855 313 1914 animi
333 1856 482 1914 anxietate
502 1857 531 1913 et
551 1854 676 1912 tristitia
695 1854 780 1931 inest,
805 1873 896 1930 quam
916 1857 1014 1912 totum
1034 1872 1152 1913 carmen
1172 1858 1235 1913 tam
1255 1856 1372 1934 egregio
1391 1857 1495 1933 spirat,

219 1949 256 2002 ut
275 1962 328 2002 nos
347 1964 467 2021 quoque
482 1945 672 2003 vehementer
686 1943 784 2002 animo
800 1962 1048 2002 commoveamur.
1081 1942 1270 2020 Quamquam
1289 1946 1368 2004 inter
1381 1948 1496 2005 veteres

222 2036 346 2092 fuerunt
374 2033 425 2109 qui
454 2034 509 2092 hoc
532 2033 780 2109 reprehenderent
803 2023 907 2111 (schol.
928 2033 965 2090 ad
988 2053 1015 2090 v.
1038 2025 1103 2113 136)
1127 2037 1157 2092 et
1180 2034 1235 2092 boc
1258 2053 1377 2093 carmen
1400 2035 1496 2112 magis

222 2123 362 2182 threnum
386 2142 477 2198 quarn
500 2122 662 2198 epinicium
684 2140 746 2181 esse
771 2122 909 2181 dicerent.
946 2122 1003 2181 Sed
1027 2125 1062 2180 ut
1085 2122 1122 2180 ad
1145 2141 1192 2181 res
1215 2122 1346 2182 ludicras
1368 2124 1496 2199 redeam,

223 2212 436 2287 Midylidarum
459 2230 531 2289 gens
555 2211 731 2289 Aeginetica
754 2211 892 2270 similiter
915 2214 1006 2288 atque
1037 2211 1229 2271 Bassidarum
1259 2213 1363 2272 multis
1393 2217 1423 2272 et
1452 2213 1496 2270 in-

222 2301 357 2379 signibus
380 2300 514 2360 victoriis
537 2301 676 2359 ludorum
700 2300 934 2378 agonisticorum
957 2301 1039 2359 clara
1061 2301 1140 2359 inter
1162 2301 1291 2361 Graecos
1314 2302 1380 2360 fuit.
1427 2301 1495 2360 Pin-

222 2391 312 2449 darus
327 2394 446 2466 praeter
459 2390 535 2448 hanc
554 2390 641 2449 odam
660 2389 753 2448 aliam
772 2409 899 2467 quoque,
918 2390 1003 2448 cuius
1022 2391 1225 2467 fragmentum
1239 2383 1288 2471 (fr.
1305 2383 1370 2472 190)
1385 2391 1497 2450 scholia

221 2480 259 2538 ad
282 2480 388 2538 P.v111
412 2491 444 2536 53
470 2479 610 2556 afferunt,
635 2479 665 2537 in
689 2479 810 2538 laudem
833 2478 923 2537 huius
945 2480 1044 2556 gentis
1067 2479 1210 2539 victoriae
1233 2480 1392 2539 Isthmicos
1416 2500 1497 2539 corn—

223 2570 331 2645 posuit.
378 2568 598 2627 Aristomenem
629 2588 698 2627 vero
729 2568 868 2627 iuvenem
897 2567 1002 2627 vicisse
1033 2588 1068 2628 ex
1098 2569 1195 2627 verbis
1225 2566 1400 2649 Ξενάρκειον
1430 2569 1497 2629 οἷόν

222 2650 263 2738 (v.
284 2662 341 2738 19),
361 2649 384 2716 ὧ
403 2661 462 2715 παῖ
481 2649 522 2738 (v,
542 2650 600 2738 33),
623 2655 756 2736 πατέρων
779 2656 865 2716 παισί
887 2649 928 2738 (v.
948 2650 997 2739 45)
1021 2657 1177 2736 colligunt,
1201 2679 1386 2736 quamquam
1407 2663 1497 2735 poeta

221 2768 293 2824 nou,
323 2750 360 2805 ut
390 2747 420 2805 in
451 2766 612 2822 puerorum
635 2747 795 2805 certamine
824 2747 920 2806 lacere
944 2746 1111 2823 consuevit,
1140 2748 1251 2824 aliptae
1279 2749 1344 2808 eius
1372 2749 1497 2808 mentio·

221 2857 288 2896 nem
312 2836 390 2895 fecit.

310 2926 344 2983 In
373 2925 519 3001 principio
547 2925 727 3001 Hesychiam
755 2928 845 3001 poeta
873 2925 1006 3002 invocat,
1030 2928 1066 2983 ut
1089 2944 1227 2985 coronam
1252 2926 1289 2986 ab
1308 2927 1496 2988 Aristomene

222 3014 339 3091 Pythiis
362 3018 481 3090 partam
505 3015 636 3090 propitia
655 3014 784 3090 accipiat
803 3005 915 3096 (1-ο);
939 3034 1001 3073 esse
1025 3014 1104 3073 enim
1127 3034 1194 3073 earn
1217 3016 1303 3074 deam
1327 3017 1495 3092 potentissi-

222 3124 310 3181 mam,
335 3123 396 3180 qua
419 3103 563 3163 ferocium
585 3104 741 3163 hominum
764 3103 825 3162 irae
848 3104 1061 3181 reprimantur,
1091 3106 1126 3160 ut
1148 3103 1362 3181 Porphyrionis
1386 3105 1495 3184 Gigan-

222 3198 347 3269 tumque
378 3193 475 3251 minae
506 3193 578 3252 olim
609 3193 757 3269 Apollinis
787 3192 855 3251 telis
884 3196 1052 3269 prostratae
1083 3192 1144 3250 sint
1176 3186 1302 3273 (6-19).
1347 3193 1497 3269 Apollinis

223 3283 372 3342 mentione
401 3283 510 3341 iniecta
538 3282 575 3340 ad
603 3281 833 3358 praedicandam
860 3282 1030 3360 victoriam,
1055 3301 1147 3359 quam
1170 3283 1207 3341 ab
1231 3282 1334 3342 eodem
1357 3282 1496 3358 Apolline

222 3373 425 3431 Aristomenes
454 3375 559 3431 nactus
587 3375 664 3448 erat,
693 3375 861 3448 revocatus,
890 3371 1018 3447 primurn
1046 3372 1163 3431 insulae
1190 3372 1346 3432 universae
1370 3372 1497 3451 gloriam

222 3461 385 3521 virtutibus
421 3462 569 3520 clarorum
604 3461 728 3520 heroum
760 3464 791 3520 et
821 3461 946 3521 fortium
982 3461 1116 3520 virorum
1152 3465 1356 3537 comparatam
1392 3462 1498 3521 laudat

224 3543 368 3633 (al-⁴28).
414 3550 527 3609 Deinde
556 3570 592 3609 ne
620 3550 755 3628 longiore
782 3550 913 3609 carmine
941 3550 1096 3609 fastidium
1122 3551 1277 3610 bominum
1304 3555 1436 3629 moveat,
1460 3551 1498 3609 ad

224 3658 332 3699 munus
363 3639 419 3697 sibi
450 3640 618 3699 iniunctum
647 3640 691 3698 ita
721 3640 830 3698 transit
860 3631 1009 3720 (as-34),
1041 3644 1077 3698 ut
1106 3640 1251 3700 victorem
1280 3640 1498 3701 Aristomenem

223 3729 358 3804 exempla
392 3748 516 3787 suorum
546 3730 706 3806 maiorum,
736 3729 872 3804 inprimis
905 3729 1123 3788 avunculorum
1153 3730 1318 3806 Theogueti
1347 3732 1378 3788 et
1407 3728 1498 3789 Clito·

224 3818 334 3895 machi,
365 3818 492 3876 feliciter
523 3819 707 3876 aemulatum
738 3836 801 3877 esse
832 3820 862 3876 et
892 3817 1083 3897 praesagium
1108 3819 1284 3894 Amphiarai
1312 3819 1347 3878 de
1371 3818 1499 3878 fortibus

223 3907 292 3965 liliis
320 3927 355 3965 er
383 3907 510 3966 fortibus
539 3908 712 3983 parentibus
741 3906 932 3967 nascentibus
960 3927 1015 3965 sua
1042 3911 1127 3984 parte
1156 3907 1269 3983 optime
1292 3909 1498 3985 comprobasse

224 3997 304 4055 dicat
328 3989 472 4076 (35-56).
519 3998 566 4056 Ad
596 3998 672 4055 banc
700 3998 802 4055 autem
830 3997 1083 4072 comparationem
1111 3996 1242 4056 filiorum
1266 3996 1441 4072 Amphiarai
1469 4002 1499 4057 et

224 4086 366 4145 Xenarcis
381 4091 470 4162 praeta
485 4087 631 4145 adductus
646 4089 699 4161 est,
715 4085 795 4161 quod
810 4086 980 4161 Alcmaeon,
995 4086 1030 4144 de
1046 4087 1127 4145 exitu
1143 4085 1314 4145 certaminis
1334 4085 1370 4144 ab
1385 4088 1499 4146 Aristo·

224 4195 308 4234 mene
332 4175 393 4234 sive
413 4195 431 4234 a
451 4175 578 4235 Pindaro
605 4179 737 4253 rogatus,
765 4176 866 4232 fausta
892 4175 1075 4234 vaticinatus
1099 4179 1163 4234 erat
1186 4167 1332 4255 (οῖ-110).
1373 4175 1419 4234 Ex
1445 4177 1499 4235 hac

224 4264 318 4342 igitur
336 4265 517 4342 digressione
542 4265 579 4323 ad
599 4265 817 4324 Aristomenem
836 4264 969 4323 oratione
989 4264 1104 4340 reflexa,
1129 4264 1192 4323 eius
1211 4265 1353 4324 victorias
1376 4265 1500 4341 Delphis

223 4354 357 4431 Aeginae
381 4354 518 4432 Megarae
542 4355 718 4413 llaratbone
743 4354 832 4431 Argis
862 4357 964 4429 partas
994 4354 1147 4429 praedicat
1170 4346 1314 4434 (οι-87).
1360 4353 1438 4413 Hinc
1462 4354 1500 4412 ad

224 4443 377 4520 generales
401 4444 563 4503 sententias
582 4444 617 4503 de
637 4443 803 4521 fragilitate
823 4445 853 4501 et
872 4442 1046 4501 infirmitate
1065 4463 1164 4502 rerum
1183 4444 1382 4502 humanarum
1401 4444 1501 4519 delap-

224 4550 287 4609 sus,
311 4532 413 4591 omnia
439 4533 517 4592 bona
540 4552 558 4591 a
581 4534 703 4592 deorum
728 4533 849 4591 numine
872 4532 998 4608 pendere
1022 4535 1136 4610 monet,
1164 4533 1314 4591 hominem
1338 4550 1400 4591 esse
1424 4534 1499 4590 tam·

224 4641 315 4697 quam
338 4621 461 4681 umbrae
486 4622 649 4697 somnium,
673 4622 801 4697 denique
824 4621 856 4679 in
879 4620 936 4679 fine
955 4621 1102 4699 Aeginam
1120 4620 1207 4680 deam
1230 4622 1359 4699 invocat,
1378 4626 1414 4679 ut
1432 4640 1500 4679 cum

223 4710 294 4770 love
309 4714 340 4770 et
354 4711 492 4771 heroibus
506 4713 605 4771 Aeaco
620 4712 709 4771 Peleo
724 4711 884 4770 Telamone
899 4710 1015 4769 Achille
1035 4711 1205 4770 libertatem
1220 4714 1251 4770 et
1264 4710 1500 4770 incolumitatem

223 4799 356 4860 civitatis
379 4804 524 4859 tueantur
546 4793 708 4881 (οδ-11111).

313 4890 420 4948 Totius
434 4890 573 4948 carminis
589 4890 721 4966 quinque
736 4890 893 4967 pericopae
909 4881 1047 4970 (stropha
1066 4890 1255 4966 antistropha
1274 4882 1401 4971 epodus)
1421 4894 1500 4968 sunt,

278 5000 403 5041 erasinus
418 5000 452 5037 cd.
466 4998 569 5038 Christ.
1257 4998 1289 5043 13
