3442 5550
766 369 915 420 PINDARI
933 369 1100 420 ammom.

454 528 498 605 ὣς
522 532 669 594 ἔννεπεν·
694 528 768 594 οὐδ’
794 529 985 614 ἀκράν-τοις
1008 529 1158 614 ἐφάψατο

453 639 553 701 ἔπεσι.
599 638 658 701 τὸν
680 633 741 720 μέν
764 637 933 719 ἀγάλ-λων
955 638 1034 713 θεὸς

373 762 407 808 00
453 744 575 807 ἔδωκεν
598 745 786 827 δίφρον-τε
808 745 951 830 χρύσεον
972 756 1101 830 πτεροῖ-

496 853 551 915 σίν
574 849 604 915 τ’
630 850 817 935 ἀκάμαντας
840 851 969 928 ἵππους.

1211 1016 1259 1076 Στ
1284 1064 1289 1075 .
1314 1011 1356 1076 δ’.

451 1099 525 1164 ἕλεν
548 1098 580 1163 δ’
608 1098 778 1184 Οἰνομάου
800 1098 879 1183 βίαν
1261 1037 1281 1098 ρ

496 1205 667 1287 παρθένον
690 1231 723 1272 τε
748 1208 924 1272 σύνευνον·

453 1313 475 1377 ἃ
497 1312 568 1378 τέκε
592 1312 729 1396 λαγέτας

497 1418 530 1497 ἓξ
555 1420 702 1506 ἀρεταῖσι
724 1424 888 1505 μεμαότας
910 1423 1014 1497 υίούς.

452 1536 517 1592 νῦν
540 1525 571 1591 δ’
597 1525 633 1592 ἐν
656 1528 887 1614 αἱμακουρίαις

452 1633 606 1716 ἀγλααῖσι
628 1633 794 1719 μέμικται,

371 1758 405 1806 95
450 1739 589 1825 Ἀλφεοῦ
612 1744 703 1828 πόρῳ
727 1745 870 1821 κλιθείς,

449 1851 577 1932 τύμβον
600 1847 791 1932 ἀμφίπολον
813 1851 897 1933 ἔχων
920 1871 978 1913 πο-

495 1954 706 2043 λυξενωτάτῳ
730 1956 819 2041 παρά
842 1959 966 2042 βω-μςό.
990 1957 1026 2019 τὸ
1051 1952 1086 2019 δὲ
1110 1954 1203 2031 κλέος

452 2064 596 2144 τηλόθεν
619 2061 755 2146 δέδορκε
778 2072 839 2126 τάν
860 2060 1105 2147 Ὀλυμπιάδων·
1130 2061 1166 2126 ε’ν
1189 2063 1326 2147 δρόμοις

452 2167 620 2251 Πέλοπος,
644 2170 700 2234 ἵνα
723 2171 864 2253 ταχυτὰς
887 2170 1001 2234 ποδῶν
1025 2168 1160 2255 ἐρίζεται

450 2275 555 2359 ἀκμαί
575 2273 604 2339 τ’
631 2276 745 2358 ι’σχύος
768 2277 993 2361 θρασύπονοι·

354 2400 405 2446 100
450 2383 468 2447 δ
492 2394 595 2447 νικῶν
619 2379 655 2447 δὲ
679 2384 796 2447 λοιπὸν
819 2382 904 2468 ἀμφὶ
927 2386 1041 2467 βίοτον

452 2491 515 2572 ἔχει
540 2492 753 2573 μελιτόεσσαν
776 2490 892 2554 εὐδίαν

290 2634 406 2641 -.-.
455 2635 501 2641 -—-

363 2686 405 2735 88.
426 2681 500 2736 ἔτεα.
521 2683 587 2747 ΒΟ,
607 2682 641 2735 ef.
662 2680 734 2736 Prol.
754 2702 781 2734 ιιι
809 2716 843 2722 -
872 2681 1004 2751 ἐφάψατο
1024 2682 1158 2737 ABOD:
1188 2680 1315 2751 ἐφάψατ’
1336 2676 1375 2735 ὧν
1395 2683 1476 2752 Βμτ,
1496 2699 1570 2752 quae

290 2751 472 2822 interpolatio
487 2770 520 2807 ex
536 2752 608 2806 bilsa
624 2752 787 2807 eolomctria
802 2757 863 2807 orta
878 2757 921 2806 est
936 2784 968 2793 —
985 2758 1026 2807 90.
1041 2772 1071 2807 τε
1085 2754 1174 2807 omG
1190 2783 1224 2793 -
1243 2758 1284 2807 91.
1305 2754 1363 2818 ξαν.
1385 2755 1412 2807 Α
1435 2786 1461 2792 --
1487 2754 1568 2810 bad

288 2821 350 2878 τέκε
370 2826 505 2879 ABCD:
529 2822 591 2878 τέκε
615 2844 644 2879 τε
663 2824 707 2879 vel
726 2822 788 2878 τέκε
812 2824 843 2879 δὲ
863 2827 947 2895 Bya,
973 2824 1158 2895 probabiliter
1183 2857 1214 2864 -
1238 2823 1379 2893 μεμαότας
1398 2826 1521 2880 ABOD
1540 2830 1566 2879 et

288 2894 387 2950 schol:
405 2894 562 2965 μεμαλότας
577 2896 679 2966 Rapa
694 2929 726 2936 —
747 2902 789 2950 95.
807 2894 937 2965 Ἀλφαιοῦ
947 2896 1005 2949 21²⁰
1019 2928 1052 2935 —
1069 2901 1110 2950 96.
1125 2897 1285 2960 πολυξενοτ.
1299 2898 1324 2949 Β
1331 2896 1386 2951 01)
1404 2927 1434 2936 -
1456 2901 1499 2950 99.
1519 2897 1569 2951 ἀκ-

288 2965 338 3035 μαί
355 2965 392 3022 τ’;
412 2966 515 3037 ἀκμάτ’
536 2970 563 3021 Λ
586 3002 604 3007 -
637 2972 696 3022 100.
716 2965 893 3039 άμφιβόητον
912 2970 938 3022 Α
958 2998 990 3007 -
1012 2973 1072 3021 101.
1092 2971 1209 3037 μελιττο.
1229 2968 1301 3035 AB,
1321 2972 1428 3037 μελιτοο.
1449 2969 1479 3023 D
1498 3000 1531 3009 —

359 3116 401 3164 88.
423 3108 554 3178 ἐφάψατο
573 3128 596 3165 c.
616 3111 673 3164 dat.
694 3109 729 3163 cs.
749 3111 778 3164 P.
793 3130 811 3162 x
826 3127 858 3165 as.
883 3111 902 3164 l.
918 3129 949 3162 m
963 3126 997 3164 ao.
1022 3110 1054 3164 N.
1071 3130 1098 3162 ιν
1113 3126 1138 3163 :a
1159 3143 1190 3149 —
1211 3116 1253 3162 90.
1273 3109 1365 3163 alatos
1385 3110 1462 3178 quod
1501 3112 1570 3165 oeta

290 3196 376 3249 equos
386 3199 403 3234 a
415 3181 546 3250 Neptuno
562 3182 681 3235 donatos
696 3181 773 3248 dicit,
788 3185 911 3235 veterem
926 3182 1030 3234 famam
1045 3180 1075 3233 in
1089 3180 1161 3235 cista
1171 3180 1282 3250 Cypseli
1299 3197 1458 3251 expressam
1474 3129 1568 3249 (i’aus.

288 3270 305 3304 v
320 3269 354 3319 ιι,
367 3255 390 3319 τ)
407 3257 518 3305 secutus
532 3256 590 3317 est;
610 3253 684 3306 idem
698 3252 881 3321 Pherecydes,
897 3251 945 3320 qui
959 3252 1017 3305 fere
1031 3270 1092 3304 eum
1109 3251 1230 3306 Pindaro
1244 3252 1392 3321 consentit,
1408 3251 1436 3306 in
1452 3252 1568 3306 scholiis

289 3322 485 3393 Soph.El.1m
504 3327 534 3377 eb
551 3323 700 3393 Euripides
720 3322 1055 3378 Orest.aaot-ra(lider1111t·
1079 3355 1112 3363 -
1132 3329 1173 3378 91.
1195 3322 1256 3377 ἕλεν
1274 3322 1301 3377 δ’
1326 3322 1470 3377 Οἰνομάου
1489 3322 1567 3397 βίαν·

288 3393 322 3447 de
346 3393 522 3447 clandestino
547 3411 640 3448 amore
664 3394 871 3464 Hippodamiae
894 3398 924 3448 et
945 3394 1044 3448 fraude
1069 3394 1189 3462 Myrtili,
1213 3393 1329 3463 aurigae
1354 3378 1480 3475 Pelopis,
1505 3395 1569 3449 Pin·

287 3464 371 3517 darus
386 3467 437 3518 aut
454 3464 594 3518 nihildum
614 3465 697 3518 scivit
711 3468 762 3519 aut
775 3466 902 3521 consulto
918 3465 1060 3519 silent-ium
1076 3465 1143 3519 fecit
1166 3498 1201 3505 —
1225 3472 1267 3520 99.
1293 3465 1311 3519 ἃ
1330 3465 1391 3520 τέκε
1410 3468 1524 3519 sirecte
1539 3466 1568 3520 in

286 3535 431 3590 codicibus
445 3536 582 3590 traditum
598 3540 648 3600 est,
663 3536 802 3590 Pindarus
816 3555 893 3592 more
907 3536 1064 3591 Atticorum
1079 3540 1226 3606 poetarum
1241 3536 1383 3606 dactylum
1403 3554 1453 3607 pro
1472 3536 1568 3593 iambo

286 3606 316 3660 in
334 3606 424 3677 primo
443 3607 515 3678 pede
535 3607 656 3661 dochmii
677 3608 825 3662 admisisse
843 3608 985 3679 putandus
1005 3610 1060 3674 est,
1080 3608 1124 3661 sin
1142 3608 1292 3677 Byzantini
1310 3608 1386 3662 felici
1406 3607 1567 3662 coniectura

285 3675 351 3732 τέκεΙ
366 3698 395 3733 τε
413 3696 527 3732 manum
545 3683 646 3749 poetae
660 3679 851 3747 restituerunt,
867 3680 983 3734 verbum
996 3688 1088 3733 τεκεῖν
1102 3679 1138 3732 ad
1152 3681 1261 3749 patrem
1276 3697 1294 3733 a
1307 3679 1429 3733 Pindaro
1443 3679 1566 3734 relatum

285 3751 329 3803 est
343 3749 474 3803 similiter
487 3749 533 3803 hic
548 3753 634 3818 atque
649 3750 679 3804 O.
691 3770 729 3803 vn
744 3768 767 3805 u
784 3754 813 3806 et
827 3768 911 3822 saepe
926 3750 962 3805 ab
972 3751 1092 3805 Homero
1107 3754 1136 3804 et
1145 3750 1247 3804 Atticis
1259 3750 1350 3820 poetis
1363 3782 1390 3790 —
1406 3749 1434 3816 ἓξ
1444 3794 1449 3805 .
1459 3794 1464 3805 .
1473 3750 1564 3815 υἱούς·

284 3819 388 3889 Ἀτρέα,
410 3820 548 3891 Θυέστην,
568 3819 693 3887 Πιτθέα,
716 3819 867 3887 lindouva,
891 3820 1064 3891 Πλεισθένη,
1083 3821 1248 3888 Χρύσιππον
1267 3821 1352 3876 schol.
1372 3854 1405 3861 -—
1425 3820 1566 3891 μεμαότας

285 3908 336 3961 pro
351 3894 506 3961 μεμᾶῶτας,
521 3910 577 3961 qua
592 3894 681 3947 forma
696 3909 763 3947 usus
787 3898 830 3947 est
852 3894 886 3949 N.
900 3912 909 3945 1
925 3910 962 3957 ιτς
982 3892 1011 3946 in
1027 3894 1223 3946 commutanda
1244 3892 1405 3961 quantitate
1423 3893 1565 3947 vocalium

285 3984 304 4016 α
319 3967 348 4017 et
362 3982 386 4032 o,
406 3981 479 4031 quae
493 3964 560 4018 olim
576 3964 718 4035 digamma
733 3964 890 4019 disiunctae
905 3966 994 4031 erant,
1013 3964 1151 4017 Pindarus
1170 3964 1283 4018 Homeri
1304 3963 1502 4018 auctoritatem
1523 3982 1565 4019 se-

285 4037 367 4088 cutus
382 4039 440 4102 est;
463 4035 560 4090 dativo
575 4039 671 4089 autern
686 4036 738 4089 boc
753 4037 868 4090 verbum
883 4035 975 4089 iunxit
989 4035 1026 4088 ad
1041 4034 1202 4106 analogiam
1218 4037 1366 4089 verborum
1380 4033 1521 4090 ἅπτεσθαι
1537 4040 1566 4090 et

284 4105 443 4175 θιγγάνειν.
481 4108 610 4161 Ceterum
629 4107 768 4175 Nonaum,
790 4126 854 4160 cum
875 4107 989 4175 Dionys.
1004 4123 1038 4171 αι,
1054 4123 1092 4161 raa
1111 4103 1259 4169 παντοίαις
1278 4107 1391 4177 ἀρετῇσι
1411 4106 1566 4176 μεμηλότας

285 4176 428 4246 scriberet,
448 4177 611 4247 μεμαλύτας,
626 4195 681 4232 non
701 4176 841 4249 μεμαότας
855 4179 931 4248 apud
948 4177 1099 4231 Pindarum
1113 4195 1223 4246 quoque
1239 4177 1340 4246 legisse
1355 4178 1508 4234 verisimile
1523 4181 1567 4233 est

358 4254 391 4300 93
402 4267 437 4301 ss.
458 4250 560 4303 sensim
575 4253 659 4319 poeta
675 4253 707 4303 ut
721 4268 805 4320 supra
819 4268 852 4304 cr
867 4248 1008 4319 prooemio
1023 4249 1059 4302 ad
1074 4249 1238 4302 umbilicum
1258 4248 1389 4302 cnrrninis
1405 4249 1566 4319 transierat,

286 4319 326 4372 sic
351 4318 396 4371 hic
420 4338 437 4373 a
461 4320 556 4373 frotario
582 4321 721 4374 Tantalea
749 4322 786 4375 ad
814 4339 928 4375 carmani
957 4319 1087 4374 Hieronis
1113 4320 1187 4374 redit
1213 4336 1304 4387 neque
1333 4324 1438 4374 temero
1466 4320 1565 4375 eodem

285 4390 435 4459 splendido
455 4392 593 4446 vocabulo
612 4390 690 4455 κλέος
709 4396 774 4447 ante
794 4392 984 4447 narrationem
1009 4404 1044 4461 (v.
1064 4394 1101 4455 ει)
1125 4395 1154 4445 et
1177 4395 1242 4461 posb
1259 4392 1450 4445 narrationem
1474 4396 1510 4459 (v.
1530 4396 1566 4461 οι)

284 4478 351 4515 usim
370 4478 431 4515 osse
451 4463 562 4517 videt-ur
582 4495 614 4503 -
635 4470 676 4518 09,
697 4462 905 4534 αἱμακουρίαις·
927 4463 1026 4518 schol:
1049 4463 1181 4531 Bormani]
1200 4463 1218 4531 ἡ
1237 4462 1327 4532 φωνή.
1351 4464 1421 4516 lt-em
1440 4463 1567 4517 illustrat.

286 4533 367 4587 Paua.
387 4552 405 4586 v
426 4550 458 4601 ιε,
478 4552 489 4588 ε
508 4534 613 4588 θύουσι
636 4534 666 4589 δὲ
692 4536 767 4608 αὐτῷ
791 4534 919 4603 (Πέλοπι)
943 4535 992 4587 καὶ
1015 4542 1068 4588 νῦν
1092 4534 1128 4587 ἔτι
1158 4534 1184 4588 οἱ
1213 4534 1285 4588 κατὰ
1314 4532 1374 4595 έτος
1400 4534 1451 4596 τδις
1478 4534 1567 4605 ἀρχὰς

285 4604 408 4675 ἔχοντες·
428 4606 459 4658 τὸ
475 4604 505 4659 δὲ
521 4603 623 4672 ιἐρεῖὸν
639 4605 695 4660 ἐστι
710 4608 786 4673 κριὸς
800 4608 884 4676 μέλας
899 4637 931 4646 —-
951 4612 993 4659 90.
1008 4603 1124 4671 κλιθείς,
1139 4605 1308 4671 aeclinabum
1328 4605 1426 4659 dativo
1440 4605 1566 4659 iunctum

285 4677 328 4729 est
347 4678 379 4728 ut
397 4676 473 4745 apud
494 4677 644 4730 Homerum
663 4678 685 4730 Ε
706 4695 752 4730 τοο,
773 4678 795 4730 O
815 4695 854 4732 κιο
872 4682 899 4732 et
920 4677 1004 4746 Soph.
1024 4676 1124 4731 'Pras-b.
1144 4694 1182 4730 mo
1206 4709 1241 4716 —-
1264 4682 1305 4730 90.
1326 4678 1408 4748 βωμῷ
1428 4694 1465 4730 sc.
1485 4673 1566 4738 Διός·

287 4746 343 4799 fuit
361 4746 434 4800 enim
454 4746 597 4802 Πελόπιον
616 4765 665 4802 seu
689 4748 813 4801 tumulus
838 4747 949 4818 Pelopis
972 4747 1080 4800 inulti
1105 4764 1192 4817 propo
1215 4747 1289 4802 lovis
1314 4765 1405 4816 riram3
1429 4747 1463 4800 cf.
1482 4747 1566 4803 Pans.

285 4835 302 4870 v
314 4833 371 4886 iae
386 4850 418 4857 -
436 4824 477 4873 97.
494 4819 585 4889 gloria
601 4819 712 4889 Pelopis
726 4819 755 4872 in
771 4820 979 4889 (llympicorum
994 4818 1123 4872 ludorum
1138 4818 1284 4873 muriculis
1299 4819 1409 4872 eminus
1424 4817 1567 4888 splendct3
