3442 5550
599 366 648 418 ΙΙΙ.
674 367 723 415 DE
741 364 850 415 LUDIS
870 365 915 414 ET
934 364 1109 416 EPINICIIS.
1398 361 1497 415 LXVII

215 526 406 591 Hadrianus
443 530 526 590 teste
558 525 721 591 Pausania
745 542 770 589 11
794 527 848 610 15,
869 528 897 591 3.
926 544 961 588 w
987 526 1041 610 lo,
1061 521 1114 609 4¹)
1147 525 1180 588 in
1212 525 1319 589 locum
1352 530 1497 589 veterum

214 633 417 698 Nemeorum
440 633 637 698 aestivorum
661 655 746 697 nova
768 632 893 696 Nemea
915 632 1052 697 hiberna
1074 632 1173 718 Argis
1197 633 1321 718 agenda
1344 632 1497 714 instituit,

217 745 308 805 ortas
332 762 402 805 esse
426 737 576 825 docuit.²)

307 846 458 912 Alterum
481 847 655 912 discrimen
677 846 827 911 ludorum
850 846 993 932 pertinet
1017 846 1057 911 ad
1080 846 1274 931 praemium,
1297 847 1383 931 quod
1407 848 1434 911 si
1458 870 1496 911 ex

215 976 251 1019 re
274 954 383 1038 aliqua
405 954 550 1038 pretiosa
568 954 754 1039 constabat,
776 953 889 1036 ἀγῶνα
913 956 1124 1038 χρηματίτην,
1149 954 1200 1017 sin
1224 977 1262 1019 ex
1287 954 1342 1018 vili
1367 977 1495 1037 corona,

217 1060 331 1143 ἀγῶνα
350 1065 551 1145 στεφανίτην
570 1059 819 1147 appellabant.³)
857 1060 965 1146 Atque
985 1060 1128 1144 antiquis
1149 1061 1278 1145 quidem
1296 1062 1497 1146 temporibus

217 1169 318 1233 moris
343 1172 415 1234 erat
435 1169 581 1233 omnium
600 1168 814 1233 certaminum
833 1167 1011 1233 victoribus
1031 1168 1210 1252 praemium
1229 1168 1359 1252 aliquod
1378 1169 1497 1253 pretio·

217 1298 299 1360 sum,
325 1281 363 1341 ut
391 1276 552 1361 tripodem
581 1280 706 1341 cratera
729 1276 873 1361 gladium
901 1298 1020 1361 equum
1044 1275 1203 1341 talentum
1227 1276 1354 1362 argenti
1378 1277 1498 1360 aurive,

217 1383 409 1468 condonare,
427 1383 518 1448 cuius
537 1382 745 1448 liberalitatis
765 1384 885 1469 partim
904 1383 1076 1448 manubiae
1094 1383 1136 1447 ab
1155 1383 1305 1448 hostibus
1325 1385 1498 1466 detractae,

217 1488 336 1575 partim
368 1489 459 1555 lauta
492 1490 636 1574 supellex
668 1489 847 1556 hereditate
880 1495 1013 1575 accepta
1046 1490 1173 1574 copiam
1200 1489 1373 1555 faciebant.
1420 1490 1497 1554 Mox

218 1619 290 1661 cum
317 1596 385 1660 ludi
413 1619 517 1682 neque
546 1596 659 1681 spoliis
688 1598 794 1681 captis
821 1620 926 1682 neque
954 1597 1190 1662 hereditatibus
1218 1598 1359 1681 acceptis
1383 1597 1498 1661 fierent

218 1708 251 1768 et
279 1704 502 1769 instaurantes
533 1704 627 1769 ludos
655 1709 781 1769 veteres
809 1705 903 1790 copia
930 1704 1137 1769 liberalitatis
1166 1704 1329 1786 deficeret,
1357 1703 1497 1769 victores

219 1810 288 1875 sola
320 1831 440 1876 corona
473 1833 511 1875 ex
543 1810 632 1875 foliis
664 1834 747 1876 nexa
775 1835 889 1876 ornare
918 1816 1102 1896 coeperunt.
1154 1810 1215 1876 Sed
1244 1811 1330 1895 qnod
1356 1811 1496 1896 primum

220 1918 330 2003 inopia
351 1918 541 1984 institutum
565 1923 649 2002 erat,
672 1920 704 1984 id
725 1919 845 1984 sensim
864 1919 897 1983 in
917 1918 1044 1983 laudem
1064 1923 1097 1984 et
1116 1918 1253 2004 gloriam
1274 1918 1380 1983 vertit.
1411 1918 1497 1982 Nam

221 2048 291 2090 cum
316 2024 446 2110 Graeci,
474 2031 512 2090 ut
534 2026 693 2091 Horatius
717 2025 928 2111 praedicavit,
955 2031 1085 2111 praeter
1111 2025 1240 2090 laudem
1264 2025 1386 2090 nullius
1410 2026 1498 2089 avari

220 2137 339 2218 essent,
362 2133 500 2199 victoria
522 2133 661 2217 simplici
681 2155 800 2197 corona
819 2137 934 2197 ornata
952 2132 1057 2196 multo
1077 2133 1179 2217 pluris
1200 2155 1297 2216 quam
1322 2132 1499 2216 praemium

221 2239 269 2303 vel
290 2239 567 2325 pretiosissimum
592 2240 757 2304 aestimari
781 2245 897 2325 coepta
915 2243 974 2303 est.
1011 2238 1090 2303 lnde
1114 2239 1286 2304 clarissimi
1305 2238 1372 2303 ludi
1392 2238 1500 2323 Olym-

219 2345 281 2431 pici
299 2345 412 2431 Pythii
425 2345 575 2411 Isthmici
590 2346 744 2412 Nemeaei
763 2345 923 2411 coronarii
943 2346 1023 2410 facti
1042 2343 1161 2431 sunt⁴),
1178 2346 1351 2430 palmaque
1370 2345 1501 2430 nobilis,

220 2474 297 2536 quae
321 2476 460 2519 coronae
483 2453 641 2519 Romanis
664 2454 866 2539 temporibus
891 2453 1079 2537 addebatur,
1106 2453 1246 2518 victores
1276 2454 1316 2518 ad
1339 2459 1499 2519 terrarum

219 2561 366 2626 dominos
394 2560 471 2625 deos
496 2561 629 2626 evehere
659 2557 864 2647 ferebaturs').
912 2559 1005 2635 Quod
1033 2565 1142 2625 autem
1166 2560 1239 2625 aliis
1264 2562 1302 2625 de
1327 2560 1499 2625 arboribus

219 2667 288 2733 aliis
311 2668 347 2732 in
369 2667 455 2734 ludis
475 2689 612 2734 coronae
631 2668 815 2752 nectebant,
836 2668 871 2731 id
890 2670 1011 2752 quade
1031 2690 1129 2734 causa
1147 2669 1271 2733 factum
1290 2668 1349 2751 sit,
1369 2668 1500 2732 difficile

219 2780 266 2839 est
293 2775 334 2839 ad
362 2774 595 2859 explicandum.
642 2774 779 2859 Delphis
808 2775 937 2859 quidem
966 2798 1023 2839 cur
1050 2776 1161 2841 laurea
1189 2798 1309 2841 corona
1338 2776 1498 2840 victorum

218 2887 364 2968 tempora
392 2882 608 2968 cingerentur,
629 2881 664 2946 in
688 2883 860 2967 propatulo
889 2888 1001 2948 estex
1026 2906 1063 2947 eo
1087 2888 1246 2968 repetere,
1274 2885 1359 2969 quod
1388 2884 1499 2948 laurus

218 2988 313 3076 longe
342 2994 417 3054 ante
445 2988 687 3054 institutionem
716 2988 910 3074 Pythiorum
938 2989 1088 3054 ludorum
1116 2989 1279 3074 Apollinis
1308 3011 1400 3053 sacra
1426 2990 1498 3053 fuit.

219 3095 348 3162 Etenim
377 3097 444 3161 iam
472 3095 606 3160 Hesiodi
635 3095 836 3180 temporibus
866 3096 920 3179 qui
944 3095 1108 3180 Apollinis
1136 3101 1240 3160 artem
1264 3096 1421 3161 musicam
1445 3119 1499 3160 ex-

219 3204 384 3289 ercebant,
421 3224 476 3268 eos
512 3202 596 3267 lauri
633 3225 759 3267 remum
799 3202 948 3267 manibus
986 3208 1095 3267 tenere
1133 3203 1248 3267 solitos
1281 3225 1351 3267 esse
1388 3208 1500 3267 narrat

219 3309 380 3376 Hesiodus
400 3311 509 3396 theog.
529 3312 582 3375 30.
633 3308 695 3375 Sed
729 3309 972 3394 Olympicorum
1004 3309 1165 3375 victorum
1198 3309 1348 3395 oleagina
1380 3331 1500 3374 corona

219 3417 370 3482 dubitant
393 3421 503 3481 utrum
522 3440 561 3481 ex
581 3438 619 3481 eo
639 3417 829 3501 explicanda
847 3417 902 3497 sit,
924 3417 1010 3502 quod
1030 3418 1163 3482 oleastri
1183 3417 1260 3482 olim
1279 3416 1499 3481 feracissimus

219 3545 295 3609 ager
327 3522 433 3587 Elidis
465 3521 580 3607 fuich,
613 3546 654 3588 an
687 3525 772 3608 quod
800 3523 872 3588 olea
903 3523 993 3607 Tyrii
1021 3523 1186 3597 Herculis,
1223 3523 1359 3608 mythici
1393 3524 1500 3588 condi-

219 3630 298 3694 toris
325 3631 476 3694 ludorum
500 3630 758 3716 Olympicorum,
783 3653 874 3696 sacra
900 3631 1001 3696 fnisse
1025 3631 1271 3715 perhibebatur,
1294 3654 1336 3694 en
1359 3630 1497 3713 deniqne

219 3737 303 3821 quod
331 3738 458 3802 luridus
488 3738 577 3803 color
604 3738 757 3803 foliorum
786 3738 1010 3824 oleaginorum
1040 3739 1209 3803 tristitiam
1238 3738 1388 3803 ludorum
1411 3738 1501 3801 fune-

220 3892 357 3901 ...---„.„.
369 3894 409 3900 .-...
421 3894 427 3899 .

308 3974 334 4029 1)
353 3966 426 4023 conf.
447 3964 539 4020 Iulian
557 3983 599 4036 ep.
616 3973 650 4021 35
664 3987 691 4038 p.
708 3973 758 4020 527
777 3967 819 4021 ed.
835 3966 923 4022 Heitl.

306 4044 333 4109 2)
352 4038 453 4092 Philol.
469 4056 551 4091 mlv
566 4038 632 4091 bOff.
653 4058 746 4091 xxxvn
762 4038 823 4100 rff.;
844 4037 879 4092 cf.
894 4038 969 4093 Stzb.
986 4038 1012 4094 tl.
1028 4040 1054 4094 b.
1069 4040 1122 4094 Ak.
1139 4044 1207 4093 1889
1222 4059 1248 4109 p.
1265 4038 1332 4095 aefl'.

305 4115 332 4179 3)
350 4110 428 4164 Idem
447 4108 609 4179 significant
626 4111 733 4179 ἀγῶνες
752 4108 921 4180 colloquiique
944 4110 1023 4165 Pind.
1039 4111 1070 4166 Ο.
1085 4130 1135 4165 urn
1150 4118 1191 4164 76.

305 4184 332 4249 4)
351 4181 391 4235 Ut
409 4180 574 4250 Pythiornm
593 4198 667 4252 agon
685 4181 807 4306 primum
824 4179 993 4253 χρηματίτης
1016 4181 1071 4235 fnit
1094 4186 1122 4237 ct
1141 4186 1240 4264 postea
1264 4183 1375 4235 deinum
1395 4199 1497 4252 στεφα-

221 4254 296 4323 νίτης
312 4252 407 4307 iactus
426 4257 477 4321 est,
497 4252 537 4306 sic
556 4252 643 4306 etiam
663 4252 810 4323 Oympiae
830 4270 885 4306 non
904 4254 941 4307 nb
961 4253 1051 4321 initio,
1074 4254 1122 4308 sed
1142 4253 1207 4307 inde
1226 4271 1243 4306 a.
1263 4252 1380 4323 septima
1402 4252 1496 4322 (llyrn-

222 4324 303 4393 piade
322 4324 442 4378 victores
461 4340 564 4378 corona
583 4324 646 4378 olea
668 4323 714 4378 ina
734 4324 958 4392 honorabantnr;
978 4344 1003 4379 v.
1018 4326 1134 4391 Kranae,
1154 4323 1286 4394 Olympia
1305 4344 1331 4394 p.
1348 4332 1406 4379 158.

306 4399 333 4459 5)
360 4394 614 4463 Horat.C.11,5.
677 4395 760 4449 oratii
785 4395 898 4464 quidem
924 4400 1018 4450 arctate
1041 4396 1142 4449 victori
1168 4414 1224 4450 non
1253 4397 1343 4449 solum
1370 4399 1497 4466 tempora

221 4482 319 4521 currina
342 4466 537 4536 cingebantur,
561 4466 609 4520 sed
633 4465 718 4521 etiam
742 4467 853 4537 palmae
876 4484 970 4521 ramus
993 4467 1021 4520 in
1040 4485 1139 4521 manns
1159 4468 1282 4521 ‹luliartur
1299 4472 1335 4535 (v.
1349 4467 1432 4521 Pane.
1448 4486 1496 4520 viu

221 4543 259 4606 tt,
280 4546 304 4593 ⁵2.
328 4538 402 4591 Plut.
423 4540 531 4606 quaest.
552 4555 630 4592 conv.
650 4546 742 4601 unt,
763 4542 798 4607 1),
827 4539 876 4592 sed
905 4537 987 4591 huius
1014 4539 1099 4593 moris
1128 4540 1203 4609 aprrd
1233 4538 1385 4592 Pindarum
1418 4538 1495 4591 nulla

222 4609 338 4680 vestigia
357 4612 482 4674 exstant;
507 4612 637 4680 cornipta
657 4608 728 4662 enini
749 4609 869 4664 lectione
888 4608 920 4665 fr.
937 4616 979 4676 75,
996 4616 1029 4663 14
1048 4611 1130 4663 abuti
1148 4628 1204 4664 non
1222 4609 1296 4664 lieet.
1325 4610 1393 4663 lnde
1408 4610 1494 4662 etium

223 4678 318 4751 figulus
337 4682 492 4746 Romanus,
512 4679 561 4747 qui
580 4679 733 4733 Victoriam
756 4680 910 4748 antiquarii
929 4681 1106 4735 Monacensis
1130 4682 1166 4734 ad
1187 4682 1331 4751 exemplar
1349 4680 1493 4733 Victoriae

223 4748 331 4807 Paeonii
350 4751 426 4820 lecit,
446 4750 527 4806 deam
547 4751 637 4806 altera
656 4768 739 4805 mann
759 4768 898 4821 eoronam,
918 4754 1010 4807 altera
1029 4752 1153 4823 palmam
1172 4757 1315 4807 tenentem
1334 4750 1421 4805 finxit.

308 4830 335 4895 b)
355 4824 438 4879 Paua.
453 4841 471 4877 r
486 4830 510 4893 ἵ,
526 4829 549 4879 ἵ.
571 4822 640 4879 Plin.
657 4843 682 4878 n.
698 4824 724 4877 b.
741 4843 786 4877 xvi
800 4830 843 4893 44,
858 4830 900 4880 89.

1248 4914 1282 4967 et
