3442 5550
785 372 917 423 rurum
936 374 970 423 ιι.
1203 370 1209 380 ·
1429 370 1493 433 125

220 539 318 598 ditum
348 538 470 596 Pindari
494 538 661 597 abitinere
685 538 887 615 Syracusano,
912 536 958 597 01.
979 542 1020 598 78
1044 539 1099 597 hoo
1122 557 1240 597 carmen
1265 539 1409 614 scriptum
1432 557 1495 598 esse

220 628 476 688 existimaverunt.
513 627 614 702 Atque
635 626 865 703 primumquod
887 627 979 686 Hiero
1003 628 1209 703 Syracusanus
1232 628 1263 685 in
1286 628 1342 687 hoc
1365 628 1495 687 carmine

219 709 260 797 (v.
281 709 321 798 1),
344 736 403 776 non
427 717 579 776 Aetnaeus
602 715 725 793 dicitur,
748 716 866 775 indicio·
882 735 944 775 esso
968 716 1088 776 videtur
1109 717 1165 776 hoo
1188 736 1307 775 carmen
1330 720 1399 775 ante
1423 717 1456 778 P.
1475 736 1495 794 1,

216 825 276 882 quo
304 826 356 864 rex
382 805 502 864 nomine
525 804 652 863 Aetnaei
679 806 790 862 famam
819 805 902 864 urbis
929 825 1025 881 nuper
1052 806 1189 865 conditae
1218 805 1392 881 illustravit,
1416 825 1494 865 oom-

218 895 352 972 positnm
386 914 456 954 esse.
513 893 571 952 Sed
602 894 672 952 huic
705 898 881 971 argumento
914 914 951 953 ne
983 914 1038 973 ego
1071 894 1191 971 quidem
1223 895 1352 953 multum
1384 894 1494 972 tribuo,

217 984 461 1060 quandoquidem
493 983 585 1041 Hiero
614 980 791 1058 Olympiade
816 985 855 1041 77
881 983 978 1041 denuo
1009 982 1231 1059 Syracusanum
1264 1004 1294 1043 se
1327 984 1494 1043 renuntiari

217 1073 313 1131 iussit.
350 1073 456 1148 Neque
475 1071 666 1131 dissidiorum
689 1071 767 1130 inter
789 1090 890 1150 regem
909 1074 939 1130 et
957 1076 1078 1147 poetam
1097 1071 1275 1149 significatio
1295 1066 1355 1152 (vv.
1374 1066 1493 1155 75-9‘2)

217 1162 255 1220 ad
284 1162 490 1238 quaestionem
517 1161 757 1238 chronologicam
785 1160 981 1219 dirimendam
1003 1162 1134 1219 multum
1157 1162 1246 1220 valet.
1292 1162 1338 1219 Ea
1361 1162 1440 1220 enim
1463 1165 1495 1221 et

218 1254 287 1310 ante
311 1250 369 1309 iter
393 1252 626 1326 Syracusanum,
651 1250 804 1308 simultate
833 1249 911 1308 inter
938 1249 1098 1308 Hieronem
1126 1255 1156 1309 et
1182 1249 1356 1325 Polyzelum
1384 1250 1493 1309 Thero·

217 1358 344 1415 nemque
374 1340 519 1416 flagrante
544 1330 797 1418 (cf.0.11arg.),
828 1358 843 1396 e
887 1343 956 1414 post
985 1339 1050 1397 eius
1079 1339 1222 1416 reditum,
1255 1339 1433 1414 llacohylide
1463 1339 1494 1397 in

219 1429 363 1488 maiorem
390 1429 518 1506 gradum
546 1427 661 1505 gratiae
689 1428 770 1502 apud
797 1427 957 1506 Hieronem
986 1432 1101 1505 evecto,
1136 1429 1223 1487 facile
1252 1428 1324 1485 oriri
1354 1431 1495 1503 poterant

218 1510 270 1598 (cf.
290 1518 380 1576 schol.
400 1517 432 1575 P.
454 1536 475 1574 11
497 1510 570 1597 131).
617 1516 675 1574 Sed
702 1516 897 1591 praecipuum
925 1520 1137 1595 argumentum
1164 1517 1320 1593 Boeckhii,
1351 1538 1385 1575 ex
1416 1537 1494 1577 com·

217 1606 431 1666 memoratione
455 1605 587 1665 civitatis
610 1605 773 1664 Locrorum
796 1625 814 1663 a
837 1605 977 1681 snperbia
1000 1607 1189 1666 inimicorum
1211 1606 1355 1665 liberatae
1380 1600 1421 1687 (v.
1446 1598 1493 1687 18)

219 1694 356 1772 ductum,
379 1714 398 1753 a
420 1694 536 1753 nemine
564 1694 726 1753 infractum
750 1712 813 1753 esse
837 1695 991 1754 contendo.
1036 1695 1115 1754 Nam
1138 1716 1206 1754 cum
1229 1696 1423 1773 Anaxilaum,
1447 1698 1493 1770 ty-

218 1804 348 1843 rannum
379 1783 499 1861 Rhegii,
524 1782 570 1841 Ol.
593 1786 645 1860 76,
668 1788 682 1840 1
710 1804 746 1842 ne
770 1803 854 1842 arma
880 1784 982 1843 Locris
1011 1783 1135 1843 inferret
1162 1784 1250 1843 minis
1277 1785 1417 1843 Hieronis
1445 1785 1493 1843 de-

217 1874 357 1932 territum
376 1892 438 1932 esse
453 1873 639 1949 eundemque
658 1872 749 1948 paulo
768 1876 838 1948 post
851 1872 915 1931 rita
935 1872 1093 1933 decessisse
1112 1876 1228 1933 constet
1242 1867 1283 1953 (v.
1298 1873 1384 1933 Diod.
1400 1892 1430 1931 ιιι
1450 1883 1493 1951 48,

218 1963 308 2022 schol.
323 1963 380 2023 P.1
400 1973 442 2019 99.
463 1980 484 2019 ιι
504 1954 562 2042 34),
585 1962 640 2020 hoc
663 1980 781 2020 carmen
801 1981 860 2020 non
879 1966 948 2037 post
966 1982 1079 2020 annum
1098 1957 1196 2041 476s5
1217 1982 1243 2022 a.
1263 1963 1329 2020 Chr.
1349 1963 1494 2039 scriptum

218 2070 281 2111 esse
305 2071 358 2127 pro
382 2054 462 2110 certo
486 2069 573 2126 pono.
610 2050 694 2119 Quod
718 2050 743 2108 si
766 2054 880 2109 certum
904 2053 957 2128 est,
981 2052 1110 2110 alterurn
1134 2052 1196 2111 veri
1219 2052 1315 2110 simile
1339 2070 1401 2110 esse
1425 2072 1494 2110 con·

218 2141 363 2218 sequitur,
387 2139 561 2216 calumnias,
585 2139 695 2214 quibus
718 2138 865 2197 Pindarus
889 2140 926 2198 ab
946 2141 1051 2200 aulicis
1075 2139 1214 2200 Hieronis
1233 2160 1263 2199 se
1281 2140 1411 2216 petitum
1430 2159 1493 2200 esse

218 2228 381 2308 significat,
409 2228 565 2288 cohaerere
594 2247 662 2287 oum
690 2227 855 2287 inimicitiis
881 2229 960 2287 inter
986 2230 1147 2289 Hieronem
1175 2233 1206 2288 et
1234 2229 1399 2289 Theronem
1428 2235 1494 2288 tum

219 2320 346 2378 maxime
369 2317 576 2396 flagrantibus.
622 2318 701 2375 Nam
729 2336 796 2376 oum
820 2317 967 2376 Pindarus
991 2319 1097 2377 intima
1120 2318 1326 2377 familiaritate
1351 2318 1494 2378 Theronis

217 2409 341 2483 eiusque
369 2407 468 2485 gentis
496 2409 633 2465 uteretur
659 2409 690 2465 et
716 2407 747 2464 in
775 2406 905 2465 carmine
930 2406 963 2466 Ο.
983 2427 1005 2464 ιι
1029 2412 1132 2483 aperte
1160 2427 1190 2467 se
1219 2408 1284 2466 eius
1311 2408 1441 2467 amicum
1464 2411 1495 2465 et

218 2498 367 2556 fautorem
397 2498 549 2572 professus
579 2498 669 2572 esset,
701 2494 731 2553 in
761 2496 833 2553 aula
862 2495 1001 2554 Hieronis
1025 2496 1173 2555 exstitisse
1196 2496 1349 2573 probabile
1373 2496 1495 2572 estqui

218 2586 296 2664 regis
320 2585 454 2643 animum
478 2585 516 2643 ad
540 2584 723 2660 suspiciones
746 2603 874 2660 pronum
897 2585 989 2643 etiam
1012 2586 1109 2663 magis
1128 2587 1322 2664 exagitarent.
1359 2585 1416 2644 Sed
1436 2605 1494 2644 non

218 2675 323 2734 vicisse
357 2674 429 2733 istos
462 2674 689 2750 obtrectatores,
720 2673 772 2731 sed
801 2693 900 2751 regem
930 2674 1048 2734 reiectis
1078 2675 1205 2735 istorum
1235 2675 1393 2735 calumniis
1425 2674 1494 2732 Pin-

219 2764 335 2822 daricae
368 2764 471 2822 Musae
504 2764 637 2822 favorem
668 2762 838 2839 ambivisse,
868 2763 924 2822 hoo
953 2764 1052 2840 ipsum
1082 2784 1201 2823 carmen
1232 2765 1410 2824 documento
1440 2768 1493 2822 est.

222 2852 286 2922 Qua
314 2853 349 2911 de
373 2871 464 2911 causa
487 2871 542 2929 ego
565 2853 621 2911 hoc
644 2871 762 2911 carmen
786 2856 855 2926 post
878 2851 911 2911 0.
931 2872 953 2909 ιι
977 2873 1044 2912 vere
1068 2853 1139 2911 anni
1162 2857 1236 2930 475,
1267 2872 1326 2929 quo
1349 2852 1495 2911 Heraclea

220 2941 361 3001 Thebana
385 2934 811 3020 agebantn1·(v.Prol.xcr),
835 2940 980 3016 scriptum
1003 2945 1034 3000 et
1052 2942 1160 3000 Thebis
1184 2942 1347 3017 Syracusas
1370 2941 1494 3000 missum

218 3049 280 3091 esse
304 3035 399 3089 teneo.

306 3120 341 3177 ln
360 3119 512 3196 prooemio
531 3122 621 3194 poeta
640 3118 781 3176 nuntium
795 3138 825 3177 se
844 3120 920 3177 t'erre
940 3118 1013 3177 dicit
1031 3118 1173 3178 victoriae
1193 3118 1347 3197 quadrigis
1367 3119 1403 3177 ab
1424 3120 1494 3179 Hic·

219 3228 288 3268 rone
307 3212 412 3285 partae
432 3200 559 3288 (1—12),
583 3226 672 3282 quarn
695 3209 731 3265 ut
754 3207 894 3283 Cinyram
917 3207 989 3266 olim
1009 3226 1028 3265 a
1048 3207 1173 3285 Cypriis
1196 3208 1239 3266 sio
1258 3227 1336 3267 nunc
1355 3228 1374 3266 a
1391 3207 1494 3268 Locris

219 3297 385 3376 virginibus
398 3300 520 3375 gratum
535 3297 668 3354 animum
683 3296 915 3355 testificantibus
929 3297 977 3372 pie
991 3296 1158 3373 praedicari
1173 3290 1316 3377 (13—20).
1337 3297 1403 3367 Qua
1418 3297 1449 3355 in
1463 3318 1494 3357 re

219 3406 286 3446 cum
305 3388 415 3446 Locros
434 3386 600 3462 consilium,
620 3384 701 3461 quod
720 3385 804 3445 Ixion
823 3389 906 3444 rotae
930 3385 1066 3464 illigatus
1090 3386 1267 3445 mortalibus
1286 3387 1401 3445 dedisse
1420 3389 1493 3446 l'ere·

220 3478 316 3554 batur,
341 3476 426 3551 sequi
450 3475 574 3534 dixisset
597 3468 741 3555 (al-24),
764 3474 825 3533 iam
848 3474 958 3532 transit
980 3476 1019 3533 ad
1042 3475 1177 3534 fabulam
1196 3475 1231 3534 de
1250 3475 1352 3536 Ixione
1372 3495 1493 3535 narran-

219 3566 296 3642 dam,
318 3565 371 3641 qui
390 3565 471 3641 quod
490 3563 641 3641 parricidii
661 3565 757 3622 scelus
777 3563 973 3622 commisisset
991 3568 1021 3622 et
1038 3583 1161 3624 uxorem
1183 3565 1263 3624 lovis
1285 3566 1397 3624 nefarie
1418 3566 1493 3641 peti·

221 3654 300 3731 isset,
315 3674 350 3713 ex
364 3654 442 3712 nube
459 3653 582 3712 Iunonis
602 3654 729 3711 formam
748 3652 868 3710 imitata
886 3653 1046 3711 immanem
1065 3655 1179 3729 prolem
1194 3656 1337 3713 Centauri
1356 3655 1494 3732 genuerit

219 3747 250 3802 et
272 3748 341 3819 post
363 3746 489 3801 mortem
512 3741 697 3820 gravissimis
726 3741 828 3817 poenis
856 3741 887 3799 in
911 3741 987 3801 Orco
1012 3741 1167 3820 affligatur
1190 3736 1334 3824 (ra-48).
1380 3742 1493 3800 Deinde

220 3831 298 3892 Iovis
326 3832 496 3908 maiestate,
526 3851 603 3906 quae
632 3830 662 3888 in
690 3830 745 3890 hac
773 3849 893 3906 quoque
921 3831 1025 3889 fabula
1052 3833 1213 3908 conspicua
1240 3833 1313 3910 fuit,
1341 3831 1493 3907 splendide

219 3920 372 3980 illustrata
395 3924 485 3996 poeta
509 3940 539 3979 se
564 3940 582 3978 a
604 3919 720 3995 probris
748 3920 905 3978 abhorrere
933 3924 1085 3979 asseverat
1112 3925 1142 3980 et
1169 3923 1206 3980 ad
1235 3921 1360 3981 encomii
1388 3920 1493 3980 carmi-

218 4010 264 4068 nis
287 4028 397 4069 munus
425 4009 559 4069 oratione
587 4010 696 4067 reflexa
718 4008 857 4067 Hieronis
881 4027 951 4085 opes
975 4029 1043 4068 cum
1066 4010 1178 4069 virtute
1202 4010 1377 4070 coniunctas
1400 4009 1493 4087 insig-

217 4100 297 4158 niter
325 4099 432 4157 laudat
461 4118 589 4174 eumque
620 4101 698 4173 orat,
730 4102 765 4155 ut
794 4098 896 4156 Musae
926 4098 1038 4157 donum
1068 4099 1164 4156 instar
1185 4098 1365 4158 Phoenissae
1388 4099 1494 4158 mercis

215 4189 342 4247 missum
362 4188 488 4265 benigne
508 4187 636 4263 accipiat
654 4189 685 4245 et
704 4185 812 4244 fidibus
830 4187 984 4246 succinens
1004 4187 1153 4265 agendum
1172 4192 1256 4247 curet
1274 4182 1418 4269 tls-71).
1446 4188 1494 4247 Sic

216 4278 345 4354 epinioio
365 4278 496 4353 peracto
515 4277 547 4335 in
566 4279 697 4335 extrema
711 4278 796 4351 parte
811 4268 947 4356 (τι-96)
962 4276 1110 4353 carminis,
1129 4296 1222 4353 quam
1237 4277 1269 4335 in
1282 4277 1381 4337 media
1399 4278 1493 4353 epodo

217 4367 348 4442 incipere
371 4367 496 4442 mireris,
520 4385 605 4424 suam
629 4383 751 4423 causam
773 4368 864 4440 poeta
887 4365 961 4443 egit,
985 4365 1235 4442 familiariterque
1268 4386 1336 4426 cum
1364 4367 1493 4426 Hierone

217 4457 392 4532 colloquens
419 4458 520 4514 monet
547 4475 628 4531 eum,
657 4457 693 4511 ut
720 4458 814 4512 semet
843 4454 905 4529 ipse
929 4458 1090 4532 cognoseat
1112 4475 1186 4515 neve
1209 4456 1417 4516 adulatoribus
1441 4473 1492 4512 au-

216 4562 279 4603 rem
303 4544 458 4621 praebeat,
489 4544 589 4620 ipsum
612 4544 650 4601 ab
673 4545 895 4602 assentatorum
918 4543 1074 4603 fraudibus
1097 4545 1185 4623 longe
1210 4546 1376 4621 abhorrere,
1399 4542 1492 4601 homi·

217 4654 285 4693 nem
308 4653 443 4692 veracem
468 4634 498 4691 in
522 4632 602 4691 omni
626 4633 722 4691 forma
741 4632 783 4691 rei
802 4631 939 4707 publicae
959 4632 1110 4692 adulatori
1128 4638 1281 4710 praestare
1299 4638 1414 4709 ratum,
1438 4650 1494 4689 sua

217 4726 298 4784 sorte
322 4725 496 4782 contentum
516 4742 546 4780 se
566 4741 623 4780 non
646 4720 756 4779 altiora
778 4725 880 4797 petere
903 4740 998 4797 neque
1022 4727 1125 4781 contra
1150 4724 1306 4783 stimulum
1329 4722 1493 4799 calcitrare,

218 4812 365 4875 bonorum
387 4812 467 4872 euim
489 4810 703 4872 consuetudine
726 4813 763 4869 ut
785 4810 913 4889 fruatur,
937 4811 993 4870 sibi
1016 4812 1103 4873 unice
1127 4813 1208 4873 cordi
1231 4832 1302 4873 esse.
