3442 5550
756 403 888 454 PYTHIA
908 403 941 454 11.

267 562 390 648 Λοκρίς
412 563 580 649 παρθένος
603 564 708 648 ἀπύει,

310 674 476 756 πολεμίων
498 671 652 755 καμάτων
676 709 686 717 -
709 670 741 748 ἐξ
766 670 943 755 ἀμαχάνων

213 796 247 842 ao
267 779 322 842 διά
345 779 423 843 τεάν
446 779 590 862 δύναμιν
613 776 760 862 δρακεῐσ’
786 820 799 827 -
823 777 977 862 ἀσφαλές.

264 892 356 950 θεῶν
379 883 410 949 δ’
437 885 605 970 έφετ-μαῖς
626 883 743 962 Ἰξίονα
767 883 868 968 φαντί
891 895 1010 950 ταῦ-ττι
1032 889 1164 971 βροτοῖς

266 991 373 1076 λέγειν
397 991 434 1056 έν
456 995 639 1077 πτερόεν-τι
663 1002 769 1080 τροχῷ

265 1110 373 1187 παντᾷ
395 1101 642 1184 κυλινδόμενον·

267 1209 325 1272 τὸν
348 1206 523 1292 εὐεργέταν
547 1207 684 1289 ἀγαναῖς
706 1206 860 1291 ἀμοιβαῖς

312 1314 544 1398 ἐποιχομένους
566 1319 726 1380 τίνεσθαι.

214 1528 248 1575 25
268 1515 369 1596 ἔμαθε
394 1507 430 1575 δέ
453 1508 564 1594 σαφές.
611 1508 781 1599 εὐμενέσσι
805 1511 868 1595 γάρ
891 1513 979 1595 παρά
1003 1512 1185 1597 Κρονίδαις
1275 1518 1354 1596 Στρ,
1378 1511 1421 1597 β’.
1454 1531 1488 1576 45

268 1621 394 1700 γλυκὺν
418 1615 501 1682 ἑλὼν
524 1620 652 1701 βίοτον,

312 1727 440 1811 μακρὸν
462 1724 523 1808 οὐχ
546 1724 720 1809 ὑπέμεινεν
743 1727 859 1810 ὄλβον,

262 1830 265 1835 ’
312 1831 526 1917 μαινομέναις
548 1830 674 1918 φρασὶν

260 1938 372 2025 Ἥρας
395 1939 450 2005 ὅτ’
473 1938 648 2025 ἐράσσατο,
671 1941 732 2003 τάν
754 1940 838 2016 Διὸς
860 1938 969 2004 εὐ-ναλ
992 1940 1093 2023 λάχον

267 2045 484 2129 πολυγαθέες·
510 2045 592 2110 ἀλλά
615 2070 671 2110 νιν
692 2046 789 2130 ὕβρις
813 2047 860 2121 είς
883 2045 1009 2111 ἀυάταν
1032 2046 1250 2131 ὑπεράφανον

268 2148 387 2237 ὦρσεν·
410 2153 492 2236 τάχα
516 2149 552 2216 δὲ
575 2153 697 2218 παθὼν
720 2150 838 2216 ἐοικότ’
864 2151 947 2239 ἀνὴρ

215 2276 249 2322 30
269 2258 433 2344 ἐξαίρετον
456 2259 507 2324 ἕλε
530 2263 668 2344 μόχθον.
714 2261 751 2324 αί
772 2259 834 2323 δύο
858 2257 889 2322 δ’
915 2258 1093 2344 ἀμπλακίαι

268 2366 445 2452 φερέπονοι
470 2366 622 2432 τελέθον-

312 2494 356 2538 τι·
379 2475 416 2538 τὸ
439 2471 501 2559 μέν
522 2475 626 2559 ἥ-ρως
650 2475 698 2539 ότι

268 2580 430 2665 ἐμφύλιον
453 2573 533 2665 αἷμα
555 2583 643 2666 πρώ-

313 2705 423 2764 τιστος
446 2688 506 2752 οὐκ
530 2690 606 2773 άτερ
630 2687 745 2771 τέχνας
767 2687 893 2773 ἐπέμιξε
917 2695 1067 2765 θνατοῖς·

287 2872 327 2920 23.
348 2873 441 2919 παντᾶ
463 2864 518 2919 OD
537 2896 570 2902 -
590 2869 631 2918 24.
652 2864 796 2935 ἀμοιβαίσι
814 2865 843 2917 Ι)
862 2896 896 2903 -
915 2868 956 2916 28.
976 2862 1153 2933 πολυγαθέος
1172 2866 1272 2919 D1‘0E
1288 2898 1322 2905 -
1341 2865 1414 2921 ἄταν
1433 2868 1490 2922 0⁸⁰

217 2934 444 3062 gi-ectirrfigffilg
460 2937 493 3047 ‘C-
504 2965 537 2974 -
557 2941 599 2988 30.
620 2933 662 2988 έλε
682 2935 802 2989 Mosch.:
823 2935 884 3005 ἔσχε
904 2935 928 2989 0
936 2935 972 3002 D,
996 2934 1040 3005 ἔχε
1060 2936 1097 2989 Μ
1112 2966 1145 2975 -
1166 2941 1208 2990 31.
1228 2934 1267 2990 ότι
1289 2935 1315 2989 τ’
1339 2937 1442 3007 CDE,
1461 2937 1487 2992 r’

216 3152 306 3204 torem
319 3148 496 3220 praedicant;
516 3150 551 3204 cf.
567 3150 596 3202 P.
612 3168 642 3201 οι
658 3166 682 3203 τε
696 3181 731 3188 -
747 3156 788 3204 19.
803 3149 905 3216 Λοκρὶς
919 3145 1075 3215 παρθένος·
1096 3147 1269 3218 comparatio
1283 3149 1412 3203 Hieronis
1426 3167 1490 3204 cum

217 3221 320 3290 Cinyra
343 3238 375 3274 eo
398 3221 552 3290 perficitur,
581 3221 656 3289 qnod
680 3223 712 3274 nt
735 3219 851 3274 Veneris
875 3219 1050 3273 sacerdotem
1072 3218 1252 3273 mulierculae
1275 3219 1435 3275 meretrices
1458 3221 1488 3275 in

218 3293 283 3346 leno
303 3293 372 3345 deae
392 3292 525 3362 degentes
544 3291 740 3360 celebrabant,
766 3291 808 3346 ita
826 3290 976 3344 Hieronem
994 3290 1174 3344 liberatorem
1193 3291 1343 3345 Locrenses
1362 3309 1417 3346 non
1436 3292 1491 3346 viri

218 3365 266 3419 sed
285 3363 421 3434 virgines3
445 3364 520 3435 apud
539 3364 641 3418 Locros
661 3367 756 3417 autem
774 3363 879 3416 maiore
899 3362 929 3415 in
947 3361 1050 3416 honore
1070 3361 1189 3416 feminas
1207 3361 1303 3432 fuisse,
1322 3364 1397 3432 quod
1415 3364 1490 3435 prin-

217 3435 293 3505 cipes
311 3435 404 3504 gentis
422 3434 602 3489 nobilitatem
619 3435 730 3505 generis
750 3452 767 3488 a
787 3433 937 3500 matribus,
962 3451 1017 3487 non
1036 3433 1164 3504 patribus
1183 3433 1352 3503 derivarent,
1371 3434 1491 3489 tradidit

217 3506 382 3560 Aristoteles
402 3524 420 3559 a
439 3506 477 3559 ud
496 3506 592 3574 Polyb.
608 3526 647 3559 το
660 3522 680 3561 τ.
705 3507 738 3561 cf.
756 3509 878 3562 0.1xsc.
903 3505 1013 3575 Topfer,
1033 3504 1160 3559 Attische
1179 3504 1293 3561 Geneal.
1309 3523 1346 3562 ror
1361 3524 1383 3561 s.

289 3584 332 3632 21.
352 3526 489 3631 fribuIans
510 3595 574 3646 pars
593 3577 725 3632 carminis
744 3577 845 3648 incipit
860 3580 985 3631 -θεῶν
1003 3575 1031 3631 δ’
1053 3576 1195 3645 ἐφετμαῖς·
1216 3577 1319 3631 Ixionis
1338 3577 1418 3647 impii
1437 3595 1490 3632 vox

217 3666 280 3704 cnm
298 3667 348 3719 per
366 3666 395 3702 se
414 3665 513 3718 parum
532 3649 639 3716 valeat,
664 3650 779 3703 deornm
797 3651 875 3702 iussn
893 3648 1006 3716 prolata
1023 3664 1084 3702 esse
1103 3648 1218 3715 dicitur;
1261 3649 1356 3702 unitus
1380 3649 1453 3703 enim
1473 3668 1491 3703 a

219 3721 273 3775 diis
291 3725 320 3774 et
338 3725 416 3774 rotae
436 3720 563 3789 illigatus
582 3720 708 3774 homines
732 3719 916 3786 commonuit,
941 3722 972 3771 ut
990 3735 1025 3772 ne
1044 3737 1125 3772 suum
1149 3668 1306 3789 exempIum
1324 3720 1429 3775 imitati
1447 3721 1491 3776 in-

218 3792 292 3861 grati
311 3795 408 3845 contra
427 3808 474 3845 eos
494 3795 595 3859 essent,
615 3792 752 3859 aquibus
772 3790 907 3844 beneficia
931 3789 1112 3860 accepissent.
1136 3823 1171 3829 -
1194 3797 1236 3844 21.
1260 3792 1294 3845 cf.
1315 3791 1398 3861 Sopb.
1418 3792 1489 3847 Phil.

218 3879 267 3918 etc:
289 3861 359 3935 λόγῳ
373 3861 424 3932 μὲν
440 3861 577 3931 ἑξήκοντ’,
595 3861 695 3915 ὄπωπα
710 3861 736 3915 δ’
755 3864 787 3915 οὐ
802 3862 885 3932 μάλα,
902 3863 905 3932 I
922 3862 971 3915 τὸν
984 3861 1109 3915 πελάταν
1123 3860 1242 3928 λέκτρων
1255 3861 1322 3916 ποτὲ
1339 3872 1395 3917 τῶν
1410 3866 1478 3926 Διὸς

218 3932 279 3987 κατ’
309 3933 415 4003 ἄντυγα
443 3934 478 4002 δὴ
508 3933 638 4003 δρομάδα
661 3936 664 4004 l
690 3933 803 4002 δέσμιον
829 3935 865 3996 ὡς
893 3933 992 4004 ἔλαβεν
1015 3936 1019 4001 Ι
1042 3933 1204 4001 παγκρατὴς
1229 3931 1339 4000 Κρόνου
1365 3943 1431 3997 παῖς
1456 3967 1491 3974 -—

218 4011 260 4059 at.
281 4004 489 4076 ἐποιχομένους·
510 4005 545 4058 de
559 4022 616 4059 acc.
632 4021 654 4059 c.
669 4005 718 4059 inf.
733 4007 798 4074 port
814 4004 871 4058 dut.
879 4006 997 4128 βροτοῖς
1010 4008 1046 4072 (v.
1062 4008 1098 4072 ar)
1113 4003 1146 4058 cf.
1163 4003 1193 4058 Ο.
1209 4023 1218 4056 1
1233 4022 1245 4058 a
1261 4036 1292 4044 -
1308 4010 1350 4058 25.
1371 4005 1491 4061 similem

218 4077 321 4131 Ixionis
348 4077 472 4130 animum
497 4076 635 4129 Pindarus
661 4076 743 4145 fingit
768 4080 853 4144 atque
903 4073 1005 4143 antali,
1033 4092 1117 4144 quem
1142 4077 1171 4129 et
1195 4075 1287 4145 ipsum
1313 4076 1350 4129 ad
1376 4077 1491 4131 deorum

218 4149 384 4202 commercia
399 4147 553 4201 admissum
568 4147 731 4201 felicitatem
747 4148 818 4201 ferre
832 4164 888 4201 non
897 4147 1022 4217 potuisse
1036 4146 1151 4218 exponit
1164 4146 1216 4202 or
1230 4165 1256 4202 ss
1266 4180 1300 4187 —
1310 4153 1352 4201 28.
1367 4147 1490 4203 ἀυάταν·

218 4220 248 4273 in
267 4219 382 4274 Aeolico
401 4219 537 4273 vocabulo
558 4215 701 4289 digamma
719 4218 749 4272 in
767 4222 917 4288 cognatam
936 4219 1062 4273 vocalem
1079 4240 1097 4273 υ
1116 4217 1201 4285 abiit,
1225 4221 1256 4271 ut
1281 4219 1310 4272 in
1334 4221 1440 4291 άνερίρ
1459 4219 1490 4274 0.

217 4311 266 4344 1111
285 4310 323 4356 τις
343 4291 378 4344 cf,
393 4291 423 4346 P.
437 4310 468 4342 nr
483 4307 509 4344 aa
529 4324 561 4330 -
580 4291 735 4345 τελέθοντι·
756 4291 897 4361 praesenti
916 4290 1012 4358 utitur,
1031 4290 1106 4358 quod
1124 4305 1216 4359 poena
1234 4289 1337 4344 Ixionis
1356 4296 1492 4361 perpetua

217 4366 326 4425 manet,
344 4366 377 4415 ut
396 4362 452 4415 iarn
471 4361 606 4416 Homerus
626 4362 660 4415 de
680 4362 734 4415 diis
754 4365 781 4416 ct
799 4363 882 4416 rebus
902 4360 1005 4414 (livinis
1024 4361 1165 4431 praesenti
1179 4364 1304 4431 tempore
1318 4381 1385 4416 usus
1400 4367 1443 4416 est
1457 4395 1492 4402 —

218 4441 259 4489 32.
276 4434 412 4504 ἐμφύλιον
425 4430 494 4502 αλμα
511 4478 552 4488 ...
569 4435 619 4487 οὐκ
635 4431 825 4503 descripsere·
845 4432 1027 4502 parricidium
1041 4431 1147 4502 primus
1161 4432 1240 4486 Ixion
1255 4434 1401 4502 commisit,
1417 4435 1492 4502 quod

217 4505 341 4560 Deioneo
361 4522 456 4558 socero
475 4505 505 4558 id
524 4505 689 4558 insidiarum
709 4504 818 4570 struxit,
838 4509 870 4557 ut
888 4505 925 4557 ad
944 4503 1103 4557 convivium
1117 4508 1233 4557 vocatus
1248 4505 1276 4558 in
1291 4507 1415 4559 scrobem
1431 4522 1491 4559 cur-

217 4577 337 4631 bonibus
356 4576 470 4646 plenam
489 4580 518 4630 et
535 4579 567 4629 ut
586 4576 697 4629 l'allcret
716 4579 801 4630 exitea
819 4574 918 4628 leviter
936 4578 1062 4645 opertam
1076 4574 1221 4629 incideret.
1245 4575 1383 4630 Videntur
1397 4580 1491 4630 autern

217 4650 337 4719 primum
357 4649 430 4702 duae
449 4649 483 4701 tle
502 4648 597 4701 Ixione
617 4665 634 4701 a
653 4647 706 4700 diis
725 4647 824 4717 punIto
843 4646 957 4700 fabulae
976 4645 1157 4701 circumlatae
1177 4664 1249 4714 esse,
1269 4664 1332 4700 oum
1351 4647 1400 4700 alii
1420 4664 1491 4715 eum,

218 4722 293 4791 quod
312 4721 447 4774 lunonem
466 4720 592 4789 reginam
610 4719 716 4772 nol'urie
735 4717 949 4787 concupivisset,
963 4717 1022 4786 alii,
1037 4719 1112 4787 quod
1127 4718 1250 4773 Deioneo
1265 4736 1359 4773 socero
1374 4718 1491 4772 insidias

218 4793 303 4863 impie
331 4792 489 4857 struxisset,
521 4807 625 4860 poenas
655 4789 731 4844 luere
762 4789 898 4856 dicerent;
927 4787 983 4841 ium
1010 4790 1058 4858 qui
1083 4790 1153 4844 duas
1177 4789 1290 4844 fabulas
1317 4790 1492 4844 contamina·

218 4865 296 4930 bant,
315 4862 447 4929 Ixionem,
467 4879 531 4915 cum
549 4863 585 4914 ub
605 4861 784 4915 fraudulento
803 4861 858 4914 isto
876 4861 1027 4930 parricidio
1046 4878 1127 4915 nemo
1143 4879 1205 4916 eum
1221 4862 1333 4932 expiare
1348 4862 1491 4933 voluisset,

271 4965 397 5004 Pruoaats
411 4963 445 5002 ed.
461 4962 564 5003 Christ.
1264 4960 1279 5008 9
