3442 5550
775 410 898 460 Numae
918 410 939 458 Ι.

278 572 363 634 ἔνθα
385 593 441 654 μοι
465 569 626 655 ἁρμόδιον

277 678 414 743 δεῖπνον
435 681 646 762 κεκόσμηται,
668 679 762 762 θαμά
786 676 816 742 δ’
844 674 1042 744 άλλοδαπῶν

275 785 337 850 οὐκ
360 783 529 869 ἀπείρατοι
553 786 649 870 δόμοι

275 890 357 956 έντί·
382 891 515 976 λέλογχε
538 889 574 956 δέ
597 892 820 976 μεμφομένοις
842 891 959 969 ἐσλοὺς
981 892 1074 977 ὕδωρ
1097 903 1212 981 καπνῷ
1235 891 1351 977 φέρειν
1464 911 1498 958 35

221 1014 255 1062 κο
276 997 400 1064 ἀντίον.
441 998 553 1083 τέχναι
576 997 606 1063 δ’
634 997 754 1083 ἑτέρων
777 998 902 1084 ἕτεραι·

319 1108 380 1193 χρὴ
404 1104 435 1170 δ’
457 1105 494 1172 έν
518 1108 665 1183 εὐθείαις
688 1106 779 1184 ὁδοῖς
802 1111 972 1191 στείχοντα
995 1106 1187 1194 μάρνασθαι
1211 1115 1291 1192 φυᾷ.

272 1338 412 1423 πράσσει
435 1339 498 1423 γάρ
521 1341 607 1426 έργφ
631 1337 691 1424 μὲν
715 1337 850 1423 σθένος,
1293 1337 1376 1404 ’Λντ.
1400 1339 1443 1423 β’.

275 1449 428 1529 βουλαῖσι
453 1444 489 1511 δέ
513 1447 604 1530 φρὴν
627 1446 806 1531 ἐσσόμενον
828 1449 990 1535 προϊδεῖν,
1450 1464 1495 1515 ,ιο

275 1550 432 1636 συγγενές
455 1544 505 1630 οἷς
527 1552 646 1619 ἕπεται.

268 1657 491 1745 Ἁγησιδάμου
513 1672 587 1744 παῖ,
611 1660 667 1726 σέο
691 1659 723 1725 δ’
749 1659 834 1746 ἀμφὶ
857 1665 967 1750 τρόπφ

219 1782 254 1831 30
274 1778 342 1831 τῶν
364 1790 398 1831 τε
421 1765 475 1831 καὶ
498 1778 566 1832 τῶν
588 1771 728 1853 χρήσιες.

276 1874 337 1939 ούκ
360 1877 476 1959 ἔραμαι
499 1877 608 1940 πολὺν
631 1875 668 1940 έν
690 1876 821 1963 μεγάρῳ
845 1882 990 1941 πλοῦτον
1013 1877 1238 1961 κατακρύψαις
1261 1878 1362 1959 ἔχειν,
1460 1892 1494 1938 sc

293 2092 334 2140 24.
355 2084 449 2148 ἐσλοὺς
463 2085 559 2140 Trici:
580 2086 656 2149 ἐσλὸς
670 2087 732 2141 BD
751 2086 826 2155 quod
846 2104 880 2141 ex
899 2087 1017 2155 antiqua
1028 2048 1174 2156 'scriptura
1194 2088 1327 2140 ΕΣΛΟΣ
1343 2103 1394 2156 pro
1415 2086 1497 2149 ἐσλός

220 2184 253 2202 =
274 2156 380 2224 ἐσλούς,
406 2157 573 2211 remansisse
599 2157 668 2211 scite
693 2158 802 2212 monuit
828 2158 857 2212 in
883 2158 997 2213 scholiis
1016 2158 1194 2214 Aristarchus
1218 2191 1251 2198 —
1275 2164 1318 2213 25.
1345 2155 1372 2211 δ’
1395 2157 1437 2212 ἐνι
1464 2155 1496 2211 δι’

219 2226 255 2353 μὲ
256 2227 355 2353 11ρέἰιιι
369 2226 542 2283 conieceram
570 2261 605 2268 —
633 2234 675 2283 31.
701 2229 801 2300 ἔραμαι
829 2230 909 2285 codd.
934 2234 963 2284 et
985 2229 1085 2285 schol:
1114 2229 1211 2300 ἔραται
1240 2229 1310 2284 coni.
1335 2228 1497 2300 Mingurelli

221 2443 256 2497 de
275 2460 304 2497 re
319 2443 461 2513 praesenti
476 2447 626 2513 usurpatus
641 2447 696 2512 est;
717 2445 752 2498 de
766 2445 888 2500 carmine
903 2448 969 2500 aute
984 2446 1057 2500 fores
1071 2445 1184 2500 aedium
1198 2447 1313 2499 cantato
1328 2445 1362 2499 cs.
1377 2445 1397 2499 1.
1413 2463 1461 2498 vm
1475 2460 1496 2498 ι.

221 2514 337 2569 Poetam
357 2515 451 2585 ipsum
464 2514 538 2569 inter
552 2516 698 2571 choreutas
715 2516 799 2570 fuisse
813 2533 847 2570 ex
860 2517 952 2599 prima
965 2534 1085 2587 persona
1098 2517 1177 2571 verbi
1192 2520 1357 2587 apparet-
1372 2513 1497 2579 αὐλείαις

219 2586 336 2653 θύραις·
361 2588 459 2640 domus
480 2587 552 2642 fores
571 2588 660 2657 princi
682 2588 740 2642 ales
769 2591 916 2658 oppositae
940 2592 1006 2643 sunt
1030 2587 1162 2658 έριιείαις,
1185 2589 1291 2642 foribus
1315 2587 1435 2655 stabuli3
1460 2589 1494 2642 cf.

219 2658 361 2727 Aristoph.
382 2676 456 2727 vesp.
478 2675 536 2714 ιιει.
566 2658 629 2713 Eur.
676 2658 710 2714 el.
730 2677 777 2714 sse.
802 2661 885 2731 Soph.
907 2663 969 2715 Aut.
986 2678 1019 2716 is.
1038 2678 1072 2716 ss.
1096 2691 1130 2700 —
1154 2667 1195 2716 21.
1216 2659 1352 2730 ἁρμόδιον
1371 2662 1496 2728 δεῖπνον,

220 2732 252 2782 ut
275 2727 365 2796 ξείνια
388 2728 545 2799 ἁρμόζοντα
569 2731 598 2785 P.
617 2750 646 2784 iv
665 2748 717 2799 iso,
745 2734 811 2784 sunt
833 2732 933 2802 epulae
956 2732 1065 2803 largae,
1089 2731 1222 2786 felicitati
1245 2731 1379 2801 temporis
1403 2735 1495 2802 aptae.

220 2800 387 2855 Cantoribus
411 2801 498 2869 euim,
525 2805 674 2872 postquam
697 2802 849 2872 epinicium
872 2807 938 2857 autc
965 2804 1038 2857 fores
1064 2803 1235 2872 cecinerant,
1264 2803 1344 2856 lauta
1367 2803 1496 2857 convivia

220 2872 350 2943 apparari
371 2873 513 2940 solebant;
532 2873 566 2927 cl.
582 2873 616 2927 N.
632 2893 659 2926 ix
674 2891 699 2928 oo
719 2906 752 2913 -
771 2880 813 2928 23.
829 2871 919 2944 δόμοι,
938 2874 1022 2928 aedes
1037 2891 1070 2928 ex
1089 2874 1216 2943 pluribus
1235 2873 1417 2928 conclavibus
1432 2891 1496 2928 con-

220 2947 327 2998 stantes
351 2976 383 2983 —
408 2951 450 2998 24.
470 2944 499 2998 iu
521 2944 629 2999 difficili
650 2945 702 2998 hoc
720 2962 802 2999 versu
821 2943 987 3014 explicando
1006 2948 1114 2999 veteres
1138 2949 1167 2998 et
1184 2950 1309 2998 recentes
1329 2945 1494 3014 interpretes

219 3015 249 3068 in
268 3015 394 3070 diversas
412 3016 473 3069 vias
493 3016 631 3070 abierunt.
663 3018 756 3084 Atque
775 3032 847 3085 quae
867 3016 980 3085 probari
999 3019 1141 3084 nequeunt
1159 3020 1192 3068 ut
1202 3015 1324 3098 primum
1339 3015 1495 3083 reiciamus,

220 3087 396 3141 accusativus
421 3088 514 3150 ἐσλοὺς
537 3105 593 3140 nou
617 3087 737 3142 subiecti
761 3088 850 3141 vicem
874 3087 996 3155 obtinet,
1024 3103 1095 3156 quae
1119 3087 1221 3155 Heymi
1244 3086 1300 3139 fuit
1322 3086 1417 3155 opinio
1442 3085 1495 3140 hoc

219 3158 303 3213 modo
327 3160 414 3213 verbu
436 3158 623 3213 construentis
646 3157 756 3229 λέλογχε
778 3160 843 3222 τοὺς
869 3158 963 3221 δαλοὺς
986 3157 1084 3228 φέρειν
1102 3159 1200 3213 ἀντίον
1223 3166 1282 3220 τοῖς
1307 3157 1495 3229 μεμφομένοις

219 3227 294 3298 ὕδωρ
314 3235 420 3298 καπνῷ,
440 3231 489 3285 sed
504 3229 608 3284 obiecti
622 3229 701 3285 verbi
715 3230 841 3299 proxime
856 3230 1048 3284 antecedentis
1062 3227 1257 3300 μεμφομένοις.
1287 3229 1394 3284 Deinde
1408 3230 1494 3283 verba

218 3300 363 3355 Plutarchi
381 3286 414 3357 f'r.
430 3319 455 3356 aa
475 3303 536 3356 ‘rto
550 3300 664 3371 φθόνον
683 3300 752 3356 ἔνιοι
771 3306 808 3374 τῷ
824 3307 921 3375 καπνῷ
941 3300 1092 3366 εἰκάζουσι·
1112 3302 1198 3364 πολὺς
1215 3301 1268 3388 γὰρ
1289 3302 1319 3354 έν
1337 3309 1394 3364 τοῖς
1412 3303 1495 3371 ἀργο-

218 3371 312 3442 μένοις
326 3373 374 3440 ὤν,
388 3371 456 3427 ὅταν
472 3373 656 3443 ἐκλάμψωσιν,
667 3371 846 3441 ἀφανίζεται·
862 3372 960 3442 ἥκιστα
975 3381 1043 3443 γοῦν
1058 3382 1115 3435 τοῖς
1128 3374 1324 3445 πρεσβυτέροις
1338 3373 1492 3442 seorsus

218 3446 269 3498 aut
290 3444 363 3498 nihil
386 3444 422 3497 ad
448 3443 665 3513 explicationem
688 3444 770 3499 huius
793 3444 848 3499 loci
871 3444 1014 3514 pertinent
1036 3447 1086 3498 aut
1110 3444 1163 3498 hoc
1188 3461 1274 3497 unum
1297 3443 1434 3512 efficiunt,
1463 3447 1495 3496 ut

217 3515 356 3569 invidiam
370 3533 433 3569 curn
447 3516 524 3569 furno
539 3534 556 3569 a
571 3515 685 3570 Graecis
700 3520 894 3586 comparatam
908 3532 968 3570 esse
982 3515 1189 3587 intellegamus.
1213 3515 1272 3569 Iam
1286 3515 1361 3583 quod
1373 3515 1492 3568 Aristar·

217 3587 286 3641 chus
305 3587 505 3656 interpretatus
524 3590 579 3654 est,
606 3587 851 3657 reprehensoribus
869 3588 1005 3641 bonorum
1025 3588 1198 3657 contingere,
1223 3590 1255 3640 ut
1273 3586 1378 3640 samam
1397 3604 1492 3641 eorum

217 3657 366 3712 calumniis
380 3659 459 3712 velut
472 3659 579 3712 fumum
594 3677 668 3727 aqua
682 3658 864 3728 exstinguant
870 3657 1056 3784 ῷίρίσταρχος
1070 3657 1153 3713 odric·
1168 3667 1226 3721 τοῖς
1240 3656 1271 3711 δέ
1287 3661 1351 3721 τοὺς
1365 3659 1494 3727 ἀγαθοὺς

216 3728 405 3819 μεμφομένοις
423 3739 505 3784 τοῦτο
523 3730 632 3801 λέλογχε
651 3733 699 3784 καὶ
718 3728 868 3799 ὑποκείμεν
887 3750 903 3784 ν
922 3729 1004 3798 ἐστιν,
1023 3726 1083 3783 οἷον
1102 3731 1263 3796 ἀκολουθεῖ,
1283 3728 1374 3797 ὥσπερ
1392 3735 1491 3802 καπνῷ

215 3803 292 3870 υδωρ
311 3801 409 3871 φέρειν
427 3799 525 3856 ἀντίον
539 3804 587 3855 καλ
602 3802 825 3875 κατασβεννύναι
840 3801 936 3870 schol.)
951 3800 1022 3854 nihil
1037 3801 1074 3854 ad
1089 3800 1162 3855 hunc
1175 3802 1269 3856 locum
1283 3800 1396 3862 attinet,
1410 3818 1491 3871 prae-

216 3872 314 3928 sertim
339 3890 402 3926 cum
424 3876 508 3943 pocta
533 3891 588 3927 non
611 3891 640 3928 se
663 3877 809 3943 tamquam
831 3890 951 3941 aequum
972 3873 1093 3926 iudicem
1114 3872 1365 3927 calumniatoribus
1388 3873 1492 3926 invidis

216 3945 388 4015 opposuerit.
413 3945 515 3998 Verum
529 3945 617 4015 igitur
630 3946 735 3999 vidisse
752 3945 865 3999 videtur
878 3943 1043 3999 Leutschius
1058 3945 1211 4013 (Additum.
1227 3944 1264 3998 ad
1279 3944 1400 3998 Dissenii
1420 3961 1493 3998 corn-

216 4020 303 4070 ment.
320 4021 388 4070 1865
406 4035 433 4085 p.
448 4019 480 4085 ι),
499 4017 548 4085 qui
568 4017 771 4086 vituperatores
786 4015 929 4070 hominum
943 4016 1094 4087 probomm
1108 4032 1291 4070 remeassem
1306 4033 1389 4086 agere
1405 4032 1495 4084 neque

216 4088 373 4159 quidquam
397 4088 505 4142 efficere
533 4088 590 4141 dic-i
613 4088 745 4157 opinatus
768 4089 818 4141 est.
862 4087 917 4142 Sed
939 4089 1014 4141 unde
1040 4087 1109 4140 haec
1136 4087 1277 4142 sententia
1301 4087 1393 4142 verbis
1419 4085 1495 4155 ὕδωρ

217 4163 317 4231 καπνῷ
343 4157 441 4228 φέρειν
467 4159 602 4213 accessit?
631 4162 706 4214 certe
731 4176 787 4213 non
812 4159 887 4228 quod
915 4176 982 4214 voce
1005 4168 1116 4213 καπνοῦ
1135 4176 1178 4213 res
1198 4158 1263 4213 vilis
1283 4158 1496 4229 significabatur

217 4229 373 4301 (henach),
402 4231 450 4285 sed
476 4230 552 4313 quod
574 4231 675 4313 fumus¹
697 4248 771 4313 aqua
802 4230 949 4301 superfusa
980 4229 1072 4300 magis
1089 4233 1221 4312 'augetur
1250 4247 1335 4298 quam
1361 4230 1496 4284 minuitur

217 4302 360 4429 riffll’
373 4303 836 4428 christilszlltitlt':
851 4302 944 4428 {mii
957 4302 1495 4443 tttlriiltlttt‘ztfftli?

218 4444 288 4500 Phil.
306 4462 344 4500 1³7
363 4444 393 4500 τέ
411 4467 447 4500 να
465 4445 519 4514 γὰρ
537 4445 637 4515 τέχνας
654 4445 770 4516 προύχει
794 4478 826 4486 -
851 4451 893 4498 26.
917 4444 1035 4512 πράσσει
1054 4443 1119 4514 γὰρ’
1144 4445 1278 4499 conducit
1295 4445 1335 4499 rei
1354 4444 1495 4514 gerendae

217 4517 311 4584 robur,
329 4516 370 4570 rei
389 4467 588 4572 ‹ieliberandae
608 4521 640 4571 ut
658 4518 753 4572 lutura
766 4517 933 4587 praevideas
948 4513 1109 4582 consilium
1129 4516 1298 4586 particulam
1313 4516 1366 4585 γὰρ
1381 4515 1418 4569 ad
1432 4519 1492 4588 φυᾷ

218 4588 315 4643 referri
335 4592 457 4659 oportet,
483 4588 558 4657 quod
576 4592 678 4642 natura
704 4588 754 4642 alii
773 4589 899 4643 homines
919 4589 1018 4642 adres
1038 4591 1149 4642 strenue
1168 4589 1307 4658 agendas,
1327 4586 1377 4641 ulii
1396 4586 1432 4640 ad
1452 4603 1495 4639 res

219 4658 362 4714 subtiliter
381 4661 582 4713 examinandas
601 4661 662 4714 nati
683 4663 749 4714 sunt
766 4694 799 4700 —
819 4667 853 4713 '26
868 4680 888 4715 s.
908 4662 1002 4713 utrum
1026 4662 1093 4713 ante
1112 4659 1260 4728 ἐσσόμενον
1280 4676 1316 4711 an
1335 4661 1399 4728 post
1417 4668 1496 4723 προϊ-

219 4733 279 4786 δεῖν
292 4731 548 4803 interpungendum
563 4732 600 4784 sit
615 4732 772 4800 quaeritur;
788 4731 916 4802 equidem
931 4730 1007 4799 quod
1022 4730 1176 4800 simplicius
1192 4734 1235 4785 est
1248 4729 1382 4800 praetuli;
1398 4728 1495 4782 adum-

218 4802 283 4947 ffist
297 4805 393 4856 autem
407 4804 545 4857 Pindarus
562 4802 739 4858 Homericum
754 4803 784 4858 έν
798 4803 851 4873 γάρ
865 4804 942 4874 χερσὶ
956 4800 1033 4865 τέλος
1046 4802 1176 4874 πολέμου,
1196 4802 1284 4856 ἐπέων
1303 4800 1330 4854 δ’
1349 4800 1389 4854 ivi
1408 4802 1494 4873 βουλῇ

252 4893 329 4932 .xrn
347 4878 405 4945 rso).
