<?xml version="1.0" encoding="UTF-8"?>
<!DOCTYPE html PUBLIC "-//W3C//DTD XHTML 1.0 Transitional//EN"
    "http://www.w3.org/TR/xhtml1/DTD/xhtml1-transitional.dtd">
<html xmlns="http://www.w3.org/1999/xhtml" xml:lang="en" lang="en">
 <head>
  <title>
</title>
<meta http-equiv="Content-Type" content="text/html;charset=utf-8" />
  <meta name='ocr-system' content='tesseract 3.04.00' />
  <meta name='ocr-capabilities' content='ocr_page ocr_carea ocr_par ocr_line ocrx_word'/>
</head>
<body>
  <div class='ocr_page' id='page_1' title='image "./pindaricarminap00chrigoog_0067.png"; bbox 0 0 3442 5550; ppageno 0'>
   <div class='ocr_carea' id='block_1_1' title="bbox 307 400 1089 457">
    <p class='ocr_par' dir='ltr' id='par_1_1' title="bbox 307 400 1089 457">
     <span class='ocr_line' id='line_1_1' title="bbox 307 400 1089 457; baseline 0.004 -3"><span class='ocrx_word' id='word_1_1' title='bbox 307 400 394 457; x_wconf 83' lang='lat' dir='ltr'>LVIII</span> <span class='ocrx_word' id='word_1_2' title='bbox 812 404 1089 457; x_wconf 73' lang='lat' dir='ltr'>Pltonnaonunl.</span> 
     </span>
    </p>
   </div>
   <div class='ocr_carea' id='block_1_2' title="bbox 305 564 1589 1296">
    <p class='ocr_par' dir='ltr' id='par_1_2' title="bbox 305 564 1589 1296">
     <span class='ocr_line' id='line_1_2' title="bbox 308 564 1588 655; baseline 0.002 -25"><span class='ocrx_word' id='word_1_3' title='bbox 308 588 403 631; x_wconf 89' lang='lat' dir='ltr'>usum</span> <span class='ocrx_word' id='word_1_4' title='bbox 427 566 659 651; x_wconf 79' lang='lat' dir='ltr'><strong>convertimus,</strong></span> <span class='ocrx_word' id='word_1_5' title='bbox 685 571 723 630; x_wconf 90' lang='lat' dir='ltr'>ut</span> <span class='ocrx_word' id='word_1_6' title='bbox 746 566 773 631; x_wconf 90' lang='lat' dir='ltr'>si</span> <span class='ocrx_word' id='word_1_7' title='bbox 797 567 853 651; x_wconf 90' lang='lat' dir='ltr'>qui</span> <span class='ocrx_word' id='word_1_8' title='bbox 875 588 987 632; x_wconf 87' lang='lat' dir='ltr'>versus</span> <span class='ocrx_word' id='word_1_9' title='bbox 1012 566 1116 650; x_wconf 88' lang='lat' dir='ltr'>capite</span> <span class='ocrx_word' id='word_1_10' title='bbox 1140 588 1199 631; x_wconf 88' lang='lat' dir='ltr'>suo</span> <span class='ocrx_word' id='word_1_11' title='bbox 1222 567 1369 651; x_wconf 87' lang='lat' dir='ltr'>privatus</span> <span class='ocrx_word' id='word_1_12' title='bbox 1393 564 1588 655; x_wconf 78' lang='grc' dir='ltr'>(ἀκέφαλος)</span> 
     </span>
     <span class='ocr_line' id='line_1_3' title="bbox 307 673 1588 759; baseline 0.001 -21"><span class='ocrx_word' id='word_1_13' title='bbox 307 696 378 739; x_wconf 90' lang='lat' dir='ltr'>esse</span> <span class='ocrx_word' id='word_1_14' title='bbox 401 674 586 759; x_wconf 87' lang='lat' dir='ltr'>videbatur,</span> <span class='ocrx_word' id='word_1_15' title='bbox 613 698 686 740; x_wconf 89' lang='lat' dir='ltr'>eum</span> <span class='ocrx_word' id='word_1_16' title='bbox 712 697 731 739; x_wconf 90' lang='lat' dir='ltr'>a</span> <span class='ocrx_word' id='word_1_17' title='bbox 753 673 839 739; x_wconf 87' lang='lat' dir='ltr'>linea</span> <span class='ocrx_word' id='word_1_18' title='bbox 862 674 995 758; x_wconf 86' lang='lat' dir='ltr'>paulum</span> <span class='ocrx_word' id='word_1_19' title='bbox 1018 694 1271 759; x_wconf 81' lang='lat' dir='ltr'>removeremus,</span> <span class='ocrx_word' id='word_1_20' title='bbox 1299 678 1412 739; x_wconf 87' lang='lat' dir='ltr'>contra</span> <span class='ocrx_word' id='word_1_21' title='bbox 1435 696 1588 740; x_wconf 87' lang='lat' dir='ltr'>versuum</span> 
     </span>
     <span class='ocr_line' id='line_1_4' title="bbox 307 781 1589 866; baseline 0.001 -20"><span class='ocrx_word' id='word_1_22' title='bbox 307 781 348 846; x_wconf 90' lang='lat' dir='ltr'>ab</span> <span class='ocrx_word' id='word_1_23' title='bbox 373 782 521 847; x_wconf 90' lang='lat' dir='ltr'>anacrusi</span> <span class='ocrx_word' id='word_1_24' title='bbox 539 781 765 866; x_wconf 75' lang='lat' dir='ltr'>incipientium</span> <span class='ocrx_word' id='word_1_25' title='bbox 783 785 895 845; x_wconf 90' lang='lat' dir='ltr'>notam</span> <span class='ocrx_word' id='word_1_26' title='bbox 914 781 1079 846; x_wconf 90' lang='lat' dir='ltr'>anacrusis</span> <span class='ocrx_word' id='word_1_27' title='bbox 1099 786 1190 846; x_wconf 87' lang='lat' dir='ltr'>extra</span> <span class='ocrx_word' id='word_1_28' title='bbox 1208 781 1328 845; x_wconf 90' lang='lat' dir='ltr'>lineam</span> <span class='ocrx_word' id='word_1_29' title='bbox 1347 781 1589 847; x_wconf 79' lang='lat' dir='ltr'>collocaremus.</span> 
     </span>
     <span class='ocr_line' id='line_1_5' title="bbox 306 886 1588 974; baseline 0.002 -24"><span class='ocrx_word' id='word_1_30' title='bbox 306 886 346 951; x_wconf 93' lang='lat' dir='ltr'>In</span> <span class='ocrx_word' id='word_1_31' title='bbox 368 889 432 952; x_wconf 89' lang='lat' dir='ltr'>fine</span> <span class='ocrx_word' id='word_1_32' title='bbox 456 894 565 955; x_wconf 90' lang='lat' dir='ltr'>autem</span> <span class='ocrx_word' id='word_1_33' title='bbox 588 889 731 954; x_wconf 90' lang='lat' dir='ltr'>colorum</span> <span class='ocrx_word' id='word_1_34' title='bbox 755 893 788 953; x_wconf 89' lang='lat' dir='ltr'>et</span> <span class='ocrx_word' id='word_1_35' title='bbox 811 911 962 953; x_wconf 87' lang='lat' dir='ltr'>versuum</span> <span class='ocrx_word' id='word_1_36' title='bbox 986 888 1089 953; x_wconf 89' lang='lat' dir='ltr'>sicubi</span> <span class='ocrx_word' id='word_1_37' title='bbox 1112 893 1209 972; x_wconf 88' lang='lat' dir='ltr'>poeta</span> <span class='ocrx_word' id='word_1_38' title='bbox 1232 887 1405 972; x_wconf 73' lang='lat' dir='ltr'>ancipitem</span> <span class='ocrx_word' id='word_1_39' title='bbox 1429 889 1588 974; x_wconf 82' lang='lat' dir='ltr'>syllabam</span> 
     </span>
     <span class='ocr_line' id='line_1_6' title="bbox 308 994 1588 1082; baseline 0.001 -23"><span class='ocrx_word' id='word_1_40' title='bbox 308 994 454 1081; x_wconf 79' lang='lat' dir='ltr'>admisit,</span> <span class='ocrx_word' id='word_1_41' title='bbox 471 996 506 1060; x_wconf 93' lang='lat' dir='ltr'>in</span> <span class='ocrx_word' id='word_1_42' title='bbox 524 996 596 1080; x_wconf 89' lang='lat' dir='ltr'>ipsa</span> <span class='ocrx_word' id='word_1_43' title='bbox 613 996 699 1061; x_wconf 90' lang='lat' dir='ltr'>linea</span> <span class='ocrx_word' id='word_1_44' title='bbox 717 996 838 1061; x_wconf 89' lang='lat' dir='ltr'>iustam</span> <span class='ocrx_word' id='word_1_45' title='bbox 858 996 924 1061; x_wconf 87' lang='lat' dir='ltr'>vim</span> <span class='ocrx_word' id='word_1_46' title='bbox 943 996 1086 1082; x_wconf 83' lang='lat' dir='ltr'>syllabae</span> <span class='ocrx_word' id='word_1_47' title='bbox 1105 994 1333 1079; x_wconf 82' lang='lat' dir='ltr'>indicavimus,</span> <span class='ocrx_word' id='word_1_48' title='bbox 1352 1017 1451 1079; x_wconf 86' lang='lat' dir='ltr'>snpra</span> <span class='ocrx_word' id='word_1_49' title='bbox 1467 995 1588 1061; x_wconf 91' lang='lat' dir='ltr'>lineam</span> 
     </span>
     <span class='ocr_line' id='line_1_7' title="bbox 308 1102 1589 1196; baseline 0.002 -30"><span class='ocrx_word' id='word_1_50' title='bbox 308 1125 393 1187; x_wconf 89' lang='lat' dir='ltr'>eam,</span> <span class='ocrx_word' id='word_1_51' title='bbox 419 1126 500 1188; x_wconf 88' lang='lat' dir='ltr'>quae</span> <span class='ocrx_word' id='word_1_52' title='bbox 527 1103 563 1168; x_wconf 91' lang='lat' dir='ltr'>in</span> <span class='ocrx_word' id='word_1_53' title='bbox 590 1103 686 1169; x_wconf 92' lang='lat' dir='ltr'>istius</span> <span class='ocrx_word' id='word_1_54' title='bbox 713 1104 821 1168; x_wconf 91' lang='lat' dir='ltr'>locum</span> <span class='ocrx_word' id='word_1_55' title='bbox 851 1104 1019 1196; x_wconf 69' lang='lat' dir='ltr'>succedere</span> <span class='ocrx_word' id='word_1_56' title='bbox 1047 1108 1170 1188; x_wconf 89' lang='lat' dir='ltr'>posset,</span> <span class='ocrx_word' id='word_1_57' title='bbox 1199 1102 1433 1167; x_wconf 85' lang='lat' dir='ltr'>adnotavimus.</span> <span class='ocrx_word' id='word_1_58' title='bbox 1478 1103 1589 1168; x_wconf 90' lang='lat' dir='ltr'>Aliam</span> 
     </span>
     <span class='ocr_line' id='line_1_8' title="bbox 305 1209 874 1296; baseline 0.002 -23"><span class='ocrx_word' id='word_1_59' title='bbox 305 1210 409 1296; x_wconf 81' lang='lat' dir='ltr'>igitur</span> <span class='ocrx_word' id='word_1_60' title='bbox 431 1209 649 1295; x_wconf 88' lang='lat' dir='ltr'>rhythmicam</span> <span class='ocrx_word' id='word_1_61' title='bbox 672 1211 738 1275; x_wconf 88' lang='lat' dir='ltr'>vim</span> <span class='ocrx_word' id='word_1_62' title='bbox 762 1232 874 1275; x_wconf 84' lang='lat' dir='ltr'>versus</span> 
     </span>
    </p>
   </div>
   <div class='ocr_carea' id='block_1_3' title="bbox 308 1422 1132 1582">
    <p class='ocr_par' dir='ltr' id='par_1_3' title="bbox 308 1422 1132 1582">
     <span class='ocr_line' id='line_1_9' title="bbox 308 1422 541 1489; baseline 0.004 -1"><span class='ocrx_word' id='word_1_63' title='bbox 308 1422 406 1488; x_wconf 89' lang='lat' dir='ltr'>aliam</span> <span class='ocrx_word' id='word_1_64' title='bbox 429 1446 541 1489; x_wconf 88' lang='lat' dir='ltr'>versus</span> 
     </span>
     <span class='ocr_line' id='line_1_10' title="bbox 918 1547 1132 1582; baseline 0 0"><span class='ocrx_word' id='word_1_65' title='bbox 918 1555 937 1582; x_wconf 78' lang='grc' dir='ltr'><strong>υ</strong></span> <span class='ocrx_word' id='word_1_66' title='bbox 989 1556 1007 1582; x_wconf 82' lang='grc' dir='ltr'><strong>υ</strong></span> <span class='ocrx_word' id='word_1_67' title='bbox 1025 1558 1042 1582; x_wconf 90' lang='grc'>.·.</span> <span class='ocrx_word' id='word_1_68' title='bbox 1114 1547 1132 1582; x_wconf 71' lang='lat' dir='ltr'>t!</span> 
     </span>
    </p>
   </div>
   <div class='ocr_carea' id='block_1_4' title="bbox 305 1656 1589 2815">
    <p class='ocr_par' dir='ltr' id='par_1_4' title="bbox 305 1656 1589 2815">
     <span class='ocr_line' id='line_1_11' title="bbox 308 1656 1588 1743; baseline 0 -23"><span class='ocrx_word' id='word_1_69' title='bbox 308 1678 378 1721; x_wconf 90' lang='lat' dir='ltr'>esse</span> <span class='ocrx_word' id='word_1_70' title='bbox 400 1656 570 1722; x_wconf 87' lang='lat' dir='ltr'>voluimus.</span> <span class='ocrx_word' id='word_1_71' title='bbox 608 1657 711 1722; x_wconf 81' lang='lat' dir='ltr'>iidem</span> <span class='ocrx_word' id='word_1_72' title='bbox 729 1662 839 1722; x_wconf 88' lang='lat' dir='ltr'>tamen</span> <span class='ocrx_word' id='word_1_73' title='bbox 858 1658 948 1722; x_wconf 91' lang='lat' dir='ltr'>finali</span> <span class='ocrx_word' id='word_1_74' title='bbox 971 1657 1088 1743; x_wconf 81' lang='lat' dir='ltr'>longae</span> <span class='ocrx_word' id='word_1_75' title='bbox 1108 1658 1173 1722; x_wconf 88' lang='lat' dir='ltr'>vim</span> <span class='ocrx_word' id='word_1_76' title='bbox 1192 1657 1292 1722; x_wconf 89' lang='lat' dir='ltr'>trium</span> <span class='ocrx_word' id='word_1_77' title='bbox 1312 1661 1490 1742; x_wconf 78' lang='lat' dir='ltr'>quatuorve</span> <span class='ocrx_word' id='word_1_78' title='bbox 1508 1660 1588 1721; x_wconf 91' lang='lat' dir='ltr'>tem-</span> 
     </span>
     <span class='ocr_line' id='line_1_12' title="bbox 307 1760 1589 1850; baseline 0 -23"><span class='ocrx_word' id='word_1_79' title='bbox 307 1785 423 1847; x_wconf 91' lang='lat' dir='ltr'>porum</span> <span class='ocrx_word' id='word_1_80' title='bbox 441 1786 506 1830; x_wconf 92' lang='lat' dir='ltr'>non</span> <span class='ocrx_word' id='word_1_81' title='bbox 526 1764 782 1850; x_wconf 84' lang='lat' dir='ltr'>adsignavimus,</span> <span class='ocrx_word' id='word_1_82' title='bbox 800 1760 1060 1850; x_wconf 90' lang='lat' dir='ltr'>quandoquidem</span> <span class='ocrx_word' id='word_1_83' title='bbox 1078 1765 1238 1829; x_wconf 89' lang='lat' dir='ltr'>incertum</span> <span class='ocrx_word' id='word_1_84' title='bbox 1257 1769 1322 1849; x_wconf 89' lang='lat' dir='ltr'>est,</span> <span class='ocrx_word' id='word_1_85' title='bbox 1341 1763 1418 1849; x_wconf 89' lang='lat' dir='ltr'>quid</span> <span class='ocrx_word' id='word_1_86' title='bbox 1432 1763 1589 1847; x_wconf 90' lang='lat' dir='ltr'>temporis</span> 
     </span>
     <span class='ocr_line' id='line_1_13' title="bbox 307 1870 1588 1956; baseline 0.002 -23"><span class='ocrx_word' id='word_1_87' title='bbox 307 1871 519 1953; x_wconf 88' lang='lat' dir='ltr'>productione</span> <span class='ocrx_word' id='word_1_88' title='bbox 538 1870 695 1955; x_wconf 81' lang='lat' dir='ltr'>syllabae,</span> <span class='ocrx_word' id='word_1_89' title='bbox 714 1872 791 1956; x_wconf 92' lang='lat' dir='ltr'>quid</span> <span class='ocrx_word' id='word_1_90' title='bbox 810 1894 913 1956; x_wconf 90' lang='lat' dir='ltr'>pausa</span> <span class='ocrx_word' id='word_1_91' title='bbox 930 1872 1020 1936; x_wconf 90' lang='lat' dir='ltr'>finali</span> <span class='ocrx_word' id='word_1_92' title='bbox 1038 1894 1150 1937; x_wconf 89' lang='lat' dir='ltr'>versus</span> <span class='ocrx_word' id='word_1_93' title='bbox 1170 1872 1335 1956; x_wconf 86' lang='lat' dir='ltr'>expletum</span> <span class='ocrx_word' id='word_1_94' title='bbox 1354 1871 1405 1935; x_wconf 92' lang='lat' dir='ltr'>sit.</span> <span class='ocrx_word' id='word_1_95' title='bbox 1442 1870 1491 1935; x_wconf 88' lang='lat' dir='ltr'>De</span> <span class='ocrx_word' id='word_1_96' title='bbox 1505 1870 1588 1954; x_wconf 92' lang='lat' dir='ltr'>peri·</span> 
     </span>
     <span class='ocr_line' id='line_1_14' title="bbox 307 1977 1589 2062; baseline 0.001 -21"><span class='ocrx_word' id='word_1_97' title='bbox 307 1978 397 2061; x_wconf 88' lang='lat' dir='ltr'>copis</span> <span class='ocrx_word' id='word_1_98' title='bbox 426 1983 547 2061; x_wconf 90' lang='lat' dir='ltr'>antem,</span> <span class='ocrx_word' id='word_1_99' title='bbox 576 2000 657 2062; x_wconf 89' lang='lat' dir='ltr'>quae</span> <span class='ocrx_word' id='word_1_100' title='bbox 684 1979 832 2062; x_wconf 89' lang='lat' dir='ltr'>pluribus</span> <span class='ocrx_word' id='word_1_101' title='bbox 856 1979 1004 2044; x_wconf 87' lang='lat' dir='ltr'>versibus</span> <span class='ocrx_word' id='word_1_102' title='bbox 1027 1980 1148 2045; x_wconf 88' lang='lat' dir='ltr'>arctius</span> <span class='ocrx_word' id='word_1_103' title='bbox 1171 1979 1258 2043; x_wconf 89' lang='lat' dir='ltr'>inter</span> <span class='ocrx_word' id='word_1_104' title='bbox 1280 1999 1315 2043; x_wconf 89' lang='lat' dir='ltr'>ss</span> <span class='ocrx_word' id='word_1_105' title='bbox 1339 1977 1589 2043; x_wconf 80' lang='lat' dir='ltr'>cohaerentibus</span> 
     </span>
     <span class='ocr_line' id='line_1_15' title="bbox 307 2084 1587 2173; baseline 0.002 -26"><span class='ocrx_word' id='word_1_106' title='bbox 307 2088 339 2148; x_wconf 90' lang='lat' dir='ltr'>et</span> <span class='ocrx_word' id='word_1_107' title='bbox 363 2084 456 2169; x_wconf 89' lang='lat' dir='ltr'>quasi</span> <span class='ocrx_word' id='word_1_108' title='bbox 480 2106 580 2150; x_wconf 91' lang='lat' dir='ltr'>unum</span> <span class='ocrx_word' id='word_1_109' title='bbox 603 2108 720 2170; x_wconf 89' lang='lat' dir='ltr'>corpus</span> <span class='ocrx_word' id='word_1_110' title='bbox 739 2087 956 2152; x_wconf 88' lang='lat' dir='ltr'>efficientibus</span> <span class='ocrx_word' id='word_1_111' title='bbox 976 2088 1074 2173; x_wconf 89' lang='lat' dir='ltr'>fiunt,</span> <span class='ocrx_word' id='word_1_112' title='bbox 1095 2087 1131 2152; x_wconf 91' lang='lat' dir='ltr'>in</span> <span class='ocrx_word' id='word_1_113' title='bbox 1150 2084 1424 2153; x_wconf 84' lang='lat' dir='ltr'>commentariolis</span> <span class='ocrx_word' id='word_1_114' title='bbox 1444 2085 1587 2149; x_wconf 90' lang='lat' dir='ltr'>metricis</span> 
     </span>
     <span class='ocr_line' id='line_1_16' title="bbox 307 2190 1588 2280; baseline 0.002 -27"><span class='ocrx_word' id='word_1_115' title='bbox 307 2190 445 2275; x_wconf 85' lang='lat' dir='ltr'>singulis</span> <span class='ocrx_word' id='word_1_116' title='bbox 471 2191 540 2256; x_wconf 89' lang='lat' dir='ltr'>odis</span> <span class='ocrx_word' id='word_1_117' title='bbox 564 2193 751 2276; x_wconf 85' lang='lat' dir='ltr'>praemissis</span> <span class='ocrx_word' id='word_1_118' title='bbox 775 2216 873 2279; x_wconf 90' lang='lat' dir='ltr'>quam</span> <span class='ocrx_word' id='word_1_119' title='bbox 895 2194 931 2258; x_wconf 90' lang='lat' dir='ltr'>in</span> <span class='ocrx_word' id='word_1_120' title='bbox 953 2193 1005 2259; x_wconf 86' lang='lat' dir='ltr'>his</span> <span class='ocrx_word' id='word_1_121' title='bbox 1028 2193 1272 2280; x_wconf 80' lang='lat' dir='ltr'>Prolegomenis</span> <span class='ocrx_word' id='word_1_122' title='bbox 1296 2192 1461 2276; x_wconf 88' lang='lat' dir='ltr'>disputare</span> <span class='ocrx_word' id='word_1_123' title='bbox 1484 2192 1588 2257; x_wconf 91' lang='lat' dir='ltr'>satius</span> 
     </span>
     <span class='ocr_line' id='line_1_17' title="bbox 307 2297 1588 2386; baseline 0.003 -26"><span class='ocrx_word' id='word_1_124' title='bbox 307 2297 464 2362; x_wconf 83' lang='lat' dir='ltr'>duximus.</span> <span class='ocrx_word' id='word_1_125' title='bbox 494 2298 727 2384; x_wconf 83' lang='lat' dir='ltr'>Responsionis</span> <span class='ocrx_word' id='word_1_126' title='bbox 747 2323 822 2366; x_wconf 90' lang='lat' dir='ltr'>vero</span> <span class='ocrx_word' id='word_1_127' title='bbox 837 2301 986 2386; x_wconf 89' lang='lat' dir='ltr'>circulos,</span> <span class='ocrx_word' id='word_1_128' title='bbox 1005 2300 1122 2386; x_wconf 89' lang='lat' dir='ltr'>quibus</span> <span class='ocrx_word' id='word_1_129' title='bbox 1137 2299 1363 2384; x_wconf 87' lang='lat' dir='ltr'>Westphalius</span> <span class='ocrx_word' id='word_1_130' title='bbox 1378 2304 1411 2364; x_wconf 88' lang='lat' dir='ltr'>et</span> <span class='ocrx_word' id='word_1_131' title='bbox 1426 2298 1588 2365; x_wconf 91' lang='lat' dir='ltr'>Henricus</span> 
     </span>
     <span class='ocr_line' id='line_1_18' title="bbox 309 2401 1588 2492; baseline 0.002 -25"><span class='ocrx_word' id='word_1_132' title='bbox 309 2401 507 2469; x_wconf 84' lang='lat' dir='ltr'>Schmidtius</span> <span class='ocrx_word' id='word_1_133' title='bbox 530 2406 565 2470; x_wconf 91' lang='lat' dir='ltr'>in</span> <span class='ocrx_word' id='word_1_134' title='bbox 589 2407 655 2471; x_wconf 87' lang='lat' dir='ltr'>suis</span> <span class='ocrx_word' id='word_1_135' title='bbox 679 2407 773 2472; x_wconf 89' lang='lat' dir='ltr'>libris</span> <span class='ocrx_word' id='word_1_136' title='bbox 796 2408 940 2474; x_wconf 88' lang='lat' dir='ltr'>metricis</span> <span class='ocrx_word' id='word_1_137' title='bbox 964 2408 1015 2472; x_wconf 92' lang='lat' dir='ltr'>usi</span> <span class='ocrx_word' id='word_1_138' title='bbox 1040 2412 1129 2492; x_wconf 89' lang='lat' dir='ltr'>sunt,</span> <span class='ocrx_word' id='word_1_139' title='bbox 1151 2406 1360 2471; x_wconf 87' lang='lat' dir='ltr'>adhibuimus</span> <span class='ocrx_word' id='word_1_140' title='bbox 1377 2404 1499 2490; x_wconf 90' lang='lat' dir='ltr'>nullos,</span> <span class='ocrx_word' id='word_1_141' title='bbox 1521 2427 1588 2470; x_wconf 92' lang='lat' dir='ltr'>non</span> 
     </span>
     <span class='ocr_line' id='line_1_19' title="bbox 307 2510 1588 2600; baseline 0 -26"><span class='ocrx_word' id='word_1_142' title='bbox 307 2511 400 2595; x_wconf 86' lang='lat' dir='ltr'>quasi</span> <span class='ocrx_word' id='word_1_143' title='bbox 419 2510 594 2577; x_wconf 89' lang='lat' dir='ltr'>Pindarum</span> <span class='ocrx_word' id='word_1_144' title='bbox 617 2512 699 2577; x_wconf 90' lang='lat' dir='ltr'>nihil</span> <span class='ocrx_word' id='word_1_145' title='bbox 722 2514 935 2579; x_wconf 90' lang='lat' dir='ltr'>concinnitati</span> <span class='ocrx_word' id='word_1_146' title='bbox 958 2520 991 2580; x_wconf 87' lang='lat' dir='ltr'>et</span> <span class='ocrx_word' id='word_1_147' title='bbox 1015 2514 1184 2600; x_wconf 76' lang='lat' dir='ltr'>analogiae</span> <span class='ocrx_word' id='word_1_148' title='bbox 1208 2512 1373 2578; x_wconf 87' lang='lat' dir='ltr'>studuisse</span> <span class='ocrx_word' id='word_1_149' title='bbox 1390 2516 1588 2596; x_wconf 90' lang='lat' dir='ltr'>putaremus,</span> 
     </span>
     <span class='ocr_line' id='line_1_20' title="bbox 306 2617 1587 2702; baseline 0.001 -20"><span class='ocrx_word' id='word_1_150' title='bbox 306 2617 361 2682; x_wconf 90' lang='lat' dir='ltr'>sed</span> <span class='ocrx_word' id='word_1_151' title='bbox 394 2619 479 2702; x_wconf 90' lang='lat' dir='ltr'>quod</span> <span class='ocrx_word' id='word_1_152' title='bbox 511 2620 735 2686; x_wconf 88' lang='lat' dir='ltr'>subtilissimis</span> <span class='ocrx_word' id='word_1_153' title='bbox 768 2627 801 2687; x_wconf 89' lang='lat' dir='ltr'>et</span> <span class='ocrx_word' id='word_1_154' title='bbox 832 2621 1060 2687; x_wconf 87' lang='lat' dir='ltr'>incertissimis</span> <span class='ocrx_word' id='word_1_155' title='bbox 1091 2621 1143 2687; x_wconf 89' lang='lat' dir='ltr'>his</span> <span class='ocrx_word' id='word_1_156' title='bbox 1177 2619 1359 2685; x_wconf 88' lang='lat' dir='ltr'>rationibus</span> <span class='ocrx_word' id='word_1_157' title='bbox 1391 2617 1587 2684; x_wconf 84' lang='lat' dir='ltr'>recentiores</span> 
     </span>
     <span class='ocr_line' id='line_1_21' title="bbox 305 2724 1588 2815; baseline 0.002 -27"><span class='ocrx_word' id='word_1_158' title='bbox 305 2725 459 2790; x_wconf 89' lang='lat' dir='ltr'>metricos</span> <span class='ocrx_word' id='word_1_159' title='bbox 483 2727 567 2792; x_wconf 88' lang='lat' dir='ltr'>male</span> <span class='ocrx_word' id='word_1_160' title='bbox 591 2729 710 2793; x_wconf 91' lang='lat' dir='ltr'>abusos</span> <span class='ocrx_word' id='word_1_161' title='bbox 734 2751 804 2795; x_wconf 90' lang='lat' dir='ltr'>esse</span> <span class='ocrx_word' id='word_1_162' title='bbox 827 2730 1048 2815; x_wconf 79' lang='lat' dir='ltr'>cognovimus.</span> <span class='ocrx_word' id='word_1_163' title='bbox 1085 2728 1172 2793; x_wconf 91' lang='lat' dir='ltr'>Nam</span> <span class='ocrx_word' id='word_1_164' title='bbox 1190 2749 1231 2792; x_wconf 90' lang='lat' dir='ltr'>ne</span> <span class='ocrx_word' id='word_1_165' title='bbox 1249 2750 1301 2793; x_wconf 90' lang='lat' dir='ltr'>mc</span> <span class='ocrx_word' id='word_1_166' title='bbox 1320 2747 1454 2811; x_wconf 88' lang='lat' dir='ltr'>prorsus</span> <span class='ocrx_word' id='word_1_167' title='bbox 1472 2725 1507 2790; x_wconf 93' lang='lat' dir='ltr'>in</span> <span class='ocrx_word' id='word_1_168' title='bbox 1525 2724 1588 2790; x_wconf 90' lang='lat' dir='ltr'>hac</span> 
     </span>
    </p>
   </div>
   <div class='ocr_carea' id='block_1_5' title="bbox 305 2831 1588 3539">
    <p class='ocr_par' dir='ltr' id='par_1_5' title="bbox 305 2831 1588 3539">
     <span class='ocr_line' id='line_1_22' title="bbox 305 2831 1586 2921; baseline 0.002 -25"><span class='ocrx_word' id='word_1_169' title='bbox 305 2853 340 2896; x_wconf 90' lang='lat' dir='ltr'>re</span> <span class='ocrx_word' id='word_1_170' title='bbox 360 2833 519 2898; x_wconf 87' lang='lat' dir='ltr'>caecutire</span> <span class='ocrx_word' id='word_1_171' title='bbox 538 2839 647 2921; x_wconf 90' lang='lat' dir='ltr'>putes,</span> <span class='ocrx_word' id='word_1_172' title='bbox 671 2835 769 2900; x_wconf 86' lang='lat' dir='ltr'>affero</span> <span class='ocrx_word' id='word_1_173' title='bbox 789 2835 971 2919; x_wconf 89' lang='lat' dir='ltr'>exemplum</span> <span class='ocrx_word' id='word_1_174' title='bbox 991 2835 1159 2901; x_wconf 85' lang='lat' dir='ltr'>Aristonoi</span> <span class='ocrx_word' id='word_1_175' title='bbox 1178 2834 1310 2920; x_wconf 89' lang='lat' dir='ltr'>paeanis</span> <span class='ocrx_word' id='word_1_176' title='bbox 1328 2855 1432 2917; x_wconf 87' lang='lat' dir='ltr'>nuper</span> <span class='ocrx_word' id='word_1_177' title='bbox 1450 2831 1586 2916; x_wconf 88' lang='lat' dir='ltr'>Delphis</span> 
     </span>
     <span class='ocr_line' id='line_1_23' title="bbox 305 2939 1587 3029; baseline 0 -25"><span class='ocrx_word' id='word_1_178' title='bbox 305 2940 439 3025; x_wconf 88' lang='lat' dir='ltr'>raperti,</span> <span class='ocrx_word' id='word_1_179' title='bbox 467 2941 522 3026; x_wconf 92' lang='lat' dir='ltr'>qui</span> <span class='ocrx_word' id='word_1_180' title='bbox 550 2963 623 3007; x_wconf 89' lang='lat' dir='ltr'>cnm</span> <span class='ocrx_word' id='word_1_181' title='bbox 651 2944 690 3007; x_wconf 87' lang='lat' dir='ltr'>ad</span> <span class='ocrx_word' id='word_1_182' title='bbox 714 2942 943 3009; x_wconf 82' lang='lat' dir='ltr'>concinnitatis</span> <span class='ocrx_word' id='word_1_183' title='bbox 967 2943 1097 3029; x_wconf 80' lang='lat' dir='ltr'>regulas</span> <span class='ocrx_word' id='word_1_184' title='bbox 1121 2940 1363 3009; x_wconf 88' lang='lat' dir='ltr'>accuratissime</span> <span class='ocrx_word' id='word_1_185' title='bbox 1387 2939 1587 3024; x_wconf 91' lang='lat' dir='ltr'>compositus</span> 
     </span>
     <span class='ocr_line' id='line_1_24' title="bbox 305 3046 1588 3138; baseline 0 -27"><span class='ocrx_word' id='word_1_186' title='bbox 305 3047 363 3133; x_wconf 91' lang='lat' dir='ltr'>sit,</span> <span class='ocrx_word' id='word_1_187' title='bbox 381 3071 421 3113; x_wconf 91' lang='lat' dir='ltr'>ne</span> <span class='ocrx_word' id='word_1_188' title='bbox 441 3071 492 3114; x_wconf 90' lang='lat' dir='ltr'>me</span> <span class='ocrx_word' id='word_1_189' title='bbox 512 3049 640 3134; x_wconf 91' lang='lat' dir='ltr'>quidem</span> <span class='ocrx_word' id='word_1_190' title='bbox 658 3055 773 3135; x_wconf 87' lang='lat' dir='ltr'>poetae</span> <span class='ocrx_word' id='word_1_191' title='bbox 793 3051 964 3116; x_wconf 90' lang='lat' dir='ltr'>consilium</span> <span class='ocrx_word' id='word_1_192' title='bbox 982 3050 1077 3138; x_wconf 84' lang='lat' dir='ltr'>fugit.</span> <span class='ocrx_word' id='word_1_193' title='bbox 1110 3049 1330 3135; x_wconf 83' lang='lat' dir='ltr'>Unaquaeque</span> <span class='ocrx_word' id='word_1_194' title='bbox 1349 3048 1436 3112; x_wconf 89' lang='lat' dir='ltr'>enim</span> <span class='ocrx_word' id='word_1_195' title='bbox 1451 3046 1588 3132; x_wconf 90' lang='lat' dir='ltr'>stropha</span> 
     </span>
     <span class='ocr_line' id='line_1_25' title="bbox 306 3154 1586 3242; baseline -0.001 -23"><span class='ocrx_word' id='word_1_196' title='bbox 306 3154 403 3220; x_wconf 92' lang='lat' dir='ltr'>huius</span> <span class='ocrx_word' id='word_1_197' title='bbox 434 3156 586 3221; x_wconf 89' lang='lat' dir='ltr'>carminis</span> <span class='ocrx_word' id='word_1_198' title='bbox 615 3162 744 3222; x_wconf 90' lang='lat' dir='ltr'>constat</span> <span class='ocrx_word' id='word_1_199' title='bbox 771 3181 810 3222; x_wconf 85' lang='lat' dir='ltr'>ex</span> <span class='ocrx_word' id='word_1_200' title='bbox 838 3157 962 3223; x_wconf 90' lang='lat' dir='ltr'>duabus</span> <span class='ocrx_word' id='word_1_201' title='bbox 989 3159 1165 3242; x_wconf 88' lang='lat' dir='ltr'>paricopis,</span> <span class='ocrx_word' id='word_1_202' title='bbox 1195 3156 1347 3241; x_wconf 90' lang='lat' dir='ltr'>pericopa</span> <span class='ocrx_word' id='word_1_203' title='bbox 1375 3177 1520 3240; x_wconf 90' lang='lat' dir='ltr'>quaeque</span> <span class='ocrx_word' id='word_1_204' title='bbox 1547 3176 1586 3219; x_wconf 86' lang='lat' dir='ltr'>cx</span> 
     </span>
     <span class='ocr_line' id='line_1_26' title="bbox 306 3261 1586 3349; baseline 0.002 -25"><span class='ocrx_word' id='word_1_205' title='bbox 306 3261 432 3325; x_wconf 90' lang='lat' dir='ltr'>duobus</span> <span class='ocrx_word' id='word_1_206' title='bbox 465 3263 627 3347; x_wconf 82' lang='lat' dir='ltr'>versibus,</span> <span class='ocrx_word' id='word_1_207' title='bbox 659 3286 771 3328; x_wconf 87' lang='lat' dir='ltr'>versus</span> <span class='ocrx_word' id='word_1_208' title='bbox 805 3264 940 3349; x_wconf 91' lang='lat' dir='ltr'>quisque</span> <span class='ocrx_word' id='word_1_209' title='bbox 968 3286 1007 3329; x_wconf 86' lang='lat' dir='ltr'>ex</span> <span class='ocrx_word' id='word_1_210' title='bbox 1035 3265 1161 3329; x_wconf 89' lang='lat' dir='ltr'>dnobus</span> <span class='ocrx_word' id='word_1_211' title='bbox 1190 3263 1283 3347; x_wconf 89' lang='lat' dir='ltr'>colis,</span> <span class='ocrx_word' id='word_1_212' title='bbox 1315 3263 1409 3328; x_wconf 92' lang='lat' dir='ltr'>colon</span> <span class='ocrx_word' id='word_1_213' title='bbox 1438 3263 1586 3349; x_wconf 90' lang='lat' dir='ltr'>quodque</span> 
     </span>
     <span class='ocr_line' id='line_1_27' title="bbox 306 3368 1586 3456; baseline 0.002 -26"><span class='ocrx_word' id='word_1_214' title='bbox 306 3389 344 3431; x_wconf 86' lang='lat' dir='ltr'>ex</span> <span class='ocrx_word' id='word_1_215' title='bbox 373 3368 498 3433; x_wconf 89' lang='lat' dir='ltr'>duabus</span> <span class='ocrx_word' id='word_1_216' title='bbox 526 3370 673 3455; x_wconf 90' lang='lat' dir='ltr'>basibus,</span> <span class='ocrx_word' id='word_1_217' title='bbox 705 3371 793 3436; x_wconf 88' lang='lat' dir='ltr'>basis</span> <span class='ocrx_word' id='word_1_218' title='bbox 825 3392 970 3456; x_wconf 89' lang='lat' dir='ltr'>quaeque</span> <span class='ocrx_word' id='word_1_219' title='bbox 998 3394 1037 3435; x_wconf 85' lang='lat' dir='ltr'>ex</span> <span class='ocrx_word' id='word_1_220' title='bbox 1065 3371 1191 3436; x_wconf 90' lang='lat' dir='ltr'>duobus</span> <span class='ocrx_word' id='word_1_221' title='bbox 1219 3370 1355 3455; x_wconf 91' lang='lat' dir='ltr'>pedibus</span> <span class='ocrx_word' id='word_1_222' title='bbox 1384 3369 1586 3452; x_wconf 90' lang='lat' dir='ltr'>simplicibus</span> 
     </span>
     <span class='ocr_line' id='line_1_28' title="bbox 305 3472 500 3539; baseline 0.01 -2"><span class='ocrx_word' id='word_1_223' title='bbox 305 3472 368 3539; x_wconf 91' lang='lat' dir='ltr'>hoc</span> <span class='ocrx_word' id='word_1_224' title='bbox 392 3475 500 3539; x_wconf 89' lang='lat' dir='ltr'>modo:</span> 
     </span>
    </p>
   </div>
   <div class='ocr_carea' id='block_1_6' title="bbox 430 3955 1436 4366">
    <p class='ocr_par' dir='ltr' id='par_1_6' title="bbox 430 3955 1436 4366">
     <span class='ocr_line' id='line_1_29' title="bbox 430 3955 1436 4043; baseline -0.001 -22"><span class='ocrx_word' id='word_1_225' title='bbox 430 3955 529 4022; x_wconf 78' lang='grc' dir='ltr'><em>Ἔνθ’</em></span> <span class='ocrx_word' id='word_1_226' title='bbox 550 3956 614 4022; x_wconf 80' lang='grc' dir='ltr'>ἀπὸ</span> <span class='ocrx_word' id='word_1_227' title='bbox 637 3959 805 4043; x_wconf 76' lang='grc' dir='ltr'><strong><em>τριπόδων</em></strong></span> <span class='ocrx_word' id='word_1_228' title='bbox 828 3956 1042 4043; x_wconf 72' lang='grc' dir='ltr'><em>θεοντήτων,</em></span> <span class='ocrx_word' id='word_1_229' title='bbox 1065 3960 1278 4042; x_wconf 81' lang='grc' dir='ltr'><em>χλωρόκομον</em></span> <span class='ocrx_word' id='word_1_230' title='bbox 1302 3956 1436 4040; x_wconf 78' lang='grc' dir='ltr'><em>δάφναν</em></span> 
     </span>
     <span class='ocr_line' id='line_1_30' title="bbox 439 4063 1229 4153; baseline -0.001 -24"><span class='ocrx_word' id='word_1_231' title='bbox 439 4069 549 4148; x_wconf 84' lang='grc' dir='ltr'><em>σείων,</em></span> <span class='ocrx_word' id='word_1_232' title='bbox 572 4067 786 4149; x_wconf 83' lang='grc' dir='ltr'><em>μαντοσύναν</em></span> <span class='ocrx_word' id='word_1_233' title='bbox 809 4063 995 4153; x_wconf 64' lang='grc' dir='ltr'><em>ἐποιῖχνεῖς,</em></span> <span class='ocrx_word' id='word_1_234' title='bbox 1019 4067 1082 4149; x_wconf 77' lang='grc' dir='ltr'>ἰήιε</span> <span class='ocrx_word' id='word_1_235' title='bbox 1106 4065 1229 4147; x_wconf 79' lang='grc' dir='ltr'><em>Παιάν,</em></span> 
     </span>
     <span class='ocr_line' id='line_1_31' title="bbox 439 4170 1345 4258; baseline -0.003 -21"><span class='ocrx_word' id='word_1_236' title='bbox 439 4173 643 4255; x_wconf 81' lang='grc' dir='ltr'><em>φρικώεντος</em></span> <span class='ocrx_word' id='word_1_237' title='bbox 666 4172 698 4251; x_wconf 79' lang='grc' dir='ltr'>ἐξ</span> <span class='ocrx_word' id='word_1_238' title='bbox 721 4173 847 4239; x_wconf 77' lang='grc' dir='ltr'><em>ἀδύτου</em></span> <span class='ocrx_word' id='word_1_239' title='bbox 867 4178 872 4252; x_wconf 76' lang='grc' dir='ltr'>Ι</span> <span class='ocrx_word' id='word_1_240' title='bbox 892 4175 1081 4258; x_wconf 79' lang='grc' dir='ltr'><em>μελλόντων</em></span> <span class='ocrx_word' id='word_1_241' title='bbox 1103 4170 1205 4255; x_wconf 79' lang='grc' dir='ltr'><em>θέμιν</em></span> <span class='ocrx_word' id='word_1_242' title='bbox 1227 4171 1345 4254; x_wconf 80' lang='grc' dir='ltr'><strong><em>εὐσεβῆ</em></strong></span> 
     </span>
     <span class='ocr_line' id='line_1_32' title="bbox 439 4272 1425 4366; baseline -0.004 -21"><span class='ocrx_word' id='word_1_243' title='bbox 439 4291 597 4364; x_wconf 77' lang='grc' dir='ltr'><em>χρησμοῖς</em></span> <span class='ocrx_word' id='word_1_244' title='bbox 620 4281 816 4363; x_wconf 77' lang='grc' dir='ltr'><em>εὐφθόγγου</em></span> <span class='ocrx_word' id='word_1_245' title='bbox 839 4304 872 4346; x_wconf 80' lang='grc' dir='ltr'>τε</span> <span class='ocrx_word' id='word_1_246' title='bbox 896 4281 999 4366; x_wconf 78' lang='grc' dir='ltr'><em>λύμας</em></span> <span class='ocrx_word' id='word_1_247' title='bbox 1018 4278 1023 4365; x_wconf 89' lang='grc'>1</span> <span class='ocrx_word' id='word_1_248' title='bbox 1044 4279 1177 4362; x_wconf 62' lang='lat' dir='ltr'>aridate,</span> <span class='ocrx_word' id='word_1_249' title='bbox 1201 4272 1226 4342; x_wconf 80' lang='grc' dir='ltr'><strong>ὦ</strong></span> <span class='ocrx_word' id='word_1_250' title='bbox 1252 4283 1280 4341; x_wconf 81' lang='grc' dir='ltr'>ἴε</span> <span class='ocrx_word' id='word_1_251' title='bbox 1304 4277 1425 4342; x_wconf 77' lang='grc' dir='ltr'><em>Παιάν.</em></span> 
     </span>
    </p>
   </div>
   <div class='ocr_carea' id='block_1_7' title="bbox 305 4419 1587 4914">
    <p class='ocr_par' dir='ltr' id='par_1_7' title="bbox 305 4419 1587 4615">
     <span class='ocr_line' id='line_1_33' title="bbox 307 4419 1587 4505; baseline 0 -20"><span class='ocrx_word' id='word_1_252' title='bbox 307 4419 369 4485; x_wconf 87' lang='lat' dir='ltr'>Sed</span> <span class='ocrx_word' id='word_1_253' title='bbox 398 4422 439 4487; x_wconf 90' lang='lat' dir='ltr'>ab</span> <span class='ocrx_word' id='word_1_254' title='bbox 466 4422 528 4488; x_wconf 86' lang='lat' dir='ltr'>hac</span> <span class='ocrx_word' id='word_1_255' title='bbox 555 4427 643 4487; x_wconf 88' lang='lat' dir='ltr'>tersa</span> <span class='ocrx_word' id='word_1_256' title='bbox 670 4428 739 4488; x_wconf 86' lang='lat' dir='ltr'>arte</span> <span class='ocrx_word' id='word_1_257' title='bbox 767 4428 800 4487; x_wconf 88' lang='lat' dir='ltr'>et</span> <span class='ocrx_word' id='word_1_258' title='bbox 827 4422 985 4488; x_wconf 84' lang='lat' dir='ltr'>concinna</span> <span class='ocrx_word' id='word_1_259' title='bbox 1012 4420 1222 4505; x_wconf 89' lang='lat' dir='ltr'>simplicitate</span> <span class='ocrx_word' id='word_1_260' title='bbox 1245 4420 1417 4505; x_wconf 83' lang='lat' dir='ltr'>ingeniosa</span> <span class='ocrx_word' id='word_1_261' title='bbox 1438 4442 1587 4485; x_wconf 87' lang='lat' dir='ltr'>numero-</span> 
     </span>
     <span class='ocr_line' id='line_1_34' title="bbox 305 4526 1017 4615; baseline 0.003 -24"><span class='ocrx_word' id='word_1_262' title='bbox 305 4527 386 4592; x_wconf 88' lang='lat' dir='ltr'>sitas</span> <span class='ocrx_word' id='word_1_263' title='bbox 410 4526 540 4592; x_wconf 90' lang='lat' dir='ltr'>Dircaei</span> <span class='ocrx_word' id='word_1_264' title='bbox 563 4533 677 4612; x_wconf 90' lang='lat' dir='ltr'>poetae</span> <span class='ocrx_word' id='word_1_265' title='bbox 700 4529 891 4615; x_wconf 81' lang='lat' dir='ltr'>longissime</span> <span class='ocrx_word' id='word_1_266' title='bbox 915 4530 1017 4594; x_wconf 88' lang='lat' dir='ltr'>abest.</span> 
     </span>
    </p>

    <p class='ocr_par' dir='ltr' id='par_1_8' title="bbox 305 4632 1587 4914">
     <span class='ocr_line' id='line_1_35' title="bbox 393 4632 1587 4721; baseline -0.002 -22"><span class='ocrx_word' id='word_1_267' title='bbox 393 4636 446 4700; x_wconf 80' lang='lat' dir='ltr'>Ad</span> <span class='ocrx_word' id='word_1_268' title='bbox 483 4641 662 4701; x_wconf 84' lang='lat' dir='ltr'>extremum</span> <span class='ocrx_word' id='word_1_269' title='bbox 698 4637 863 4702; x_wconf 85' lang='lat' dir='ltr'>variorum</span> <span class='ocrx_word' id='word_1_270' title='bbox 899 4657 1053 4721; x_wconf 84' lang='lat' dir='ltr'>generum</span> <span class='ocrx_word' id='word_1_271' title='bbox 1087 4634 1241 4700; x_wconf 87' lang='lat' dir='ltr'>metricae</span> <span class='ocrx_word' id='word_1_272' title='bbox 1273 4632 1521 4717; x_wconf 88' lang='lat' dir='ltr'>compositionis</span> <span class='ocrx_word' id='word_1_273' title='bbox 1553 4637 1587 4697; x_wconf 90' lang='lat' dir='ltr'>et</span> 
     </span>
     <span class='ocr_line' id='line_1_36' title="bbox 306 4738 1585 4825; baseline -0.003 -19"><span class='ocrx_word' id='word_1_274' title='bbox 306 4741 513 4806; x_wconf 88' lang='lat' dir='ltr'>metricarum</span> <span class='ocrx_word' id='word_1_275' title='bbox 549 4744 700 4807; x_wconf 90' lang='lat' dir='ltr'>notarum</span> <span class='ocrx_word' id='word_1_276' title='bbox 738 4742 772 4807; x_wconf 92' lang='lat' dir='ltr'>iu</span> <span class='ocrx_word' id='word_1_277' title='bbox 808 4742 869 4806; x_wconf 91' lang='lat' dir='ltr'>hac</span> <span class='ocrx_word' id='word_1_278' title='bbox 906 4741 1047 4807; x_wconf 89' lang='lat' dir='ltr'>editione</span> <span class='ocrx_word' id='word_1_279' title='bbox 1079 4745 1309 4825; x_wconf 83' lang='lat' dir='ltr'>usurpatamm</span> <span class='ocrx_word' id='word_1_280' title='bbox 1341 4740 1501 4806; x_wconf 90' lang='lat' dir='ltr'>indiculos</span> <span class='ocrx_word' id='word_1_281' title='bbox 1534 4738 1585 4802; x_wconf 90' lang='lat' dir='ltr'>ad-</span> 
     </span>
     <span class='ocr_line' id='line_1_37' title="bbox 305 4848 501 4914; baseline 0 -2"><span class='ocrx_word' id='word_1_282' title='bbox 305 4848 379 4914; x_wconf 91' lang='lat' dir='ltr'>dere</span> <span class='ocrx_word' id='word_1_283' title='bbox 402 4848 501 4912; x_wconf 88' lang='lat' dir='ltr'>iuvat.</span> 
     </span>
    </p>
   </div>
   <div class='ocr_carea' id='block_1_8' title="bbox 0 0 1726 5550">
    <p class='ocr_par' dir='ltr' id='par_1_9' title="bbox 0 0 1726 5550">
     <span class='ocr_line' id='line_1_38' title="bbox 0 0 1726 5550; baseline 0 0"><span class='ocrx_word' id='word_1_284' title='bbox 0 0 1726 5550; x_wconf 95' lang='lat' dir='ltr'> </span> 
     </span>
    </p>
   </div>
  </div>
 </body>
</html>
