3442 5550
707 372 854 426 ιειιιιιιι
873 376 914 425 ιιι
934 374 1004 445 [iva
1423 374 1486 438 347

294 541 328 599 εἰ
347 558 396 611 τις
418 529 456 601 εὖ
478 537 576 620 άείπη
598 554 642 599 τι·
666 533 722 600 καί
743 537 939 624 πάγκαρπον
962 535 1015 604 aa
1038 541 1146 622 χθόνα
1168 516 1223 604 καί
1248 539 1303 603 διά
1326 541 1405 604 πόν-
1455 556 1489 605 ιο

346 666 406 708 τον
428 639 566 728 βέβακεν

229 767 262 815 eo
296 749 466 836 ἐργμάτων
485 748 576 827 ἀκτὶς
598 754 709 816 καλῶν
731 753 889 836 ἄσβεστος
911 755 984 818 αἰεί.

1291 912 1373 980 Ἀντ
1393 913 1435 980 δ’.

296 1022 498 1107 προφρόνων
522 1023 658 1085 Μοισᾶν
681 1021 849 1106 τύχοιμεν,
872 1033 984 1087 κεῖνον
1006 1022 1088 1100 ἅψαι
1111 1023 1241 1108 πυρσὸν
1263 1021 1380 1107 ὕμνων

296 1126 350 1192 καὶ
374 1129 547 1214 Μελίσσῳ,
569 1131 773 1212 παγκρατίου
797 1128 981 1214 στεφάνωμ’
1010 1128 1157 1212 ἐπάξιον,
1457 1148 1489 1195 τι

216 1244 272 1309 (45)
296 1237 386 1321 ἔρνει·
412 1233 598 1299 Τελεσιάδα.
643 1237 746 1323 τόλμα
769 1237 831 1322 γάρ
855 1236 950 1312 εἰκὼς

296 1343 410 1426 θυμὸν
433 1340 644 1428 ἐριβρεμετᾶν
666 1349 785 1426 θηρῶν
808 1345 952 1408 λεόντων

230 1467 263 1515 65
296 1448 332 1515 ἰν
350 1452 456 1537 πόνῳ,
475 1459 573 1539 μῆτιν
594 1448 625 1514 δ’
646 1448 793 1534 ἀλώπηξ,
811 1452 923 1516 αἰετοῦ
941 1452 963 1515 ά
981 1449 1010 1515 τ’
1031 1450 1277 1537 ἀναπιτναμένα
1455 1469 1489 1517 80

350 1557 476 1642 ῥόμβον
499 1563 595 1640 λσχει·

296 1667 357 1751 χρη
382 1660 419 1729 a
441 1673 507 1728 πᾶν
531 1664 670 1749 ἔρδοντα
693 1675 866 1750 μαυρῶσαι
889 1667 947 1731 τὸν
971 1665 1103 1753 ἐχθρόν.

296 1933 423 2016 οὐγὰρ
447 1935 551 2018 φύσιν
570 1931 790 2019 Ὠαριωνείαν
814 1936 941 2018 ἔλαχεν·

217 2051 272 2117 (50)
297 2038 369 2107 ἀλλ’
395 2040 510 2118 ὀνοτὸς
532 2037 593 2125 μὲν
617 2037 764 2124 ἰδέσθαι,

297 2160 476 2233 συμπεσεῖν
499 2147 528 2214 δ’
556 2149 657 2235 αἰχμᾷ
679 2149 792 2233 βαρύς.

289 2423 330 2472 69.
349 2412 455 2470 πόντου
474 2414 545 2470 coni.
565 2414 659 2468 Naber
677 2412 781 2468 collato
800 2413 834 2468 N.
850 2433 877 2467 v1
895 2430 937 2481 ιε,
956 2417 987 2468 at
1005 2415 1039 2468 cf.
1054 2433 1079 2468 ε.
1096 2432 1121 2471 τε
1141 2449 1173 2456 -
1195 2421 1236 2472 62,
1256 2415 1492 2487 στεφάνωμα...

217 2496 259 2543 65.
279 2488 391 2556 ἀλώπηξ
410 2486 454 2540 bis
475 2487 579 2557 scripta
597 2487 663 2539 aaut
676 2484 706 2539 iu
720 2486 747 2540 B
761 2518 797 2525 —
811 2491 852 2541 63.
873 2485 954 2553 ἔρνεα.
973 2486 1126 2561 Τελεσιάδα
1145 2492 1218 2557 τολμ.
1240 2487 1388 2543 nonnullos
1407 2487 1492 2542 inter-

216 2560 348 2633 punxisse
376 2561 517 2613 testantur
544 2557 651 2612 scholia
675 2590 708 2597 —
733 2555 820 2632 τόλμᾳ
839 2560 880 2626 (α)
896 2601 901 2612 .
918 2601 923 2611 .
941 2602 946 2611 .
961 2559 1056 2628 θυμὸν
1084 2561 1111 2615 Β
1126 2561 1168 2615 D:
1196 2558 1301 2630 τόλμαν
1328 2557 1423 2630 όμσιος
1442 2604 1447 2614 ,
1465 2604 1492 2613 ..

217 2638 299 2700 θυμω
314 2630 385 2686 coni.
400 2630 515 2697 Kayser,
529 2627 635 2699 τόλμαν
651 2672 657 2683 .
673 2672 678 2682 .
695 2672 700 2683 ,
715 2632 798 2702 θυμῷ
812 2627 884 2683 coni.
898 2629 1029 2699 Hartung
1044 2661 1077 2671 -
1092 2636 1134 2685 64.
1154 2635 1253 2700 θηρῶν
1267 2631 1377 2700 Heynez
1396 2635 1494 2700 θηρᾶν

217 2687 311 2772 aaa,
335 2706 413 2775 εηρε
437 2700 556 2754 ararum
580 2700 717 2755 senonum
741 2732 774 2740 -
798 2705 839 2754 ει.
867 2700 926 2755 κει
948 2699 1029 2770 aaa.
1050 2702 1204 2757 acuroear
1229 2702 1431 2770 verisimilium
1458 2703 1493 2758 of.

218 2775 249 2831 Ο.
268 2794 289 2828 n
307 2791 333 2830 aa
353 2805 385 2813 -
405 2771 523 2839 ἔρδοντα
542 2792 624 2841 μαυρ.
639 2771 764 2827 Boeokh:
785 2769 895 2841 ἔρδοντ’
912 2773 1006 2842 ἀμαυρ
1024 2773 1104 2829 codd.
1126 2806 1157 2815 -
1179 2779 1220 2827 69.
1241 2773 1328 2849 αἰχμᾷ
1342 2774 1439 2844 (αἰχμά
1454 2775 1494 2843 D)

218 2848 288 2915 BD,
308 2847 384 2920 ἀκμᾷ
403 2843 474 2898 coni.
494 2843 580 2898 Pauw
599 2877 634 2884 —

290 2995 331 3043 59.
359 2983 389 3042 εἰι
414 2987 479 3059 εἰπη
503 2991 600 3041 ornate
619 2990 649 3041 et
667 3003 730 3040 eum
748 2986 859 3057 poetico
878 2985 977 3040 decoro
997 2985 1087 3053 dicat;
1111 2986 1246 3041 ridiculus
1266 2987 1446 3055 animasset,
1470 2987 1494 3042 si

217 3060 352 3131 quioquid
375 3058 405 3112 in
427 3059 542 3113 laudem
564 3059 698 3127 cuiusque
722 3058 872 3126 diceretur,
897 3075 1017 3126 perenne
1040 3075 1101 3112 esse
1124 3062 1299 3113 asseveraret
1323 3091 1356 3099 -
1376 3057 1495 3132 β’βακεν

217 3133 275 3187 vim
298 3130 446 3203 praeteriti
468 3130 624 3200 praesentis
648 3130 746 3197 habet,
772 3132 804 3183 ut
827 3128 936 3199 ἔγνωκα
959 3129 1126 3198 τεθαύμακα
1151 3125 1216 3184 οἰδα
1239 3162 1272 3171 -
1296 3131 1375 3193 ἀκτὶς
1393 3134 1495 3199 καλῶν,

216 3205 266 3258 lux
285 3203 474 3275 pulchrorum,
494 3204 526 3256 ut
544 3201 573 3255 P.
588 3221 616 3254 τι
635 3219 660 3256 ιε
679 3202 696 3254 ἀ
716 3202 795 3256 ώνων
814 3198 900 3264 ἀκτίς.

292 3280 333 3328 61.
351 3273 580 3342 aCleouymidia
599 3222 752 3327 maioriitus
771 3272 888 3339 Melissi,
907 3273 943 3325 ad
963 3271 1109 3326 Melissum
1127 3272 1136 3326 i
1158 3290 1218 3326 sum
1238 3273 1320 3341 redit,
1339 3274 1435 3328 Musas
1454 3275 1495 3328 in·

217 3363 332 3413 vocaus,
350 3348 383 3399 ut
400 3345 491 3399 facem
511 3345 677 3413 hymnorum
696 3344 751 3399 sibi
770 3345 973 3399 accendant-
989 3353 1091 3413 κεῖνον,
1110 3292 1205 3410 teiam,
1224 3346 1337 3414 qualem
1355 3345 1423 3400 olim
1440 3346 1495 3400 Ho-

218 3436 311 3473 merus
331 3416 412 3470 Aiaci
438 3415 575 3471 accendit.
612 3418 700 3471 Acute
726 3420 822 3470 autem
847 3415 991 3470 Disaenius
1017 3420 1113 3470 monet
1137 3416 1283 3487 pulchram
1310 3417 1382 3471 hanc
1408 3421 1496 3472 meta-

238 3490 338 3544 horam
357 3487 448 3557 magis
468 3487 554 3542 etium
573 3486 693 3556 placere,
713 3488 736 3541 si
756 3504 867 3541 carmen
885 3487 914 3540 in
928 3486 1089 3557 vespertina
1103 3488 1301 3543 comissatione
1315 3488 1408 3558 gentis
1423 3489 1498 3544 inter

218 3510 296 3615 iaces
320 3559 450 3613 ardentes
474 3561 619 3612 cantatum
643 3576 703 3613 esse
732 3563 890 3613 statuamus
917 3591 951 3598 -
978 3565 1019 3612 62.
1048 3557 1223 3629 παγκρατίου
1251 3559 1431 3642 στεφάνωμα·
1461 3562 1496 3617 εἰ.

219 3633 284 3687 Itur.
305 3632 385 3686 Herc.
405 3647 444 3685 εει
463 3629 632 3699 στεφάνωμα
651 3630 767 3700 μόχθων
793 3663 825 3670 -
853 3636 895 3685 63.
924 3629 1077 3684 Τελεσιάδα
1100 3633 1203 3701 patris,
1228 3635 1259 3685 ut
1281 3632 1406 3697 videtum
1434 3650 1495 3703 pro-

219 3704 340 3775 prietate
369 3705 463 3757 autem
492 3701 612 3754 nominis
642 3702 746 3772 proprii
775 3702 878 3757 solutio
906 3702 1007 3773 longae
1036 3702 1143 3771 dactyli
1170 3703 1200 3756 in
1226 3703 1296 3756 duas
1324 3705 1423 3759 breves
1451 3722 1496 3759 ex-

220 3779 335 3830 cusatur
354 3806 387 3814 -
406 3779 448 3827 64.
473 3777 572 3841 θηρῶν
595 3771 728 3837 λεόντων,
750 3774 872 3828 ferarum
894 3773 1020 3842 leonum,
1045 3777 1076 3827 ut
1098 3774 1188 3843 θηρός
1211 3774 1322 3838 λέοντος
1341 3775 1414 3829 dixit
1432 3776 1496 3830 Eur.

219 3848 300 3902 Hero.
315 3863 363 3915 εει,
378 3850 456 3912 θῆρα
471 3843 570 3899 λέοντα
584 3844 763 3916 Epimenides
778 3863 822 3916 ap.
838 3845 946 3900 helian.
961 3844 1026 3899 hist.
1043 3863 1087 3900 an.
1100 3865 1139 3898 ιιι
1154 3863 1178 3908 ις
1194 3848 1297 3900 temere
1311 3848 1398 3901 verba
1411 3850 1498 3917 poeta

218 3918 340 3986 traiecit,
355 3920 387 3971 ut
401 3915 520 3971 λεόντων
535 3934 597 3970 oum
611 3915 706 3991 τόλμα,
721 3934 778 3971 non
792 3935 854 3970 cum
868 3916 963 3986 δυμὸν
978 3916 1110 4005 coniungi
1125 3917 1254 3970 vellet-
1270 3923 1313 3972 66.
1328 3919 1441 3987 ἀλώπηξ
1455 3963 1459 3973 .
1472 3963 1495 3973 ..

221 3991 304 4060 ἰσχει·
325 3988 424 4043 schol:
445 3986 568 4043 ἐοικέναι
586 3989 673 4057 φησὶν
692 3989 822 4058 ἀλώπεκι,
842 3987 901 4057 ἣτις
920 3989 1123 4057 ἀνακεκλιμενη
1142 3985 1227 4042 ὑπτία
1245 3988 1315 4055 πρὸς
1332 3989 1364 4042 τό
1384 3988 1498 4059 ἑτοίμως

220 4062 391 4132 ἀμύνεσθαι,
411 4057 503 4129 ἐπέχει
520 4062 572 4128 τὴν
591 4068 640 4113 τοῦ
659 4061 744 4114 ἀετοῦ
763 4058 859 4129 ὁρμήν,
879 4058 948 4114 ὅταν
967 4059 1103 4132 ἔπιρομβη
1122 4059 1211 4129 αὐτὴν
1225 4058 1393 4131 βουλόμενος
1407 4061 1496 4129 ἀρπά-

221 4152 275 4187 σαι.
303 4132 375 4187 ἔοικε
395 4129 426 4185 δλ
447 4129 591 4185 διδάσκειν
610 4132 697 4186 αὐτοῦ
716 4131 747 4185 τὸ
766 4130 922 4200 πάλαισμα,
942 4133 978 4194 ὡς
997 4131 1084 4201 χαμαὶ
1102 4128 1232 4199 κειμένου
1251 4132 1366 4186 καὶτὸν
1384 4135 1498 4202 μείζονα

221 4202 304 4274 τέχνη
323 4200 509 4271 νενικηκότος.
546 4202 725 4272 Comparatio
743 4202 835 4272 vulpis
854 4202 925 4257 bene
945 4202 1157 4257 accommodata
1175 4205 1219 4255 est
1236 4202 1331 4271 generi
1349 4203 1497 4273 pancratii,

219 4293 275 4344 quo
301 4275 338 4328 ad
361 4278 514 4328 extremum
541 4274 670 4328 reclinati
689 4272 889 4344 (ὑπτιάζοντες)
913 4276 940 4327 et
963 4272 1041 4327 humi
1068 4289 1097 4326 se
1120 4272 1265 4327 volventes
1283 4272 1498 4343 (κυλινδόμενοι)

221 4345 416 4401 adversarium
440 4345 652 4415 impugnabant.
690 4345 827 4400 Similiter
850 4344 935 4399 etiam
959 4345 1033 4398 infra
1051 4362 1076 4399 v.
1096 4361 1122 4399 ει
1140 4342 1257 4398 verbum
1279 4343 1437 4411 λακτίζοισα
1461 4346 1497 4398 ab

222 4419 275 4472 hoc
294 4434 395 4487 genere
415 4416 563 4487 pancratii,
582 4434 637 4484 quo
657 4416 787 4470 Melissus
807 4417 908 4471 vicisse
927 4416 1047 4484 videtur,
1066 4418 1208 4539 sumptum
1227 4418 1277 4469 est.
1309 4416 1411 4470 Contra
1430 4416 1497 4470 Otto

219 4489 328 4554 Keller,
356 4488 408 4542 Die
434 4487 514 4541 Tiere
541 4487 590 4541 des
617 4488 701 4544 klass.
721 4489 822 4542 Altert.
841 4507 868 4558 p.
887 4504 939 4555 ιεο,
967 4506 992 4542 u.
1011 4487 1107 4542 Jahrb.
1142 4486 1200 4542 ,ολ
1222 4486 1381 4541 philaas
1403 4487 1430 4541 S.
1450 4504 1498 4554 ισε,

221 4558 437 4629 ἀναπιτναμένα
457 4559 486 4611 in
505 4559 734 4629 ἀναπιτναμένου
752 4562 862 4613 mutato
881 4559 1014 4627 aquilam,
1039 4575 1102 4611 oum
1125 4557 1237 4628 vulpem
1256 4557 1369 4629 ungulis
1388 4575 1498 4612 sursum

221 4631 347 4700 tulisset,
372 4630 464 4684 medio
483 4629 512 4682 iu
532 4647 596 4685 aere
620 4648 637 4684 a
661 4629 760 4685 dolosa
782 4629 932 4699 vulpecula
950 4629 1071 4683 morderi
1091 4629 1291 4700 interpretatur
1317 4662 1348 4670 -
1376 4635 1417 4685 66.
1447 4629 1498 4701 χρὴ

221 4750 226 4758 .
245 4750 249 4757 .
269 4749 273 4756 .
290 4701 406 4773 ἐχθρόν·
427 4701 566 4772 generalis
587 4702 727 4756 sententia
746 4705 778 4756 ut
797 4718 880 4771 saepe
896 4719 913 4755 a
927 4702 1049 4755 Pindaro
1064 4701 1158 4756 media
1176 4701 1333 4756 laudationi
1351 4701 1499 4756 interiecta

221 4778 280 4840 ost}
298 4775 333 4828 cf.
352 4774 382 4827 P.
402 4792 432 4825 ιιι
453 4791 478 4826 ιο
500 4806 533 4811 -
559 4779 600 4827 67,
617 4771 809 4840 Ὠαριωνείαν,
832 4772 919 4855 longa
942 4773 1032 4828 forma
1050 4773 1171 4828 nominis
1194 4790 1338 4844 proceram
1361 4776 1499 4828 staturam

223 4845 335 4902 Orionis
354 4845 496 4916 significat
517 4877 547 4884 -
568 4850 610 4897 69,
630 4845 716 4919 αἰχμᾷ
736 4863 790 4899 non
811 4845 868 4899 iam
887 4863 916 4900 1n
934 4846 1011 4920 ἀκμᾷ
1031 4844 1169 4916 corrigere
1188 4862 1273 4899 ausus
1292 4862 1352 4898 sum
1372 4847 1408 4900 ob
1423 4844 1498 4900 simi·

220 4919 278 4974 lem
296 4918 354 4973 vim
372 4916 594 4986 metaphoricam
613 4916 744 4971 vocabuli
764 4917 864 4988 αἰχμᾶς
883 4917 912 4972 in
930 4917 1030 4972 Aeaeh.
1050 4917 1149 4987 Agam.
1164 4933 1204 4971 κει
1223 4918 1252 4971 et
1270 4915 1392 4988 choeph.
1406 4934 1446 4973 εεο
1465 4950 1498 4958 -
