<?xml version="1.0" encoding="UTF-8"?>
<!DOCTYPE html PUBLIC "-//W3C//DTD XHTML 1.0 Transitional//EN"
    "http://www.w3.org/TR/xhtml1/DTD/xhtml1-transitional.dtd">
<html xmlns="http://www.w3.org/1999/xhtml" xml:lang="en" lang="en">
 <head>
  <title>
</title>
<meta http-equiv="Content-Type" content="text/html;charset=utf-8" />
  <meta name='ocr-system' content='tesseract 3.04.00' />
  <meta name='ocr-capabilities' content='ocr_page ocr_carea ocr_par ocr_line ocrx_word'/>
</head>
<body>
  <div class='ocr_page' id='page_1' title='image "./pindaricarminap00chrigoog_0344.png"; bbox 0 0 3442 5550; ppageno 0'>
   <div class='ocr_carea' id='block_1_1' title="bbox 690 431 913 484">
    <p class='ocr_par' dir='ltr' id='par_1_1' title="bbox 690 431 913 484">
     <span class='ocr_line' id='line_1_1' title="bbox 690 431 913 484; baseline 0.004 -1"><span class='ocrx_word' id='word_1_1' title='bbox 690 432 822 483; x_wconf 80' lang='lat' dir='ltr'><strong>PYTHIA</strong></span> <span class='ocrx_word' id='word_1_2' title='bbox 840 431 913 484; x_wconf 73' lang='lat' dir='ltr'><strong>vni.</strong></span> 
     </span>
    </p>
   </div>
   <div class='ocr_carea' id='block_1_2' title="bbox 340 592 918 1324">
    <p class='ocr_par' dir='ltr' id='par_1_2' title="bbox 340 592 918 1324">
     <span class='ocr_line' id='line_1_2' title="bbox 375 592 811 678; baseline 0.002 -22"><span class='ocrx_word' id='word_1_3' title='bbox 375 596 501 675; x_wconf 83' lang='grc' dir='ltr'><strong><em>βουλᾶν</em></strong></span> <span class='ocrx_word' id='word_1_4' title='bbox 525 618 557 657; x_wconf 90' lang='grc' dir='ltr'><strong>τε</strong></span> <span class='ocrx_word' id='word_1_5' title='bbox 582 592 636 657; x_wconf 82' lang='grc' dir='ltr'><strong><em>καὶ</em></strong></span> <span class='ocrx_word' id='word_1_6' title='bbox 659 593 811 678; x_wconf 90' lang='grc' dir='ltr'><strong><em>πολέμων</em></strong></span> 
     </span>
     <span class='ocr_line' id='line_1_3' title="bbox 369 700 873 785; baseline 0 -21"><span class='ocrx_word' id='word_1_7' title='bbox 369 703 479 783; x_wconf 84' lang='grc' dir='ltr'><em>ἔχοισα</em></span> <span class='ocrx_word' id='word_1_8' title='bbox 502 702 654 777; x_wconf 77' lang='grc' dir='ltr'><strong><em>κλα-ῖδας</em></strong></span> <span class='ocrx_word' id='word_1_9' title='bbox 676 700 873 785; x_wconf 79' lang='grc' dir='ltr'><em>ὑπερτάτας,</em></span> 
     </span>
     <span class='ocr_line' id='line_1_4' title="bbox 340 804 918 872; baseline 0.005 -4"><span class='ocrx_word' id='word_1_10' title='bbox 340 825 355 868; x_wconf 75' lang='grc' dir='ltr'><strong>ι’)</strong></span> <span class='ocrx_word' id='word_1_11' title='bbox 375 810 587 872; x_wconf 79' lang='grc' dir='ltr'><strong><em>Πυθιόνικον</em></strong></span> <span class='ocrx_word' id='word_1_12' title='bbox 915 804 918 811; x_wconf 72' lang='grc'><strong>’</strong></span> 
     </span>
     <span class='ocr_line' id='line_1_5' title="bbox 419 912 886 999; baseline 0.002 -21"><span class='ocrx_word' id='word_1_13' title='bbox 419 915 518 998; x_wconf 88' lang='grc' dir='ltr'><strong><em>τιμὰν</em></strong></span> <span class='ocrx_word' id='word_1_14' title='bbox 538 912 758 999; x_wconf 78' lang='grc' dir='ltr'><strong><em>Ἀριστομένει</em></strong></span> <span class='ocrx_word' id='word_1_15' title='bbox 782 913 886 979; x_wconf 87' lang='grc' dir='ltr'><strong><em>δέκευ.</em></strong></span> 
     </span>
     <span class='ocr_line' id='line_1_6' title="bbox 375 1022 871 1106; baseline 0.004 -21"><span class='ocrx_word' id='word_1_16' title='bbox 375 1024 414 1085; x_wconf 88' lang='grc' dir='ltr'><strong><em>τὺ</em></strong></span> <span class='ocrx_word' id='word_1_17' title='bbox 438 1023 500 1106; x_wconf 80' lang='grc' dir='ltr'><strong>γάρ</strong></span> <span class='ocrx_word' id='word_1_18' title='bbox 524 1023 560 1087; x_wconf 90' lang='grc' dir='ltr'><strong><em>τὸ</em></strong></span> <span class='ocrx_word' id='word_1_19' title='bbox 583 1023 759 1106; x_wconf 89' lang='grc' dir='ltr'><strong><em>μαλθακὸν</em></strong></span> <span class='ocrx_word' id='word_1_20' title='bbox 782 1022 871 1106; x_wconf 81' lang='grc' dir='ltr'><strong><em>ἔρξαι</em></strong></span> 
     </span>
     <span class='ocr_line' id='line_1_7' title="bbox 418 1127 786 1214; baseline 0 -21"><span class='ocrx_word' id='word_1_21' title='bbox 418 1153 452 1194; x_wconf 89' lang='grc' dir='ltr'><strong>τε</strong></span> <span class='ocrx_word' id='word_1_22' title='bbox 475 1127 529 1193; x_wconf 78' lang='grc' dir='ltr'><strong><em>καὶ</em></strong></span> <span class='ocrx_word' id='word_1_23' title='bbox 553 1136 676 1194; x_wconf 79' lang='grc' dir='ltr'><strong><em>παθεῖν</em></strong></span> <span class='ocrx_word' id='word_1_24' title='bbox 699 1129 786 1214; x_wconf 84' lang='grc' dir='ltr'><strong><em>ὁμῶς</em></strong></span> 
     </span>
     <span class='ocr_line' id='line_1_8' title="bbox 374 1235 917 1324; baseline 0.002 -23"><span class='ocrx_word' id='word_1_25' title='bbox 374 1235 544 1301; x_wconf 87' lang='grc' dir='ltr'><strong><em>ε’πίστασαι</em></strong></span> <span class='ocrx_word' id='word_1_26' title='bbox 568 1246 671 1324; x_wconf 78' lang='grc' dir='ltr'><strong><em>καιρῷ</em></strong></span> <span class='ocrx_word' id='word_1_27' title='bbox 695 1238 758 1301; x_wconf 89' lang='grc' dir='ltr'><strong>σὺν</strong></span> <span class='ocrx_word' id='word_1_28' title='bbox 782 1237 917 1322; x_wconf 78' lang='grc' dir='ltr'><strong><em>ἀτρεκεῖ.</em></strong></span> 
     </span>
    </p>
   </div>
   <div class='ocr_carea' id='block_1_3' title="bbox 321 1449 1276 2391">
    <p class='ocr_par' dir='ltr' id='par_1_3' title="bbox 321 1449 1276 2391">
     <span class='ocr_line' id='line_1_9' title="bbox 374 1449 1276 1537; baseline 0 -22"><span class='ocrx_word' id='word_1_29' title='bbox 374 1454 414 1514; x_wconf 88' lang='grc' dir='ltr'><strong><em>τὺ</em></strong></span> <span class='ocrx_word' id='word_1_30' title='bbox 438 1449 482 1534; x_wconf 84' lang='grc' dir='ltr'><strong>δ’,</strong></span> <span class='ocrx_word' id='word_1_31' title='bbox 506 1451 630 1516; x_wconf 91' lang='grc' dir='ltr'><strong><em>ὁπόταν</em></strong></span> <span class='ocrx_word' id='word_1_32' title='bbox 653 1475 703 1528; x_wconf 77' lang='grc' dir='ltr'><strong>τις</strong></span> <span class='ocrx_word' id='word_1_33' title='bbox 726 1451 896 1537; x_wconf 80' lang='grc' dir='ltr'><strong><em>ἀμείλιχον</em></strong></span> <span class='ocrx_word' id='word_1_34' title='bbox 1055 1449 1137 1516; x_wconf 83' lang='grc' dir='ltr'><strong><em>Ἀντ.</em></strong></span> <span class='ocrx_word' id='word_1_35' title='bbox 1158 1450 1200 1516; x_wconf 86' lang='grc' dir='ltr'><strong><em>α’.</em></strong></span> <span class='ocrx_word' id='word_1_36' title='bbox 1244 1471 1276 1515; x_wconf 88' lang='grc' dir='ltr'><strong><em>ιο</em></strong></span> 
     </span>
     <span class='ocr_line' id='line_1_10' title="bbox 372 1558 788 1645; baseline 0.005 -23"><span class='ocrx_word' id='word_1_37' title='bbox 372 1559 491 1645; x_wconf 78' lang='grc' dir='ltr'><strong><em>καρδίᾳ</em></strong></span> <span class='ocrx_word' id='word_1_38' title='bbox 514 1561 613 1623; x_wconf 85' lang='grc' dir='ltr'><strong><em>κότον</em></strong></span> <span class='ocrx_word' id='word_1_39' title='bbox 636 1558 788 1644; x_wconf 75' lang='grc' dir='ltr'><strong>ἐνελάσῃ,</strong></span> 
     </span>
     <span class='ocr_line' id='line_1_11' title="bbox 321 1665 717 1751; baseline 0.008 -23"><span class='ocrx_word' id='word_1_40' title='bbox 321 1683 352 1728; x_wconf 86' lang='grc' dir='ltr'><strong><em>ιο</em></strong></span> <span class='ocrx_word' id='word_1_41' title='bbox 371 1678 504 1750; x_wconf 85' lang='grc' dir='ltr'><strong><em>τραχεῖα</em></strong></span> <span class='ocrx_word' id='word_1_42' title='bbox 527 1665 717 1751; x_wconf 75' lang='grc' dir='ltr'><strong><em>δυσμενέων</em></strong></span> 
     </span>
     <span class='ocr_line' id='line_1_12' title="bbox 372 1772 890 1859; baseline 0.002 -23"><span class='ocrx_word' id='word_1_43' title='bbox 372 1772 626 1851; x_wconf 78' lang='grc' dir='ltr'><strong><em>ὑπαντιάξαισα</em></strong></span> <span class='ocrx_word' id='word_1_44' title='bbox 649 1773 761 1859; x_wconf 89' lang='grc' dir='ltr'><strong><em>κράτει</em></strong></span> <span class='ocrx_word' id='word_1_45' title='bbox 784 1779 890 1849; x_wconf 82' lang='grc' dir='ltr'><strong><em>τιθεῖς</em></strong></span> 
     </span>
     <span class='ocr_line' id='line_1_13' title="bbox 374 1880 672 1968; baseline 0.007 -25"><span class='ocrx_word' id='word_1_46' title='bbox 374 1880 471 1966; x_wconf 78' lang='grc' dir='ltr'><strong><em>ὕβριν</em></strong></span> <span class='ocrx_word' id='word_1_47' title='bbox 496 1880 531 1945; x_wconf 85' lang='grc' dir='ltr'><strong><em>έν</em></strong></span> <span class='ocrx_word' id='word_1_48' title='bbox 554 1882 672 1968; x_wconf 81' lang='grc' dir='ltr'><strong><em>άντλφ.</em></strong></span> 
     </span>
     <span class='ocr_line' id='line_1_14' title="bbox 416 1985 938 2072; baseline 0.002 -22"><span class='ocrx_word' id='word_1_49' title='bbox 416 1989 476 2051; x_wconf 82' lang='grc' dir='ltr'><strong>τάν</strong></span> <span class='ocrx_word' id='word_1_50' title='bbox 499 1985 577 2052; x_wconf 70' lang='grc' dir='ltr'><strong><em>οὐδὲ·</em></strong></span> <span class='ocrx_word' id='word_1_51' title='bbox 602 1991 810 2072; x_wconf 76' lang='grc' dir='ltr'><strong><em>Πορφυρίων</em></strong></span> <span class='ocrx_word' id='word_1_52' title='bbox 833 1987 938 2052; x_wconf 91' lang='grc' dir='ltr'><strong><em>λάθεν</em></strong></span> 
     </span>
     <span class='ocr_line' id='line_1_15' title="bbox 370 2090 795 2180; baseline 0.002 -22"><span class='ocrx_word' id='word_1_53' title='bbox 370 2092 448 2178; x_wconf 86' lang='grc' dir='ltr'><strong><em>παρ’</em></strong></span> <span class='ocrx_word' id='word_1_54' title='bbox 474 2090 571 2159; x_wconf 80' lang='grc' dir='ltr'><strong><em>αἶσαν</em></strong></span> <span class='ocrx_word' id='word_1_55' title='bbox 596 2093 795 2180; x_wconf 77' lang='grc' dir='ltr'><strong><em>ἐξερεθίζων.</em></strong></span> 
     </span>
     <span class='ocr_line' id='line_1_16' title="bbox 415 2199 788 2287; baseline 0.003 -21"><span class='ocrx_word' id='word_1_56' title='bbox 415 2200 531 2287; x_wconf 75' lang='grc' dir='ltr'><strong><em>κέρδος</em></strong></span> <span class='ocrx_word' id='word_1_57' title='bbox 554 2199 590 2266; x_wconf 74' lang='grc' dir='ltr'><strong>δὲ</strong></span> <span class='ocrx_word' id='word_1_58' title='bbox 614 2207 788 2287; x_wconf 83' lang='grc' dir='ltr'><strong><em>φίλτατον,</em></strong></span> 
     </span>
     <span class='ocr_line' id='line_1_17' title="bbox 371 2303 953 2391; baseline 0 -21"><span class='ocrx_word' id='word_1_59' title='bbox 371 2303 502 2382; x_wconf 81' lang='grc' dir='ltr'><strong><em>ἑκόντος</em></strong></span> <span class='ocrx_word' id='word_1_60' title='bbox 524 2313 557 2372; x_wconf 79' lang='grc' dir='ltr'><strong>εί</strong></span> <span class='ocrx_word' id='word_1_61' title='bbox 576 2332 626 2384; x_wconf 80' lang='grc' dir='ltr'><strong>τις</strong></span> <span class='ocrx_word' id='word_1_62' title='bbox 649 2306 684 2371; x_wconf 83' lang='grc' dir='ltr'><strong>ἐκ</strong></span> <span class='ocrx_word' id='word_1_63' title='bbox 708 2308 820 2391; x_wconf 87' lang='grc' dir='ltr'><strong><em>δόμων</em></strong></span> <span class='ocrx_word' id='word_1_64' title='bbox 843 2305 953 2391; x_wconf 90' lang='grc' dir='ltr'><strong><em>φέροι·</em></strong></span> 
     </span>
    </p>
   </div>
   <div class='ocr_carea' id='block_1_4' title="bbox 319 2517 1272 2715">
    <p class='ocr_par' dir='ltr' id='par_1_4' title="bbox 319 2517 1272 2715">
     <span class='ocr_line' id='line_1_18' title="bbox 319 2517 1201 2605; baseline 0.002 -21"><span class='ocrx_word' id='word_1_65' title='bbox 319 2538 350 2584; x_wconf 76' lang='grc' dir='ltr'><strong><em>ιο</em></strong></span> <span class='ocrx_word' id='word_1_66' title='bbox 370 2523 427 2603; x_wconf 81' lang='grc' dir='ltr'><strong><em>βία</em></strong></span> <span class='ocrx_word' id='word_1_67' title='bbox 450 2517 486 2584; x_wconf 75' lang='grc' dir='ltr'><strong>δὲ</strong></span> <span class='ocrx_word' id='word_1_68' title='bbox 510 2518 564 2584; x_wconf 85' lang='grc' dir='ltr'><strong>καλ</strong></span> <span class='ocrx_word' id='word_1_69' title='bbox 586 2522 795 2605; x_wconf 76' lang='grc' dir='ltr'><strong><em>μεγάλαυχον</em></strong></span> <span class='ocrx_word' id='word_1_70' title='bbox 818 2524 865 2586; x_wconf 81' lang='grc' dir='ltr'><strong><em>ἔσ-</em></strong></span> <span class='ocrx_word' id='word_1_71' title='bbox 1065 2519 1134 2586; x_wconf 69' lang='lat' dir='ltr'><strong>’Em</strong></span> <span class='ocrx_word' id='word_1_72' title='bbox 1157 2519 1201 2586; x_wconf 81' lang='grc' dir='ltr'><strong><em>α’.</em></strong></span> 
     </span>
     <span class='ocr_line' id='line_1_19' title="bbox 416 2626 1272 2715; baseline 0.001 -25"><span class='ocrx_word' id='word_1_73' title='bbox 416 2632 521 2711; x_wconf 89' lang='grc' dir='ltr'><strong><em>φαλεν</em></strong></span> <span class='ocrx_word' id='word_1_74' title='bbox 545 2626 581 2691; x_wconf 77' lang='grc' dir='ltr'><strong><em>ἐν</em></strong></span> <span class='ocrx_word' id='word_1_75' title='bbox 603 2630 721 2715; x_wconf 81' lang='grc' dir='ltr'><strong><em>χρόνῳ.</em></strong></span> <span class='ocrx_word' id='word_1_76' title='bbox 1238 2649 1272 2693; x_wconf 75' lang='grc' dir='ltr'><strong>ευ</strong></span> 
     </span>
    </p>
   </div>
   <div class='ocr_carea' id='block_1_5' title="bbox 154 2800 1432 3038">
    <p class='ocr_par' dir='ltr' id='par_1_5' title="bbox 154 2800 1432 3038">
     <span class='ocr_line' id='line_1_20' title="bbox 154 2800 1430 2897; baseline 0.002 -23"><span class='ocrx_word' id='word_1_77' title='bbox 154 2800 179 2879; x_wconf 38' lang='grc' dir='ltr'><strong>,Ι</strong></span> <span class='ocrx_word' id='word_1_78' title='bbox 211 2826 251 2897; x_wconf 88' lang='grc'><strong>4.</strong></span> <span class='ocrx_word' id='word_1_79' title='bbox 278 2822 384 2882; x_wconf 74' lang='grc' dir='ltr'><strong><em>κλεῖδας</em></strong></span> <span class='ocrx_word' id='word_1_80' title='bbox 410 2822 437 2877; x_wconf 84' lang='grc' dir='ltr'><em>Β</em></span> <span class='ocrx_word' id='word_1_81' title='bbox 461 2851 494 2860; x_wconf 91' lang='grc'>-</span> <span class='ocrx_word' id='word_1_82' title='bbox 515 2819 686 2889; x_wconf 74' lang='grc' dir='ltr'><strong><em>ὑπερτάτους</em></strong></span> <span class='ocrx_word' id='word_1_83' title='bbox 712 2822 742 2876; x_wconf 90' lang='lat' dir='ltr'><strong><em>D</em></strong></span> <span class='ocrx_word' id='word_1_84' title='bbox 761 2853 793 2861; x_wconf 88' lang='lat'>-</span> <span class='ocrx_word' id='word_1_85' title='bbox 814 2827 837 2874; x_wconf 82' lang='grc' dir='ltr'><strong>δ.</strong></span> <span class='ocrx_word' id='word_1_86' title='bbox 864 2819 1061 2891; x_wconf 79' lang='grc' dir='ltr'><strong><em>ἀριστομένους</em></strong></span> <span class='ocrx_word' id='word_1_87' title='bbox 1086 2822 1131 2876; x_wconf 85' lang='lat' dir='ltr'><strong>D·</strong></span> <span class='ocrx_word' id='word_1_88' title='bbox 1153 2854 1178 2861; x_wconf 84' lang='lat'>-</span> <span class='ocrx_word' id='word_1_89' title='bbox 1203 2828 1227 2876; x_wconf 89' lang='grc'><strong>6.</strong></span> <span class='ocrx_word' id='word_1_90' title='bbox 1254 2822 1328 2885; x_wconf 81' lang='grc' dir='ltr'><strong><em>ὅπως</em></strong></span> <span class='ocrx_word' id='word_1_91' title='bbox 1351 2824 1378 2876; x_wconf 84' lang='grc' dir='ltr'><strong><em>Β</em></strong></span> <span class='ocrx_word' id='word_1_92' title='bbox 1398 2854 1430 2864; x_wconf 61' lang='lat'><strong>»-</strong></span> 
     </span>
     <span class='ocr_line' id='line_1_21' title="bbox 155 2888 1432 3017; baseline 0.003 -72"><span class='ocrx_word' id='word_1_93' title='bbox 155 2896 200 2963; x_wconf 70' lang='grc' dir='ltr'><strong><em>λλ.</em></strong></span> <span class='ocrx_word' id='word_1_94' title='bbox 218 2894 321 2955; x_wconf 77' lang='grc' dir='ltr'><strong><em>τιθεῖςε</em></strong></span> <span class='ocrx_word' id='word_1_95' title='bbox 340 2888 424 3017; x_wconf 62' lang='grc' dir='ltr'><strong><em>τίθρρ</em></strong></span> <span class='ocrx_word' id='word_1_96' title='bbox 437 2891 512 2946; x_wconf 78' lang='lat' dir='ltr'><strong>malo</strong></span> <span class='ocrx_word' id='word_1_97' title='bbox 527 2924 561 2932; x_wconf 95' lang='lat'><em>-</em></span> <span class='ocrx_word' id='word_1_98' title='bbox 580 2897 618 2946; x_wconf 73' lang='lat'><strong>12.</strong></span> <span class='ocrx_word' id='word_1_99' title='bbox 639 2893 729 2947; x_wconf 85' lang='grc' dir='ltr'><strong><em>λάθεν</em></strong></span> <span class='ocrx_word' id='word_1_100' title='bbox 743 2892 813 2948; x_wconf 85' lang='lat' dir='ltr'><strong>oeni.</strong></span> <span class='ocrx_word' id='word_1_101' title='bbox 828 2892 954 2947; x_wconf 82' lang='lat' dir='ltr'><strong>Mnthiae</strong></span> <span class='ocrx_word' id='word_1_102' title='bbox 969 2892 1034 2947; x_wconf 91' lang='lat' dir='ltr'><strong>Obs.</strong></span> <span class='ocrx_word' id='word_1_103' title='bbox 1049 2892 1126 2947; x_wconf 88' lang='lat' dir='ltr'><strong>misc.</strong></span> <span class='ocrx_word' id='word_1_104' title='bbox 1142 2911 1162 2945; x_wconf 90' lang='lat'><strong>11</strong></span> <span class='ocrx_word' id='word_1_105' title='bbox 1179 2910 1216 2947; x_wconf 89' lang='lat'><strong>11:</strong></span> <span class='ocrx_word' id='word_1_106' title='bbox 1236 2892 1312 2981; x_wconf 69' lang='grc' dir='ltr'><strong><em>μάθε</em></strong></span> <span class='ocrx_word' id='word_1_107' title='bbox 1327 2893 1432 2964; x_wconf 82' lang='grc' dir='ltr'><strong><em>(μάθεν</em></strong></span> 
     </span>
     <span class='ocr_line' id='line_1_22' title="bbox 154 2962 1430 3038; baseline 0.002 -21"><span class='ocrx_word' id='word_1_108' title='bbox 154 2962 197 3031; x_wconf 84' lang='lat' dir='ltr'><strong>D)</strong></span> <span class='ocrx_word' id='word_1_109' title='bbox 219 2962 299 3017; x_wconf 87' lang='lat' dir='ltr'>codd.</span> <span class='ocrx_word' id='word_1_110' title='bbox 319 2966 348 3017; x_wconf 90' lang='lat' dir='ltr'><strong>et</strong></span> <span class='ocrx_word' id='word_1_111' title='bbox 371 2980 400 3018; x_wconf 86' lang='grc' dir='ltr'><strong><em>το</em></strong></span> <span class='ocrx_word' id='word_1_112' title='bbox 421 2962 457 3018; x_wconf 90' lang='lat' dir='ltr'><strong>ol.</strong></span> <span class='ocrx_word' id='word_1_113' title='bbox 478 2995 510 3004; x_wconf 93' lang='lat'>—</span> <span class='ocrx_word' id='word_1_114' title='bbox 532 2969 572 3019; x_wconf 83' lang='lat'><strong>14.</strong></span> <span class='ocrx_word' id='word_1_115' title='bbox 597 2962 707 3027; x_wconf 81' lang='grc' dir='ltr'><strong><em>ἑκόντες</em></strong></span> <span class='ocrx_word' id='word_1_116' title='bbox 730 2964 757 3018; x_wconf 88' lang='grc' dir='ltr'><strong><em>Β</em></strong></span> <span class='ocrx_word' id='word_1_117' title='bbox 778 2996 805 3004; x_wconf 94' lang='grc'>-</span> <span class='ocrx_word' id='word_1_118' title='bbox 829 2969 871 3017; x_wconf 80' lang='lat'><strong>15.</strong></span> <span class='ocrx_word' id='word_1_119' title='bbox 895 2966 943 3036; x_wconf 80' lang='grc' dir='ltr'><strong><em>βία</em></strong></span> <span class='ocrx_word' id='word_1_120' title='bbox 967 2964 995 3017; x_wconf 90' lang='grc' dir='ltr'>Β</span> <span class='ocrx_word' id='word_1_121' title='bbox 1009 2966 1038 3019; x_wconf 91' lang='lat' dir='ltr'><em>D</em></span> <span class='ocrx_word' id='word_1_122' title='bbox 1061 2967 1090 3018; x_wconf 89' lang='lat' dir='ltr'><strong>et</strong></span> <span class='ocrx_word' id='word_1_123' title='bbox 1113 2963 1212 3019; x_wconf 75' lang='lat' dir='ltr'><strong>schot:</strong></span> <span class='ocrx_word' id='word_1_124' title='bbox 1237 2965 1285 3038; x_wconf 84' lang='grc' dir='ltr'><strong><em>βιᾳ</em></strong></span> <span class='ocrx_word' id='word_1_125' title='bbox 1309 2966 1334 3019; x_wconf 93' lang='grc' dir='ltr'><em>Ζ</em></span> <span class='ocrx_word' id='word_1_126' title='bbox 1355 2965 1430 3035; x_wconf 88' lang='lat' dir='ltr'><strong>quod</strong></span> 
     </span>
    </p>
   </div>
   <div class='ocr_carea' id='block_1_6' title="bbox 155 3032 512 3106">
    <p class='ocr_par' dir='ltr' id='par_1_6' title="bbox 155 3032 512 3106">
     <span class='ocr_line' id='line_1_23' title="bbox 155 3032 512 3106; baseline -0.003 -17"><span class='ocrx_word' id='word_1_127' title='bbox 155 3032 281 3105; x_wconf 75' lang='lat' dir='ltr'><strong>Heynius</strong></span> <span class='ocrx_word' id='word_1_128' title='bbox 300 3034 461 3106; x_wconf 77' lang='lat' dir='ltr'>anteposuit</span> <span class='ocrx_word' id='word_1_129' title='bbox 480 3065 512 3074; x_wconf 80' lang='lat'><em>-</em></span> 
     </span>
    </p>
   </div>
   <div class='ocr_carea' id='block_1_7' title="bbox 147 3176 1431 5030">
    <p class='ocr_par' dir='ltr' id='par_1_7' title="bbox 147 3176 1431 5030">
     <span class='ocr_line' id='line_1_24' title="bbox 156 3176 1431 3248; baseline 0.002 -18"><span class='ocrx_word' id='word_1_130' title='bbox 156 3176 384 3246; x_wconf 75' lang='lat' dir='ltr'><strong>Tmnquillitatis</strong></span> <span class='ocrx_word' id='word_1_131' title='bbox 399 3177 510 3246; x_wconf 86' lang='lat' dir='ltr'><strong>dicitur,</strong></span> <span class='ocrx_word' id='word_1_132' title='bbox 521 3177 584 3248; x_wconf 80' lang='lat' dir='ltr'><strong>ipsu</strong></span> <span class='ocrx_word' id='word_1_133' title='bbox 598 3176 657 3231; x_wconf 79' lang='lat' dir='ltr'><strong>filia</strong></span> <span class='ocrx_word' id='word_1_134' title='bbox 667 3176 805 3231; x_wconf 75' lang='lat' dir='ltr'><strong>&#39;l&#39;hemitis</strong></span> <span class='ocrx_word' id='word_1_135' title='bbox 816 3176 979 3247; x_wconf 82' lang='lat' dir='ltr'><strong>perhibetur</strong></span> <span class='ocrx_word' id='word_1_136' title='bbox 989 3176 1019 3232; x_wconf 92' lang='grc' dir='ltr'><strong>Ο.</strong></span> <span class='ocrx_word' id='word_1_137' title='bbox 1031 3196 1080 3229; x_wconf 85' lang='lat' dir='ltr'><strong>rm</strong></span> <span class='ocrx_word' id='word_1_138' title='bbox 1090 3193 1101 3230; x_wconf 83' lang='grc' dir='ltr'><strong><em>τ</em></strong></span> <span class='ocrx_word' id='word_1_139' title='bbox 1112 3209 1144 3216; x_wconf 91' lang='grc'>-</span> <span class='ocrx_word' id='word_1_140' title='bbox 1158 3185 1182 3231; x_wconf 81' lang='grc'><strong>4.</strong></span> <span class='ocrx_word' id='word_1_141' title='bbox 1194 3181 1225 3231; x_wconf 91' lang='lat' dir='ltr'><strong>ut</strong></span> <span class='ocrx_word' id='word_1_142' title='bbox 1234 3177 1280 3232; x_wconf 89' lang='lat' dir='ltr'><strong>hio</strong></span> <span class='ocrx_word' id='word_1_143' title='bbox 1290 3177 1431 3248; x_wconf 76' lang='lat' dir='ltr'><strong>Hesychia</strong></span> 
     </span>
     <span class='ocr_line' id='line_1_25' title="bbox 158 3244 1430 3320; baseline 0.003 -19"><span class='ocrx_word' id='word_1_144' title='bbox 158 3244 300 3318; x_wconf 75' lang='lat' dir='ltr'><strong>clavigera</strong></span> <span class='ocrx_word' id='word_1_145' title='bbox 310 3251 484 3320; x_wconf 72' lang='grc' dir='ltr'><strong><em>(κλῃδοῦχος)</em></strong></span> <span class='ocrx_word' id='word_1_146' title='bbox 495 3266 554 3302; x_wconf 87' lang='lat' dir='ltr'><strong>esse</strong></span> <span class='ocrx_word' id='word_1_147' title='bbox 564 3248 687 3318; x_wconf 80' lang='lat' dir='ltr'><strong>fingitur,</strong></span> <span class='ocrx_word' id='word_1_148' title='bbox 698 3248 738 3302; x_wconf 86' lang='lat' dir='ltr'><strong>sie</strong></span> <span class='ocrx_word' id='word_1_149' title='bbox 748 3250 846 3302; x_wconf 81' lang='grc' dir='ltr'><strong><em>Πειθώ</em></strong></span> <span class='ocrx_word' id='word_1_150' title='bbox 857 3248 885 3300; x_wconf 93' lang='grc' dir='ltr'><strong>Ρ.</strong></span> <span class='ocrx_word' id='word_1_151' title='bbox 897 3267 924 3300; x_wconf 85' lang='grc' dir='ltr'><strong>ιιι</strong></span> <span class='ocrx_word' id='word_1_152' title='bbox 935 3265 969 3315; x_wconf 75' lang='lat' dir='ltr'><strong>nn,</strong></span> <span class='ocrx_word' id='word_1_153' title='bbox 979 3246 1068 3315; x_wconf 83' lang='grc' dir='ltr'><strong><em>Ἔρως</em></strong></span> <span class='ocrx_word' id='word_1_154' title='bbox 1076 3249 1140 3304; x_wconf 89' lang='lat' dir='ltr'><strong>Eur.</strong></span> <span class='ocrx_word' id='word_1_155' title='bbox 1151 3247 1235 3319; x_wconf 88' lang='lat' dir='ltr'><strong>Hipp.</strong></span> <span class='ocrx_word' id='word_1_156' title='bbox 1246 3264 1293 3316; x_wconf 75' lang='lat' dir='ltr'><strong>oio,</strong></span> <span class='ocrx_word' id='word_1_157' title='bbox 1304 3248 1430 3304; x_wconf 80' lang='lat' dir='ltr'><strong>Minerva</strong></span> 
     </span>
     <span class='ocr_line' id='line_1_26' title="bbox 158 3318 1430 3391; baseline 0.002 -19"><span class='ocrx_word' id='word_1_158' title='bbox 158 3319 257 3373; x_wconf 82' lang='lat' dir='ltr'><strong>Aeseh.</strong></span> <span class='ocrx_word' id='word_1_159' title='bbox 272 3319 351 3374; x_wconf 84' lang='lat' dir='ltr'><strong>Eum.</strong></span> <span class='ocrx_word' id='word_1_160' title='bbox 367 3338 405 3374; x_wconf 77' lang='lat' dir='ltr'><strong>ser</strong></span> <span class='ocrx_word' id='word_1_161' title='bbox 425 3324 454 3374; x_wconf 91' lang='lat' dir='ltr'><strong>et</strong></span> <span class='ocrx_word' id='word_1_162' title='bbox 472 3320 613 3389; x_wconf 82' lang='lat' dir='ltr'><strong>Aristoph.</strong></span> <span class='ocrx_word' id='word_1_163' title='bbox 628 3319 738 3375; x_wconf 81' lang='lat' dir='ltr'><strong>Thesm.</strong></span> <span class='ocrx_word' id='word_1_164' title='bbox 755 3338 805 3373; x_wconf 78' lang='lat' dir='ltr'><strong>ine</strong></span> <span class='ocrx_word' id='word_1_165' title='bbox 825 3352 856 3359; x_wconf 91' lang='lat'>-</span> <span class='ocrx_word' id='word_1_166' title='bbox 877 3325 901 3374; x_wconf 81' lang='lat' dir='ltr'><strong>t.</strong></span> <span class='ocrx_word' id='word_1_167' title='bbox 921 3318 1098 3374; x_wconf 82' lang='grc' dir='ltr'><strong><em>Πυθιόνικον</em></strong></span> <span class='ocrx_word' id='word_1_168' title='bbox 1116 3319 1208 3388; x_wconf 79' lang='grc' dir='ltr'><strong><em>τιμάν,</em></strong></span> <span class='ocrx_word' id='word_1_169' title='bbox 1228 3337 1359 3375; x_wconf 78' lang='lat' dir='ltr'><strong>coronam</strong></span> <span class='ocrx_word' id='word_1_170' title='bbox 1377 3320 1430 3391; x_wconf 80' lang='lat' dir='ltr'><strong>Py-</strong></span> 
     </span>
     <span class='ocr_line' id='line_1_27' title="bbox 155 3388 1429 3479; baseline 0.004 -36"><span class='ocrx_word' id='word_1_171' title='bbox 155 3388 223 3445; x_wconf 81' lang='lat' dir='ltr'><strong>thiis</strong></span> <span class='ocrx_word' id='word_1_172' title='bbox 245 3393 356 3461; x_wconf 78' lang='lat' dir='ltr'><strong>portum</strong></span> <span class='ocrx_word' id='word_1_173' title='bbox 380 3395 409 3445; x_wconf 90' lang='lat' dir='ltr'><strong>et</strong></span> <span class='ocrx_word' id='word_1_174' title='bbox 430 3409 563 3479; x_wconf 84' lang='lat' dir='ltr'><strong>pompurn</strong></span> <span class='ocrx_word' id='word_1_175' title='bbox 586 3391 616 3445; x_wconf 93' lang='lat' dir='ltr'><strong>in</strong></span> <span class='ocrx_word' id='word_1_176' title='bbox 639 3390 698 3445; x_wconf 84' lang='lat' dir='ltr'><strong>eius</strong></span> <span class='ocrx_word' id='word_1_177' title='bbox 723 3392 857 3445; x_wconf 82' lang='lat' dir='ltr'><strong>honorem</strong></span> <span class='ocrx_word' id='word_1_178' title='bbox 881 3390 1052 3458; x_wconf 66' lang='lat' dir='ltr'><strong>institutum</strong></span> <span class='ocrx_word' id='word_1_179' title='bbox 1077 3391 1111 3445; x_wconf 84' lang='lat' dir='ltr'><strong>ef.</strong></span> <span class='ocrx_word' id='word_1_180' title='bbox 1131 3391 1272 3462; x_wconf 84' lang='lat' dir='ltr'><strong>Aristoph.</strong></span> <span class='ocrx_word' id='word_1_181' title='bbox 1293 3409 1353 3446; x_wconf 84' lang='lat' dir='ltr'><strong>run.</strong></span> <span class='ocrx_word' id='word_1_182' title='bbox 1377 3410 1429 3448; x_wconf 75' lang='lat' dir='ltr'><strong>ser:</strong></span> 
     </span>
     <span class='ocr_line' id='line_1_28' title="bbox 157 3456 1429 3534; baseline 0.002 -19"><span class='ocrx_word' id='word_1_183' title='bbox 157 3456 372 3531; x_wconf 68' lang='grc' dir='ltr'><strong><em>ἐγκατακρούων</em></strong></span> <span class='ocrx_word' id='word_1_184' title='bbox 391 3464 458 3517; x_wconf 85' lang='grc' dir='ltr'><strong><em>ποδλ</em></strong></span> <span class='ocrx_word' id='word_1_185' title='bbox 476 3483 529 3516; x_wconf 85' lang='grc' dir='ltr'><strong>ταν</strong></span> <span class='ocrx_word' id='word_1_186' title='bbox 547 3460 703 3517; x_wconf 84' lang='grc' dir='ltr'><strong><em>ἀκόλαστον</em></strong></span> <span class='ocrx_word' id='word_1_187' title='bbox 726 3460 935 3532; x_wconf 77' lang='grc' dir='ltr'><strong><em>φιλοπαίγμονα</em></strong></span> <span class='ocrx_word' id='word_1_188' title='bbox 958 3462 1041 3531; x_wconf 90' lang='grc' dir='ltr'><strong><em>τιμάν</em></strong></span> <span class='ocrx_word' id='word_1_189' title='bbox 1059 3495 1094 3502; x_wconf 94' lang='grc'>-</span> <span class='ocrx_word' id='word_1_190' title='bbox 1110 3460 1302 3534; x_wconf 70' lang='grc' dir='ltr'><strong><em>Ἀριστομένει·</em></strong></span> <span class='ocrx_word' id='word_1_191' title='bbox 1325 3464 1360 3517; x_wconf 89' lang='lat' dir='ltr'><strong>de</strong></span> <span class='ocrx_word' id='word_1_192' title='bbox 1381 3464 1429 3518; x_wconf 83' lang='lat' dir='ltr'><strong>dn·</strong></span> 
     </span>
     <span class='ocr_line' id='line_1_29' title="bbox 154 3532 1429 3604; baseline -0.001 -17"><span class='ocrx_word' id='word_1_193' title='bbox 154 3532 214 3587; x_wconf 81' lang='lat' dir='ltr'><strong>tivo</strong></span> <span class='ocrx_word' id='word_1_194' title='bbox 232 3550 376 3603; x_wconf 82' lang='lat' dir='ltr'><strong>personne,</strong></span> <span class='ocrx_word' id='word_1_195' title='bbox 396 3554 413 3587; x_wconf 83' lang='grc' dir='ltr'><strong>ιι</strong></span> <span class='ocrx_word' id='word_1_196' title='bbox 432 3551 489 3603; x_wconf 82' lang='lat' dir='ltr'><strong>qun</strong></span> <span class='ocrx_word' id='word_1_197' title='bbox 508 3533 570 3602; x_wconf 91' lang='lat' dir='ltr'><strong>quis</strong></span> <span class='ocrx_word' id='word_1_198' title='bbox 590 3533 695 3604; x_wconf 82' lang='lat' dir='ltr'><strong>aoeipit</strong></span> <span class='ocrx_word' id='word_1_199' title='bbox 712 3534 765 3603; x_wconf 83' lang='lat' dir='ltr'><strong>vel,</strong></span> <span class='ocrx_word' id='word_1_200' title='bbox 785 3533 829 3587; x_wconf 89' lang='lat' dir='ltr'><strong>cui</strong></span> <span class='ocrx_word' id='word_1_201' title='bbox 852 3533 914 3602; x_wconf 85' lang='lat' dir='ltr'><strong>quis</strong></span> <span class='ocrx_word' id='word_1_202' title='bbox 934 3551 991 3588; x_wconf 88' lang='lat' dir='ltr'><strong>rem</strong></span> <span class='ocrx_word' id='word_1_203' title='bbox 1012 3533 1107 3600; x_wconf 79' lang='lat' dir='ltr'><strong>deurit,</strong></span> <span class='ocrx_word' id='word_1_204' title='bbox 1127 3534 1191 3588; x_wconf 76' lang='lat' dir='ltr'><strong>vide</strong></span> <span class='ocrx_word' id='word_1_205' title='bbox 1211 3534 1246 3587; x_wconf 84' lang='lat' dir='ltr'><strong>nd</strong></span> <span class='ocrx_word' id='word_1_206' title='bbox 1267 3534 1295 3589; x_wconf 90' lang='lat' dir='ltr'><strong>P.</strong></span> <span class='ocrx_word' id='word_1_207' title='bbox 1311 3554 1348 3587; x_wconf 74' lang='grc' dir='ltr'><strong>ιιι</strong></span> <span class='ocrx_word' id='word_1_208' title='bbox 1364 3553 1376 3587; x_wconf 80' lang='grc' dir='ltr'><strong><em>τ</em></strong></span> <span class='ocrx_word' id='word_1_209' title='bbox 1396 3567 1429 3576; x_wconf 85' lang='grc'>-</span> 
     </span>
     <span class='ocr_line' id='line_1_30' title="bbox 155 3605 1430 3677; baseline 0.003 -20"><span class='ocrx_word' id='word_1_210' title='bbox 155 3608 178 3658; x_wconf 78' lang='lat'><strong>7.</strong></span> <span class='ocrx_word' id='word_1_211' title='bbox 205 3611 292 3677; x_wconf 80' lang='grc' dir='ltr'><strong><em>καιρῷ</em></strong></span> <span class='ocrx_word' id='word_1_212' title='bbox 319 3606 369 3659; x_wconf 84' lang='grc' dir='ltr'><strong>σὺν</strong></span> <span class='ocrx_word' id='word_1_213' title='bbox 396 3607 517 3674; x_wconf 80' lang='grc' dir='ltr'><strong><em>ἀτρεκεῖ·</em></strong></span> <span class='ocrx_word' id='word_1_214' title='bbox 546 3622 595 3659; x_wconf 88' lang='lat' dir='ltr'><strong>suo</strong></span> <span class='ocrx_word' id='word_1_215' title='bbox 622 3610 746 3675; x_wconf 85' lang='lat' dir='ltr'><strong>tempore</strong></span> <span class='ocrx_word' id='word_1_216' title='bbox 772 3605 914 3674; x_wconf 79' lang='lat' dir='ltr'>placidam</span> <span class='ocrx_word' id='word_1_217' title='bbox 941 3605 1092 3674; x_wconf 80' lang='lat' dir='ltr'><strong>mitemque</strong></span> <span class='ocrx_word' id='word_1_218' title='bbox 1118 3623 1178 3660; x_wconf 81' lang='lat' dir='ltr'><strong>esse</strong></span> <span class='ocrx_word' id='word_1_219' title='bbox 1204 3605 1285 3659; x_wconf 86' lang='lat' dir='ltr'><strong>deum</strong></span> <span class='ocrx_word' id='word_1_220' title='bbox 1305 3605 1334 3659; x_wconf 92' lang='lat' dir='ltr'><strong>in</strong></span> <span class='ocrx_word' id='word_1_221' title='bbox 1353 3606 1430 3661; x_wconf 80' lang='lat' dir='ltr'><strong>cives</strong></span> 
     </span>
     <span class='ocr_line' id='line_1_31' title="bbox 153 3674 1428 3752; baseline 0.002 -24"><span class='ocrx_word' id='word_1_222' title='bbox 153 3674 242 3730; x_wconf 82' lang='lat' dir='ltr'><strong>iustos</strong></span> <span class='ocrx_word' id='word_1_223' title='bbox 262 3677 433 3745; x_wconf 84' lang='lat' dir='ltr'><strong>eandemque</strong></span> <span class='ocrx_word' id='word_1_224' title='bbox 449 3694 576 3747; x_wconf 78' lang='lat' dir='ltr'><strong>asperum</strong></span> <span class='ocrx_word' id='word_1_225' title='bbox 591 3677 621 3731; x_wconf 91' lang='lat' dir='ltr'><strong>in</strong></span> <span class='ocrx_word' id='word_1_226' title='bbox 635 3676 761 3730; x_wconf 86' lang='lat' dir='ltr'><strong>homines</strong></span> <span class='ocrx_word' id='word_1_227' title='bbox 777 3676 910 3730; x_wconf 73' lang='lat' dir='ltr'><strong>factiosos</strong></span> <span class='ocrx_word' id='word_1_228' title='bbox 925 3680 954 3730; x_wconf 86' lang='lat' dir='ltr'><strong>et</strong></span> <span class='ocrx_word' id='word_1_229' title='bbox 968 3675 1062 3730; x_wconf 86' lang='lat' dir='ltr'><strong>hostes</strong></span> <span class='ocrx_word' id='word_1_230' title='bbox 1077 3677 1211 3747; x_wconf 84' lang='lat' dir='ltr'><strong>superbos</strong></span> <span class='ocrx_word' id='word_1_231' title='bbox 1226 3709 1261 3716; x_wconf 94' lang='lat'><em>-</em></span> <span class='ocrx_word' id='word_1_232' title='bbox 1278 3683 1301 3731; x_wconf 84' lang='lat'><strong>9.</strong></span> <span class='ocrx_word' id='word_1_233' title='bbox 1317 3678 1428 3752; x_wconf 79' lang='grc' dir='ltr'><strong><em>καρδίᾳ,</em></strong></span> 
     </span>
     <span class='ocr_line' id='line_1_32' title="bbox 154 3745 1427 3821; baseline 0.002 -20"><span class='ocrx_word' id='word_1_234' title='bbox 154 3745 255 3802; x_wconf 77' lang='grc' dir='ltr'><strong><em>ἑαυτοῦ</em></strong></span> <span class='ocrx_word' id='word_1_235' title='bbox 281 3751 355 3801; x_wconf 88' lang='lat' dir='ltr'><strong>recte</strong></span> <span class='ocrx_word' id='word_1_236' title='bbox 381 3748 581 3819; x_wconf 78' lang='lat' dir='ltr'><strong>interpretatur</strong></span> <span class='ocrx_word' id='word_1_237' title='bbox 607 3748 773 3816; x_wconf 79' lang='lat' dir='ltr'><strong>scholiastn3</strong></span> <span class='ocrx_word' id='word_1_238' title='bbox 799 3748 894 3802; x_wconf 86' lang='lat' dir='ltr'><strong>confer</strong></span> <span class='ocrx_word' id='word_1_239' title='bbox 916 3747 1094 3802; x_wconf 84' lang='lat' dir='ltr'><strong>Homericum</strong></span> <span class='ocrx_word' id='word_1_240' title='bbox 1118 3749 1201 3802; x_wconf 85' lang='grc' dir='ltr'><strong><em>κότον</em></strong></span> <span class='ocrx_word' id='word_1_241' title='bbox 1226 3747 1325 3802; x_wconf 79' lang='grc' dir='ltr'><strong><em>ἔνθετο</em></strong></span> <span class='ocrx_word' id='word_1_242' title='bbox 1344 3752 1427 3821; x_wconf 78' lang='grc' dir='ltr'><strong><em>θυμῷ</em></strong></span> 
     </span>
     <span class='ocr_line' id='line_1_33' title="bbox 154 3817 1427 3890; baseline 0.003 -19"><span class='ocrx_word' id='word_1_243' title='bbox 154 3817 205 3873; x_wconf 83' lang='grc' dir='ltr'><strong>Οό.</strong></span> <span class='ocrx_word' id='word_1_244' title='bbox 221 3840 239 3873; x_wconf 91' lang='grc' dir='ltr'><strong><em>ν</em></strong></span> <span class='ocrx_word' id='word_1_245' title='bbox 252 3836 292 3873; x_wconf 79' lang='grc' dir='ltr'><strong>εει</strong></span> <span class='ocrx_word' id='word_1_246' title='bbox 307 3851 338 3859; x_wconf 97' lang='grc'>-</span> <span class='ocrx_word' id='word_1_247' title='bbox 357 3826 396 3873; x_wconf 89' lang='lat' dir='ltr'><strong>ll.</strong></span> <span class='ocrx_word' id='word_1_248' title='bbox 416 3818 623 3885; x_wconf 79' lang='grc' dir='ltr'><strong><em>ὑπαντιάξαισα</em></strong></span> <span class='ocrx_word' id='word_1_249' title='bbox 638 3819 683 3873; x_wconf 87' lang='lat' dir='ltr'><strong>hie</strong></span> <span class='ocrx_word' id='word_1_250' title='bbox 698 3837 760 3873; x_wconf 89' lang='lat' dir='ltr'><strong>oum</strong></span> <span class='ocrx_word' id='word_1_251' title='bbox 779 3818 876 3873; x_wconf 82' lang='lat' dir='ltr'><strong>dativo</strong></span> <span class='ocrx_word' id='word_1_252' title='bbox 891 3817 1007 3889; x_wconf 80' lang='grc' dir='ltr'><strong><em>(κράτει)</em></strong></span> <span class='ocrx_word' id='word_1_253' title='bbox 1023 3819 1202 3873; x_wconf 80' lang='lat' dir='ltr'><strong>coniunctum</strong></span> <span class='ocrx_word' id='word_1_254' title='bbox 1220 3824 1272 3886; x_wconf 79' lang='lat' dir='ltr'><strong>est,</strong></span> <span class='ocrx_word' id='word_1_255' title='bbox 1292 3822 1324 3872; x_wconf 89' lang='lat' dir='ltr'><strong>ut</strong></span> <span class='ocrx_word' id='word_1_256' title='bbox 1343 3837 1427 3890; x_wconf 79' lang='lat' dir='ltr'><strong>saepe</strong></span> 
     </span>
     <span class='ocr_line' id='line_1_34' title="bbox 153 3889 1426 3963; baseline 0.002 -20"><span class='ocrx_word' id='word_1_257' title='bbox 153 3890 230 3960; x_wconf 82' lang='lat' dir='ltr'><strong>apud</strong></span> <span class='ocrx_word' id='word_1_258' title='bbox 249 3890 406 3959; x_wconf 76' lang='lat' dir='ltr'><strong>scriptores,</strong></span> <span class='ocrx_word' id='word_1_259' title='bbox 426 3908 489 3944; x_wconf 86' lang='lat' dir='ltr'><strong>cum</strong></span> <span class='ocrx_word' id='word_1_260' title='bbox 508 3908 566 3945; x_wconf 82' lang='lat' dir='ltr'><strong>ace.</strong></span> <span class='ocrx_word' id='word_1_261' title='bbox 581 3891 610 3945; x_wconf 93' lang='lat' dir='ltr'><strong>P.</strong></span> <span class='ocrx_word' id='word_1_262' title='bbox 626 3910 643 3944; x_wconf 91' lang='lat' dir='ltr'>v</span> <span class='ocrx_word' id='word_1_263' title='bbox 656 3909 681 3944; x_wconf 81' lang='grc' dir='ltr'><strong>ιι</strong></span> <span class='ocrx_word' id='word_1_264' title='bbox 702 3923 736 3930; x_wconf 94' lang='grc'>-</span> <span class='ocrx_word' id='word_1_265' title='bbox 756 3897 797 3945; x_wconf 72' lang='lat'><strong>12.</strong></span> <span class='ocrx_word' id='word_1_266' title='bbox 817 3896 906 3953; x_wconf 83' lang='grc' dir='ltr'><strong><em>τιθεῖς</em></strong></span> <span class='ocrx_word' id='word_1_267' title='bbox 924 3889 1006 3963; x_wconf 78' lang='grc' dir='ltr'><strong><em>ὕβριν</em></strong></span> <span class='ocrx_word' id='word_1_268' title='bbox 1026 3890 1056 3945; x_wconf 80' lang='grc' dir='ltr'><strong><em>ἐν</em></strong></span> <span class='ocrx_word' id='word_1_269' title='bbox 1075 3890 1172 3957; x_wconf 78' lang='grc' dir='ltr'><strong><em>ἄντλῳ,</em></strong></span> <span class='ocrx_word' id='word_1_270' title='bbox 1193 3890 1333 3960; x_wconf 77' lang='lat' dir='ltr'><strong>demergis</strong></span> <span class='ocrx_word' id='word_1_271' title='bbox 1352 3891 1426 3945; x_wconf 90' lang='lat' dir='ltr'><strong>inso-</strong></span> 
     </span>
     <span class='ocr_line' id='line_1_35' title="bbox 151 3960 1425 4031; baseline 0 -16"><span class='ocrx_word' id='word_1_272' title='bbox 151 3960 269 4016; x_wconf 79' lang='lat' dir='ltr'><strong>lentiam</strong></span> <span class='ocrx_word' id='word_1_273' title='bbox 295 3962 354 4015; x_wconf 81' lang='lat' dir='ltr'><strong>altu</strong></span> <span class='ocrx_word' id='word_1_274' title='bbox 380 3979 466 4030; x_wconf 62' lang='lat' dir='ltr'><strong>aqum</strong></span> <span class='ocrx_word' id='word_1_275' title='bbox 493 3963 528 4016; x_wconf 87' lang='lat' dir='ltr'><strong>de</strong></span> <span class='ocrx_word' id='word_1_276' title='bbox 553 3962 742 4017; x_wconf 83' lang='lat' dir='ltr'><strong>locutionibus</strong></span> <span class='ocrx_word' id='word_1_277' title='bbox 762 3961 978 4029; x_wconf 78' lang='lat' dir='ltr'><strong>enavigatione</strong></span> <span class='ocrx_word' id='word_1_278' title='bbox 998 3962 1097 4015; x_wconf 79' lang='lat' dir='ltr'><strong>adres</strong></span> <span class='ocrx_word' id='word_1_279' title='bbox 1121 3961 1252 4031; x_wconf 75' lang='lat' dir='ltr'><strong>politioris</strong></span> <span class='ocrx_word' id='word_1_280' title='bbox 1279 3962 1425 4017; x_wconf 80' lang='lat' dir='ltr'><strong>translatis</strong></span> 
     </span>
     <span class='ocr_line' id='line_1_36' title="bbox 151 4032 1427 4103; baseline 0.002 -16"><span class='ocrx_word' id='word_1_281' title='bbox 151 4051 177 4089; x_wconf 79' lang='grc' dir='ltr'><strong><em>τ.</em></strong></span> <span class='ocrx_word' id='word_1_282' title='bbox 197 4032 309 4087; x_wconf 86' lang='lat' dir='ltr'><strong>Lobeek</strong></span> <span class='ocrx_word' id='word_1_283' title='bbox 329 4033 410 4103; x_wconf 87' lang='lat' dir='ltr'><strong>Soph.</strong></span> <span class='ocrx_word' id='word_1_284' title='bbox 431 4035 474 4088; x_wconf 76' lang='lat' dir='ltr'><strong>ni.</strong></span> <span class='ocrx_word' id='word_1_285' title='bbox 495 4051 547 4090; x_wconf 76' lang='lat' dir='ltr'><strong>ross</strong></span> <span class='ocrx_word' id='word_1_286' title='bbox 566 4066 599 4073; x_wconf 95' lang='lat'>—</span> <span class='ocrx_word' id='word_1_287' title='bbox 620 4040 652 4086; x_wconf 85' lang='grc'><strong>13</strong></span> <span class='ocrx_word' id='word_1_288' title='bbox 672 4052 707 4088; x_wconf 84' lang='lat' dir='ltr'><strong>ss.</strong></span> <span class='ocrx_word' id='word_1_289' title='bbox 727 4033 887 4099; x_wconf 76' lang='lat' dir='ltr'><strong>generalem</strong></span> <span class='ocrx_word' id='word_1_290' title='bbox 906 4033 1074 4088; x_wconf 81' lang='lat' dir='ltr'><strong>sententiani</strong></span> <span class='ocrx_word' id='word_1_291' title='bbox 1093 4033 1128 4087; x_wconf 86' lang='lat' dir='ltr'><strong>de</strong></span> <span class='ocrx_word' id='word_1_292' title='bbox 1148 4033 1308 4087; x_wconf 86' lang='lat' dir='ltr'><strong>hominibus</strong></span> <span class='ocrx_word' id='word_1_293' title='bbox 1328 4034 1427 4089; x_wconf 89' lang='lat' dir='ltr'><strong>turbu-</strong></span> 
     </span>
     <span class='ocr_line' id='line_1_37' title="bbox 150 4104 1424 4175; baseline 0.001 -16"><span class='ocrx_word' id='word_1_294' title='bbox 150 4104 236 4159; x_wconf 89' lang='lat' dir='ltr'><strong>lentis</strong></span> <span class='ocrx_word' id='word_1_295' title='bbox 255 4122 272 4157; x_wconf 83' lang='lat' dir='ltr'><strong>u</strong></span> <span class='ocrx_word' id='word_1_296' title='bbox 291 4104 518 4172; x_wconf 66' lang='lat' dir='ltr'><strong>&#39;tranquillitatis</strong></span> <span class='ocrx_word' id='word_1_297' title='bbox 542 4104 654 4160; x_wconf 89' lang='lat' dir='ltr'><strong>numine</strong></span> <span class='ocrx_word' id='word_1_298' title='bbox 678 4105 810 4173; x_wconf 76' lang='lat' dir='ltr'><strong>repressis</strong></span> <span class='ocrx_word' id='word_1_299' title='bbox 835 4104 946 4173; x_wconf 77' lang='lat' dir='ltr'><strong>egregie</strong></span> <span class='ocrx_word' id='word_1_300' title='bbox 969 4108 1053 4173; x_wconf 77' lang='lat' dir='ltr'><strong>poeto</strong></span> <span class='ocrx_word' id='word_1_301' title='bbox 1077 4104 1212 4175; x_wconf 81' lang='lat' dir='ltr'><strong>exemplis</strong></span> <span class='ocrx_word' id='word_1_302' title='bbox 1236 4122 1254 4158; x_wconf 81' lang='lat' dir='ltr'><strong>a</strong></span> <span class='ocrx_word' id='word_1_303' title='bbox 1277 4106 1357 4159; x_wconf 82' lang='lat' dir='ltr'><strong>clude</strong></span> <span class='ocrx_word' id='word_1_304' title='bbox 1377 4106 1424 4161; x_wconf 88' lang='lat' dir='ltr'><strong>Gi·</strong></span> 
     </span>
     <span class='ocr_line' id='line_1_38' title="bbox 149 4174 1425 4248; baseline 0.002 -18"><span class='ocrx_word' id='word_1_305' title='bbox 149 4179 269 4248; x_wconf 80' lang='lat' dir='ltr'><strong>gantum</strong></span> <span class='ocrx_word' id='word_1_306' title='bbox 288 4180 317 4230; x_wconf 89' lang='lat' dir='ltr'><strong>et</strong></span> <span class='ocrx_word' id='word_1_307' title='bbox 335 4175 453 4230; x_wconf 82' lang='lat' dir='ltr'><strong>victorin</strong></span> <span class='ocrx_word' id='word_1_308' title='bbox 479 4176 616 4230; x_wconf 86' lang='lat' dir='ltr'><strong>nlmomm</strong></span> <span class='ocrx_word' id='word_1_309' title='bbox 640 4176 754 4230; x_wconf 86' lang='lat' dir='ltr'><strong>deorum</strong></span> <span class='ocrx_word' id='word_1_310' title='bbox 777 4176 873 4247; x_wconf 80' lang='lat' dir='ltr'><strong>petitis</strong></span> <span class='ocrx_word' id='word_1_311' title='bbox 893 4174 1024 4230; x_wconf 81' lang='lat' dir='ltr'><strong>illustrat.</strong></span> <span class='ocrx_word' id='word_1_312' title='bbox 1061 4174 1213 4229; x_wconf 78' lang='lat' dir='ltr'><strong>Pindarum</strong></span> <span class='ocrx_word' id='word_1_313' title='bbox 1233 4176 1361 4230; x_wconf 72' lang='lat' dir='ltr'><strong>inritatus</strong></span> <span class='ocrx_word' id='word_1_314' title='bbox 1381 4184 1425 4232; x_wconf 88' lang='lat' dir='ltr'><strong>est</strong></span> 
     </span>
     <span class='ocr_line' id='line_1_39' title="bbox 150 4246 1427 4317; baseline 0.002 -16"><span class='ocrx_word' id='word_1_315' title='bbox 150 4247 285 4301; x_wconf 79' lang='lat' dir='ltr'><strong>Horatius</strong></span> <span class='ocrx_word' id='word_1_316' title='bbox 310 4246 338 4302; x_wconf 85' lang='lat' dir='ltr'><strong>C.</strong></span> <span class='ocrx_word' id='word_1_317' title='bbox 357 4267 388 4300; x_wconf 90' lang='lat'><strong>111</strong></span> <span class='ocrx_word' id='word_1_318' title='bbox 406 4265 427 4315; x_wconf 86' lang='grc' dir='ltr'><strong><em>ι,</em></strong></span> <span class='ocrx_word' id='word_1_319' title='bbox 448 4265 485 4302; x_wconf 82' lang='lat' dir='ltr'><strong>m:</strong></span> <span class='ocrx_word' id='word_1_320' title='bbox 512 4251 585 4303; x_wconf 78' lang='lat' dir='ltr'><strong>testis</strong></span> <span class='ocrx_word' id='word_1_321' title='bbox 611 4266 731 4303; x_wconf 75' lang='lat' dir='ltr'><strong>meurnin</strong></span> <span class='ocrx_word' id='word_1_322' title='bbox 757 4252 927 4303; x_wconf 79' lang='lat' dir='ltr'><strong>centimanus</strong></span> <span class='ocrx_word' id='word_1_323' title='bbox 948 4248 1024 4317; x_wconf 72' lang='lat' dir='ltr'><strong>Gyas</strong></span> <span class='ocrx_word' id='word_1_324' title='bbox 1040 4251 1044 4315; x_wconf 88' lang='grc' dir='ltr'>Ι</span> <span class='ocrx_word' id='word_1_325' title='bbox 1060 4249 1269 4312; x_wconf 78' lang='lat' dir='ltr'><strong>sententimnni,</strong></span> <span class='ocrx_word' id='word_1_326' title='bbox 1294 4255 1376 4301; x_wconf 82' lang='grc' dir='ltr'><strong><em>κυῖαν</em></strong></span> <span class='ocrx_word' id='word_1_327' title='bbox 1402 4258 1427 4303; x_wconf 84' lang='lat' dir='ltr'><strong>et</strong></span> 
     </span>
     <span class='ocr_line' id='line_1_40' title="bbox 150 4319 1425 4390; baseline 0 -16"><span class='ocrx_word' id='word_1_328' title='bbox 150 4323 272 4389; x_wconf 78' lang='grc' dir='ltr'><strong><em>ι’κλτρταε</em></strong></span> <span class='ocrx_word' id='word_1_329' title='bbox 287 4320 292 4390; x_wconf 85' lang='grc' dir='ltr'>Ι</span> <span class='ocrx_word' id='word_1_330' title='bbox 308 4326 452 4388; x_wconf 78' lang='lat' dir='ltr'><strong>temptator</strong></span> <span class='ocrx_word' id='word_1_331' title='bbox 473 4321 559 4375; x_wconf 81' lang='lat' dir='ltr'><strong>Orion</strong></span> <span class='ocrx_word' id='word_1_332' title='bbox 576 4320 702 4385; x_wconf 82' lang='lat' dir='ltr'><strong>Dionae,</strong></span> <span class='ocrx_word' id='word_1_333' title='bbox 719 4322 722 4383; x_wconf 97' lang='grc' dir='ltr'>Ι</span> <span class='ocrx_word' id='word_1_334' title='bbox 740 4322 861 4389; x_wconf 77' lang='grc' dir='ltr'><strong><em>οιίρίιιεο</em></strong></span> <span class='ocrx_word' id='word_1_335' title='bbox 885 4321 1004 4373; x_wconf 77' lang='lat' dir='ltr'><strong>domitus</strong></span> <span class='ocrx_word' id='word_1_336' title='bbox 1021 4320 1124 4387; x_wconf 71' lang='lat' dir='ltr'><strong>supina</strong></span> <span class='ocrx_word' id='word_1_337' title='bbox 1142 4326 1189 4372; x_wconf 83' lang='lat' dir='ltr'><strong>ete.</strong></span> <span class='ocrx_word' id='word_1_338' title='bbox 1209 4350 1245 4358; x_wconf 90' lang='lat'>-</span> <span class='ocrx_word' id='word_1_339' title='bbox 1267 4325 1305 4372; x_wconf 82' lang='lat'><strong>13.</strong></span> <span class='ocrx_word' id='word_1_340' title='bbox 1326 4319 1425 4374; x_wconf 75' lang='lat' dir='ltr'><strong>schot:</strong></span> 
     </span>
     <span class='ocr_line' id='line_1_41' title="bbox 149 4385 1426 4461; baseline -0.001 -17"><span class='ocrx_word' id='word_1_341' title='bbox 149 4399 231 4444; x_wconf 83' lang='grc' dir='ltr'><strong><em>τοῦτο</em></strong></span> <span class='ocrx_word' id='word_1_342' title='bbox 251 4388 281 4443; x_wconf 78' lang='grc' dir='ltr'><strong>δὲ</strong></span> <span class='ocrx_word' id='word_1_343' title='bbox 303 4385 388 4456; x_wconf 76' lang='grc' dir='ltr'><strong><em>εἶπεν,</em></strong></span> <span class='ocrx_word' id='word_1_344' title='bbox 409 4390 450 4445; x_wconf 85' lang='grc' dir='ltr'><strong>ὃτι</strong></span> <span class='ocrx_word' id='word_1_345' title='bbox 465 4388 636 4458; x_wconf 86' lang='grc' dir='ltr'><strong><em>Πορφυρίων</em></strong></span> <span class='ocrx_word' id='word_1_346' title='bbox 656 4391 831 4461; x_wconf 74' lang='grc' dir='ltr'><strong><em>ἐπεχείρησεν</em></strong></span> <span class='ocrx_word' id='word_1_347' title='bbox 850 4388 1069 4443; x_wconf 83' lang='grc' dir='ltr'><strong><em>ἀποσπάσασθαι</em></strong></span> <span class='ocrx_word' id='word_1_348' title='bbox 1091 4390 1158 4461; x_wconf 80' lang='grc' dir='ltr'><strong><em>βοῦς</em></strong></span> <span class='ocrx_word' id='word_1_349' title='bbox 1173 4387 1323 4456; x_wconf 80' lang='grc' dir='ltr'><strong><em>Ἡρακλέος</em></strong></span> <span class='ocrx_word' id='word_1_350' title='bbox 1343 4390 1426 4444; x_wconf 84' lang='grc' dir='ltr'><strong><em>ἄκον-</em></strong></span> 
     </span>
     <span class='ocr_line' id='line_1_42' title="bbox 148 4459 1425 4533; baseline -0.002 -17"><span class='ocrx_word' id='word_1_351' title='bbox 148 4481 196 4525; x_wconf 77' lang='grc' dir='ltr'><strong><em>τος</em></strong></span> <span class='ocrx_word' id='word_1_352' title='bbox 219 4462 315 4515; x_wconf 78' lang='grc' dir='ltr'><strong><em>αὐτοῦ.</em></strong></span> <span class='ocrx_word' id='word_1_353' title='bbox 352 4461 406 4516; x_wconf 84' lang='lat' dir='ltr'><strong>Sed</strong></span> <span class='ocrx_word' id='word_1_354' title='bbox 430 4462 526 4533; x_wconf 83' lang='lat' dir='ltr'><strong>procul</strong></span> <span class='ocrx_word' id='word_1_355' title='bbox 551 4462 637 4516; x_wconf 88' lang='lat' dir='ltr'><strong>dubio</strong></span> <span class='ocrx_word' id='word_1_356' title='bbox 661 4468 745 4533; x_wconf 78' lang='lat' dir='ltr'><strong>poeta</strong></span> <span class='ocrx_word' id='word_1_357' title='bbox 768 4461 811 4513; x_wconf 79' lang='lat' dir='ltr'><strong>his</strong></span> <span class='ocrx_word' id='word_1_358' title='bbox 836 4459 926 4513; x_wconf 82' lang='lat' dir='ltr'><strong>verbis</strong></span> <span class='ocrx_word' id='word_1_359' title='bbox 953 4460 1040 4513; x_wconf 82' lang='lat' dir='ltr'><strong>etiam</strong></span> <span class='ocrx_word' id='word_1_360' title='bbox 1066 4460 1203 4515; x_wconf 82' lang='lat' dir='ltr'><strong>factiones</strong></span> <span class='ocrx_word' id='word_1_361' title='bbox 1224 4460 1425 4530; x_wconf 78' lang='lat' dir='ltr'><strong>Aeginetnrum</strong></span> 
     </span>
     <span class='ocr_line' id='line_1_43' title="bbox 151 4531 1425 4604; baseline -0.002 -17"><span class='ocrx_word' id='word_1_362' title='bbox 151 4532 354 4587; x_wconf 81' lang='lat' dir='ltr'><strong>democraticns</strong></span> <span class='ocrx_word' id='word_1_363' title='bbox 369 4534 460 4604; x_wconf 82' lang='lat' dir='ltr'><strong>carpit</strong></span> <span class='ocrx_word' id='word_1_364' title='bbox 475 4533 626 4603; x_wconf 82' lang='lat' dir='ltr'><strong>optimates</strong></span> <span class='ocrx_word' id='word_1_365' title='bbox 641 4534 741 4603; x_wconf 90' lang='lat' dir='ltr'><strong>opibus</strong></span> <span class='ocrx_word' id='word_1_366' title='bbox 755 4531 898 4602; x_wconf 78' lang='lat' dir='ltr'><strong>privantes</strong></span> <span class='ocrx_word' id='word_1_367' title='bbox 914 4562 946 4570; x_wconf 89' lang='lat'><em>-</em></span> <span class='ocrx_word' id='word_1_368' title='bbox 964 4538 1004 4584; x_wconf 79' lang='grc'><strong>14.</strong></span> <span class='ocrx_word' id='word_1_369' title='bbox 1020 4531 1145 4585; x_wconf 81' lang='lat' dir='ltr'><strong>conferre</strong></span> <span class='ocrx_word' id='word_1_370' title='bbox 1160 4532 1240 4585; x_wconf 80' lang='lat' dir='ltr'><strong>iuvet</strong></span> <span class='ocrx_word' id='word_1_371' title='bbox 1256 4533 1425 4584; x_wconf 84' lang='lat' dir='ltr'><strong>sententium</strong></span> 
     </span>
     <span class='ocr_line' id='line_1_44' title="bbox 148 4601 1425 4676; baseline -0.003 -18"><span class='ocrx_word' id='word_1_372' title='bbox 148 4604 260 4658; x_wconf 79' lang='lat' dir='ltr'><strong>Biantis</strong></span> <span class='ocrx_word' id='word_1_373' title='bbox 284 4622 326 4674; x_wconf 84' lang='lat' dir='ltr'><strong>np.</strong></span> <span class='ocrx_word' id='word_1_374' title='bbox 344 4604 420 4659; x_wconf 87' lang='lat' dir='ltr'><strong>Stob.</strong></span> <span class='ocrx_word' id='word_1_375' title='bbox 435 4606 493 4660; x_wconf 88' lang='lat' dir='ltr'><strong>flor.</strong></span> <span class='ocrx_word' id='word_1_376' title='bbox 510 4624 539 4657; x_wconf 91' lang='grc' dir='ltr'><strong>ιιι</strong></span> <span class='ocrx_word' id='word_1_377' title='bbox 555 4621 591 4659; x_wconf 76' lang='lat' dir='ltr'><strong>ro:</strong></span> <span class='ocrx_word' id='word_1_378' title='bbox 611 4602 710 4666; x_wconf 84' lang='grc' dir='ltr'><strong><em>πείσας</em></strong></span> <span class='ocrx_word' id='word_1_379' title='bbox 732 4603 812 4676; x_wconf 83' lang='grc' dir='ltr'><strong><em>λάβε,</em></strong></span> <span class='ocrx_word' id='word_1_380' title='bbox 839 4602 874 4671; x_wconf 72' lang='grc' dir='ltr'><strong><em>μὴ</em></strong></span> <span class='ocrx_word' id='word_1_381' title='bbox 900 4601 1068 4671; x_wconf 72' lang='grc' dir='ltr'><strong><em>βιασάμενος</em></strong></span> <span class='ocrx_word' id='word_1_382' title='bbox 1087 4636 1120 4643; x_wconf 91' lang='grc'>-</span> <span class='ocrx_word' id='word_1_383' title='bbox 1145 4611 1185 4657; x_wconf 71' lang='lat'><strong>15.</strong></span> <span class='ocrx_word' id='word_1_384' title='bbox 1210 4601 1257 4675; x_wconf 82' lang='grc' dir='ltr'><strong><em>βία</em></strong></span> <span class='ocrx_word' id='word_1_385' title='bbox 1281 4602 1425 4655; x_wconf 89' lang='lat' dir='ltr'><strong>hominum</strong></span> 
     </span>
     <span class='ocr_line' id='line_1_45' title="bbox 148 4673 1424 4747; baseline -0.003 -18"><span class='ocrx_word' id='word_1_386' title='bbox 148 4675 340 4747; x_wconf 81' lang='lat' dir='ltr'><strong>superbomm,</strong></span> <span class='ocrx_word' id='word_1_387' title='bbox 359 4676 408 4745; x_wconf 93' lang='lat' dir='ltr'><strong>qui</strong></span> <span class='ocrx_word' id='word_1_388' title='bbox 426 4679 458 4729; x_wconf 91' lang='lat' dir='ltr'><strong>nt</strong></span> <span class='ocrx_word' id='word_1_389' title='bbox 476 4692 549 4745; x_wconf 81' lang='lat' dir='ltr'><strong>quae</strong></span> <span class='ocrx_word' id='word_1_390' title='bbox 568 4676 685 4745; x_wconf 88' lang='lat' dir='ltr'><strong>eupiunt</strong></span> <span class='ocrx_word' id='word_1_391' title='bbox 704 4678 918 4742; x_wconf 81' lang='lat' dir='ltr'><strong>consequantur,</strong></span> <span class='ocrx_word' id='word_1_392' title='bbox 938 4673 965 4727; x_wconf 90' lang='lat' dir='ltr'><strong>vi</strong></span> <span class='ocrx_word' id='word_1_393' title='bbox 985 4678 1103 4728; x_wconf 86' lang='lat' dir='ltr'><strong>utuntur</strong></span> <span class='ocrx_word' id='word_1_394' title='bbox 1121 4693 1176 4729; x_wconf 92' lang='lat' dir='ltr'><strong>non</strong></span> <span class='ocrx_word' id='word_1_395' title='bbox 1195 4673 1288 4727; x_wconf 75' lang='lat' dir='ltr'><strong>verbis</strong></span> <span class='ocrx_word' id='word_1_396' title='bbox 1308 4674 1344 4726; x_wconf 88' lang='lat' dir='ltr'><strong>ud</strong></span> <span class='ocrx_word' id='word_1_397' title='bbox 1364 4690 1424 4743; x_wconf 91' lang='lat' dir='ltr'><strong>per-</strong></span> 
     </span>
     <span class='ocr_line' id='line_1_46' title="bbox 147 4743 1424 4815; baseline -0.002 -14"><span class='ocrx_word' id='word_1_398' title='bbox 147 4747 324 4801; x_wconf 82' lang='lat' dir='ltr'><strong>suadendum</strong></span> <span class='ocrx_word' id='word_1_399' title='bbox 349 4747 444 4813; x_wconf 63' lang='lat' dir='ltr'><strong>suctim</strong></span> <span class='ocrx_word' id='word_1_400' title='bbox 471 4764 528 4815; x_wconf 86' lang='lat' dir='ltr'><strong>qua</strong></span> <span class='ocrx_word' id='word_1_401' title='bbox 551 4747 585 4801; x_wconf 90' lang='lat' dir='ltr'><strong>de</strong></span> <span class='ocrx_word' id='word_1_402' title='bbox 609 4764 695 4801; x_wconf 78' lang='lat' dir='ltr'><strong>cause</strong></span> <span class='ocrx_word' id='word_1_403' title='bbox 719 4765 780 4799; x_wconf 88' lang='lat' dir='ltr'><strong>eum</strong></span> <span class='ocrx_word' id='word_1_404' title='bbox 799 4763 950 4814; x_wconf 90' lang='lat' dir='ltr'><strong>pronomen</strong></span> <span class='ocrx_word' id='word_1_405' title='bbox 970 4766 1015 4799; x_wconf 92' lang='grc' dir='ltr'><strong>νιν</strong></span> <span class='ocrx_word' id='word_1_406' title='bbox 1035 4766 1060 4801; x_wconf 89' lang='lat' dir='ltr'><strong>v.</strong></span> <span class='ocrx_word' id='word_1_407' title='bbox 1077 4765 1101 4800; x_wconf 83' lang='lat' dir='ltr'><strong>m</strong></span> <span class='ocrx_word' id='word_1_408' title='bbox 1119 4746 1156 4799; x_wconf 83' lang='lat' dir='ltr'><strong>ud</strong></span> <span class='ocrx_word' id='word_1_409' title='bbox 1175 4743 1345 4813; x_wconf 75' lang='lat' dir='ltr'><strong>Hesychinm</strong></span> <span class='ocrx_word' id='word_1_410' title='bbox 1365 4744 1424 4798; x_wconf 87' lang='lat' dir='ltr'><strong>sive</strong></span> 
     </span>
     <span class='ocr_line' id='line_1_47' title="bbox 148 4815 1424 4889; baseline -0.001 -18"><span class='ocrx_word' id='word_1_411' title='bbox 148 4818 307 4874; x_wconf 80' lang='lat' dir='ltr'><strong>subiectum</strong></span> <span class='ocrx_word' id='word_1_412' title='bbox 330 4819 522 4873; x_wconf 80' lang='lat' dir='ltr'><strong>antecedentis</strong></span> <span class='ocrx_word' id='word_1_413' title='bbox 546 4818 685 4871; x_wconf 80' lang='lat' dir='ltr'><strong>enuntiati</strong></span> <span class='ocrx_word' id='word_1_414' title='bbox 710 4817 884 4872; x_wconf 85' lang='lat' dir='ltr'><strong>referendum</strong></span> <span class='ocrx_word' id='word_1_415' title='bbox 908 4817 957 4884; x_wconf 78' lang='lat' dir='ltr'><strong>sit,</strong></span> <span class='ocrx_word' id='word_1_416' title='bbox 981 4819 1068 4871; x_wconf 74' lang='lat' dir='ltr'><strong>verbu</strong></span> <span class='ocrx_word' id='word_1_417' title='bbox 1087 4815 1135 4889; x_wconf 77' lang='grc' dir='ltr'><strong><em>βία</em></strong></span> <span class='ocrx_word' id='word_1_418' title='bbox 1151 4862 1155 4872; x_wconf 92' lang='grc'><strong><em>.</em></strong></span> <span class='ocrx_word' id='word_1_419' title='bbox 1173 4861 1178 4871; x_wconf 92' lang='grc'><strong><em>.</em></strong></span> <span class='ocrx_word' id='word_1_420' title='bbox 1195 4860 1200 4871; x_wconf 93' lang='grc'><strong><em>.</em></strong></span> <span class='ocrx_word' id='word_1_421' title='bbox 1217 4816 1337 4885; x_wconf 77' lang='grc' dir='ltr'><strong><em>ἔσφαλεν</em></strong></span> <span class='ocrx_word' id='word_1_422' title='bbox 1356 4826 1424 4885; x_wconf 78' lang='lat' dir='ltr'><strong>(nor.</strong></span> 
     </span>
     <span class='ocr_line' id='line_1_48' title="bbox 147 4888 1137 4963; baseline -0.003 -18"><span class='ocrx_word' id='word_1_423' title='bbox 147 4894 253 4963; x_wconf 79' lang='lat' dir='ltr'><strong>gnom.)</strong></span> <span class='ocrx_word' id='word_1_424' title='bbox 273 4889 303 4943; x_wconf 75' lang='lat' dir='ltr'><strong>in</strong></span> <span class='ocrx_word' id='word_1_425' title='bbox 322 4888 412 4963; x_wconf 82' lang='grc' dir='ltr'><strong><em>χρόνῳ</em></strong></span> <span class='ocrx_word' id='word_1_426' title='bbox 431 4890 511 4959; x_wconf 85' lang='lat' dir='ltr'><strong>quasi</strong></span> <span class='ocrx_word' id='word_1_427' title='bbox 530 4890 692 4961; x_wconf 74' lang='lat' dir='ltr'><strong>parenthesi</strong></span> <span class='ocrx_word' id='word_1_428' title='bbox 712 4889 804 4944; x_wconf 83' lang='lat' dir='ltr'><strong>medin</strong></span> <span class='ocrx_word' id='word_1_429' title='bbox 824 4888 972 4943; x_wconf 79' lang='lat' dir='ltr'><strong>interiectu</strong></span> <span class='ocrx_word' id='word_1_430' title='bbox 990 4906 1051 4943; x_wconf 89' lang='lat' dir='ltr'><strong>esse</strong></span> <span class='ocrx_word' id='word_1_431' title='bbox 1070 4892 1137 4958; x_wconf 84' lang='lat' dir='ltr'><strong>puto</strong></span> 
     </span>
     <span class='ocr_line' id='line_1_49' title="bbox 1163 4978 1214 5030; baseline -0.02 0"><span class='ocrx_word' id='word_1_432' title='bbox 1163 4978 1214 5030; x_wconf 74' lang='lat'><strong>13*</strong></span> 
     </span>
    </p>
   </div>
   <div class='ocr_carea' id='block_1_8' title="bbox 0 0 1726 5550">
    <p class='ocr_par' dir='ltr' id='par_1_8' title="bbox 0 0 1726 5550">
     <span class='ocr_line' id='line_1_50' title="bbox 0 0 1726 5550; baseline 0 5"><span class='ocrx_word' id='word_1_433' title='bbox 0 0 1726 5550; x_wconf 95' lang='lat' dir='ltr'><strong> </strong></span> 
     </span>
    </p>
   </div>
  </div>
 </body>
</html>
