3442 5550
301 421 350 476 XL
805 420 1082 472 PROLEGOMENA.

302 608 476 671 pausarum
500 584 681 650 intervallis
703 582 847 668 restitui,
877 583 905 648 si
928 582 1010 647 istae
1033 583 1114 647 duae
1143 602 1231 645 arses
1255 602 1382 664 semper
1405 579 1468 643 fine
1492 578 1586 643 verbi

303 694 354 758 vel
384 714 517 757 caesura
544 691 753 776 dirimuntur,
780 695 817 755 ut
843 690 877 753 in
902 694 1105 774 pentametro
1130 688 1287 774 elegiaco,
1314 687 1349 751 in
1371 680 1585 771 Asclepiedeo

303 801 433 886 qualem
455 798 614 864 Horatius
638 799 756 864 struxit

302 1015 411 1101 iniis,
434 1035 515 1100 quos
538 1012 772 1097 Klopstoelrius
795 1012 874 1078 fecit
897 1034 1007 1078 versus
1032 1011 1125 1075 utin
1149 1010 1290 1076 carmine
1313 1008 1381 1074 Der
1403 1007 1534 1073 Eislauf

305 1355 350 1417 At
373 1374 439 1417 non
461 1358 570 1436 potest
593 1350 656 1415 hoe
683 1351 780 1415 modo
807 1350 950 1434 restitui,
983 1349 1010 1413 si
1036 1350 1099 1413 duo
1128 1349 1200 1413 cola
1226 1347 1312 1413 inter
1340 1369 1374 1412 se
1402 1348 1587 1413 conflantur

303 1481 408 1543 neque
441 1480 574 1523 caesura
606 1457 811 1522 dirimuntur.
861 1456 956 1521 Tales
989 1460 1098 1520 autern
1129 1455 1275 1541 plerique
1311 1476 1421 1519 versus
1453 1453 1587 1518 Pindari

305 1571 394 1651 sunt,
426 1565 481 1650 qui
510 1586 676 1630 caesuram
703 1563 876 1649 diligenter
903 1563 982 1626 adeo
1015 1584 1080 1626 non
1112 1561 1266 1645 servavit,
1299 1566 1336 1624 ut
1368 1581 1462 1644 saepe
1495 1560 1587 1625 verbi

303 1673 446 1759 syllabas
469 1673 554 1737 inter
576 1672 675 1736 finem
699 1670 816 1754 prioris
840 1670 904 1735 coli
932 1673 965 1733 ct
992 1669 1122 1733 initium
1150 1667 1339 1752 posterioris
1368 1667 1588 1752 distribueret,

303 1786 341 1845 ut
364 1780 477 1845 statim
499 1779 535 1843 in
557 1779 663 1865 primo
687 1777 829 1843 carmine

477 1903 581 1988 Χάρις
604 1901 636 1967 d'
657 1904 739 1988 ἅπερ
763 1904 892 1968 ἅπαντα
914 1904 1021 1987 τεύχει
1044 1903 1084 1966 τὰ
1106 1905 1236 1986 μείλιχα
1258 1906 1412 1983 θνατοῖς,

478 2010 609 2074 Πισάτα
632 2011 721 2093 παρὰ
743 2011 867 2094 πατρὸς
890 2008 1028 2087 εὔδοξον
1045 2007 1288 2093 Ἱπποδάμειαν.

311 2136 406 2219 Apud
428 2134 603 2198 Pindarum
631 2134 746 2219 igitur,
779 2140 815 2198 ut
838 2134 984 2220 rhythmi
1014 2156 1142 2199 cirrsum
1172 2132 1341 2197 turbatum
1369 2131 1594 2218 restituamus,

307 2242 371 2307 alia
394 2240 536 2305 remedia
557 2240 653 2305 nobis
678 2242 861 2325 quaerenda
884 2246 967 2305 sunt.
978 2238 1004 2327 ¹)

394 2365 447 2431 De
471 2365 601 2450 longis
626 2364 792 2449 syllabis
815 2365 973 2451 longius
1001 2363 1214 2449 productis.
1256 2363 1332 2427 Alia
1359 2364 1423 2429 ista
1450 2366 1593 2431 remedia

304 2473 401 2539 nobis
425 2472 635 2558 suppeditant
661 2477 786 2536 veteres
814 2471 1004 2557 rhythmici,
1035 2493 1107 2535 eum
1136 2475 1169 2534 et
1196 2470 1313 2556 longae
1342 2473 1483 2557 syllabae
1512 2472 1592 2537 haee

306 2585 447 2665 quatuor
471 2579 577 2663 spatia
599 2578 779 2666 tribuant²)

538 2764 571 2770 -
596 2704 734 2767 duorum
757 2707 953 2786 temporum,
977 2701 1086 2785 μακρὰ
1109 2702 1279 2786 ὃίχρονος,

536 2839 571 2877 ι-
596 2808 696 2874 trium
721 2815 918 2894 temporum,
940 2809 1049 2893 μακρὰ
1072 2812 1260 2893 τρίχρονος,

538 2946 575 2983 ω
598 2920 739 3001 quatuor
762 2919 959 3000 temporum,
981 2917 1090 3000 μακρὰ
1113 2915 1346 3001 τετράχρονος,

541 3058 577 3095 ω
599 3025 740 3110 quinque
764 3026 961 3106 temporum,
985 3024 1094 3108 μακρὰ
1116 3023 1352 3108 πεντάχρονος,

306 3155 339 3216 et
370 3154 499 3236 praeter
528 3148 694 3235 legitimas
727 3149 842 3213 breves
874 3146 1054 3234 longasque
1088 3148 1228 3233 syllabas
1261 3148 1357 3212 unius
1390 3149 1591 3235 duorumque

305 3263 490 3342 temporum
514 3256 645 3320 brevem
667 3255 758 3319 brevi
777 3254 959 3340 longiorem
978 3256 1120 3339 itemque
1139 3254 1273 3340 longam
1291 3254 1392 3341 longa
1410 3255 1592 3322 breviorem

306 3386 376 3429 esse
404 3360 555 3448 dicantl)
603 3361 752 3445 Namque
780 3361 842 3426 hoc
870 3363 965 3427 modo
994 3367 1028 3426 et
1054 3362 1187 3427 lacunae
1220 3384 1373 3427 versuum
1406 3362 1526 3447 expleri
1559 3370 1592 3428 et

306 3469 493 3553 inaequales
529 3468 627 3553 pedes
663 3468 702 3532 ad
735 3468 1001 3551 aequabilitatem
1037 3468 1182 3533 revocari
1219 3474 1365 3553 possunt.
1417 3470 1526 3551 Atque
1559 3471 1592 3535 in

306 3581 460 3662 promptu
489 3579 539 3639 est
565 3575 651 3638 ratio
684 3574 832 3659 explendi
864 3576 1011 3660 lacunas,
1043 3579 1080 3639 ut
1112 3575 1230 3660 quibus
1263 3575 1296 3638 in
1330 3574 1478 3638 versibus
1512 3578 1591 3641 ordo

308 3683 526 3770 rhythmicus,
558 3680 586 3744 ei
614 3681 755 3766 syllabas
787 3682 944 3747 orationis
975 3686 1117 3768 spectas,
1148 3682 1299 3746 turbatus
1333 3703 1402 3745 esse
1435 3680 1594 3769 videatur,

399 3876 538 3941 neeges
566 3873 685 3928 subtiles
709 3874 905 3943 symmetricae
929 3873 1154 3945 compositionis,
1182 3874 1280 3943 quales
1304 3874 1334 3930 E.
1353 3873 1448 3942 (iras,
1472 3875 1592 3931 Pindaro

309 3947 507 4017 lopaoediechc
527 3945 672 4015 Strophen
692 3946 875 4014 Marb.1892,
894 3947 1031 4013 indagare
1050 3948 1167 4001 conatus
1187 3948 1238 4015 est,
1257 3949 1289 4001 ut
1307 3946 1427 4000 multum
1442 3919 1542 4001 ’valent
1555 3949 1593 4001 ed

309 4022 399 4073 artem
417 4023 519 4089 poetae
538 4016 731 4088 aperiendam,
758 4017 800 4071 ita
823 4018 860 4071 ad
879 4017 1053 4085 rhythmicas
1071 4017 1255 4072 difficultates
1274 4018 1423 4073 solvendas
1412 4036 1497 4071 anon
1517 4018 1592 4073 suffi-

309 4090 395 4145 ciunt.
429 4091 525 4157 Aeque
544 4087 610 4142 rel.
627 4087 727 4155 Vogt,
749 4088 789 4142 De
808 4089 905 4143 metris
919 4088 1034 4142 Pindari
1053 4107 1141 4158 quaes
1143 4089 1233 4144 tiones
1247 4092 1304 4144 tres
1319 4090 1498 4171 Argentorat'
1490 4108 1500 4143 1
1514 4095 1593 4159 1880,

308 4178 481 4231 quamquam
499 4159 649 4213 nonnullos
668 4176 773 4214 errores
793 4160 971 4214 metricorum
985 4160 1161 4215 schematum
1174 4177 1254 4216 meae
1273 4160 1433 4231 procedosis
1448 4162 1519 4215 benc
1534 4178 1592 4216 cor-

308 4233 382 4287 rexit
405 4236 433 4286 ct
455 4231 546 4285 multa
569 4229 720 4299 diligenter
738 4231 911 4297 observavit,
938 4232 1084 4286 interiores
1103 4235 1199 4286 temen
1223 4232 1346 4300 rhythmi
1371 4232 1448 4302 leges
1471 4250 1528 4287 non
1547 4250 1593 4287 ex·

308 4302 426 4374 pedivit.
459 4302 585 4371 Denique
604 4302 744 4356 Maurit
719 4302 761 4356 tri
781 4276 1018 4357 Schmidtiit
989 4306 1018 4357 et
1040 4302 1192 4357 Eduardi
1211 4303 1389 4358 Boehmeri
1413 4303 1593 4359 metricamm

308 4375 450 4429 rationum
465 4374 650 4428 fundamenta
663 4374 755 4456 magis
769 4393 854 4444 quam
869 4374 1039 4429 audaciam
1030 4392 1060 4428 ιιι
1070 4374 1185 4428 Pindari
1200 4374 1327 4429 versibus
1337 4374 1374 4428 ad
1384 4374 1454 4428 istas
1469 4375 1594 4431 rationes

309 4445 475 4500 revocandis
494 4445 575 4499 nobis
594 4444 734 4514 probari
726 4463 755 4499 111
775 4445 1013 4500 commentariolis
1031 4446 1155 4500 metricis
1174 4446 1348 4517 singulorum
1368 4446 1523 4500 carminum
1536 4464 1593 4501 non

309 4521 369 4571 tam
389 4517 582 4586 redarguendo
601 4533 686 4585 quum
706 4517 924 4572 demonstrando
943 4516 1112 4587 aperuimus.

400 4590 535 4655 2.)Anon
555 4588 674 4642 demus.
690 4605 734 4657 ap.
751 4590 831 4643 llest
831 4588 1023 4660 phallragm.
1039 4589 1066 4642 d.
1081 4606 1121 4657 gr
1137 4588 1269 4657 Rhythm.
1332 4593 1449 4643 33163.
1476 4587 1592 4643 Aristid

311 4659 435 4714 demus
455 4664 521 4712 ι33.
554 4658 735 4729 Αιίεῐοιηειρ
751 4609 850 4731 Westp
852 4659 969 4715 baill
1031 4664 1113 4726 31,.8
1133 4666 1176 4729 33,
1193 4668 1233 4714 13.
1264 4607 1449 4713 Ἡξιοεὲἰειιιι
1452 4659 1594 4729 pertinent

311 4734 396 4786 notae
424 4748 575 4801 pausarum
604 4733 647 4799 (Α)
674 4731 748 4784 notis
778 4680 950 4799 syllabarum
964 4678 1113 4799 aliquot
1115 4704 1220 4785 locib'
1212 4749 1242 4783 m
1269 4731 1381 4799 hymnis
1408 4730 1536 4799 Dionysii
1564 4733 1594 4784 et

311 4802 481 4858 Mesomedis
500 4802 636 4855 adiectae.

401 4876 428 4943 3)
447 4874 516 4927 Mar.
540 4873 641 4927 Victor.
661 4892 687 4945 p.
703 4880 746 4943 33,
762 4878 778 4928 8
797 4873 839 4929 ed.
859 4872 931 4929 Keil.
