3442 5550
305 426 349 489 94
781 427 929 476 emnmu
948 426 1114 476 animem.

393 586 446 651 riv
469 588 532 672 γάρ
557 586 593 651 ἐν
615 590 725 672 πόντῳ
749 591 974 672 κυβερνῶνται
997 584 1078 650 θοαὶ

394 703 483 771 νᾶες,
508 693 544 757 ἐν
567 692 672 780 χίρσῳ
696 717 729 757 τε
754 692 910 779 λαιψηροὶ
933 696 1070 777 πόλεμοι

341 818 356 863 a
393 797 532 884 κάγοραὶ
555 802 771 886 βουλαφόροι.
817 800 854 863 αί
874 823 911 882 γε
934 796 995 884 μὲν
1018 798 1152 884 ἀνδρῶν

392 905 487 972 πόλλ’
518 909 602 990 ἀνω,
634 908 674 972 τά
702 906 734 971 δ’
764 903 807 973 αὖ
837 907 940 987 κάτω,
963 907 1070 988 ψεύδη
1093 907 1282 990 μεταμώνια
1306 905 1496 991 τάμνοισαι,

942 1011 1129 1078 κυλίνδοντ’
1159 1011 1300 1088 ἐλπίδες·

393 1230 562 1314 σύμβολον
586 1226 618 1292 δ’
644 1230 685 1293 οὕ
707 1229 758 1292 πώ
783 1252 832 1304 τις
855 1227 1059 1311 ἐπιχθονίων
1404 1224 1487 1291 Ἀντ.
1537 1245 1573 1291 10

393 1338 512 1402 πιστὸν
535 1334 620 1420 ἀμφὶ
643 1334 780 1421 πράξιος
803 1334 981 1418 ἐσσομένας
1004 1330 1101 1419 εὗρεν
1123 1337 1265 1415 θεόθεν,

394 1455 461 1507 τῶν
485 1439 521 1507 δὲ
544 1444 734 1525 μελλόντων
757 1443 983 1526 τετύφλωνται
1007 1442 1142 1525 φραδαί.

325 1568 357 1614 1ο
393 1549 500 1615 πολλὰ
524 1547 555 1612 δ’
582 1548 776 1629 ἀνθρώποις
797 1548 887 1633 παρὰ
911 1548 1047 1630 γνώμαν
1070 1550 1198 1627 ἔπεσεν,

394 1661 534 1740 ε’μπαλιν
556 1652 617 1739 μὲν
641 1653 787 1740 τέρψιος,
812 1656 847 1719 οί
867 1653 899 1717 δ’
925 1654 1077 1740 ἀνιαραῖς
1536 1672 1572 1718 15

394 1764 651 1848 ἀντικύρσαντες
675 1762 785 1839 ζάλαις
809 1761 906 1826 ε’σλὸν
928 1764 1020 1845 βαθὺ
1044 1763 1191 1846 πήματος
1214 1760 1250 1825 ἐν
1269 1772 1374 1849 μικρῷ
1398 1761 1497 1826 πεδά-

944 1880 1066 1952 μειψαν
1089 1871 1207 1955 χρόνῳ.

393 2082 445 2149 va
472 2083 673 2168 Φιλάνορος,
696 2078 768 2164 ἦτοι
791 2081 847 2146 καλ
870 2081 926 2146 τεά
949 2106 1020 2166 κεν,

394 2191 577 2274 ἐνδομάχας
600 2188 647 2253 ἀπ’
676 2188 836 2274 ἀλέκτωρ,
860 2193 1012 2276 συγγόνῳ
1036 2187 1115 2273 παρ’
1141 2185 1231 2275 ἑστία

325 2317 357 2363 15
396 2297 513 2381 ἀκλεὴς
536 2298 613 2381 τιμά
635 2299 923 2381 κατεφυλλορόησε
945 2297 1073 2376 ποδῶν,

395 2407 426 2469 εί
447 2407 490 2489 μὴ
514 2403 628 2479 στάσις
651 2402 842 2488 ἀντιάνειρα
866 2406 1020 2493 Κνωσίας
1043 2399 1074 2466 σ’
1100 2404 1220 2489 ίίμερσε
1242 2402 1377 2486 πάτρας.

306 2672 455 2737 utramque
469 2667 619 2721 lectionem
633 2671 790 2737 agnoscunt
810 2667 917 2721 scholia
937 2700 969 2707 —
989 2667 1059 2741 τύχα
1074 2669 1101 2722 A
1121 2701 1153 2708 —
1174 2674 1197 2722 b.
1218 2670 1318 2741 βολαφ.
1335 2665 1447 2733 0²⁰Ifl,
1467 2668 1588 2740 βουληφ.

304 2741 350 2795 D¹⁵
370 2773 402 2780 -
428 2747 451 2793 ss.
477 2742 571 2809 ψευδῆ
597 2739 676 2792 codd.
698 2770 731 2778 -
755 2739 828 2808 τίμν.
849 2740 877 2791 Β
896 2771 929 2778 -
949 2745 973 2793 8,
997 2739 1122 2808 πράξηος
1140 2742 1168 2794 Α
1188 2772 1218 2778 -
1242 2746 1282 2794 10.
1306 2740 1485 2806 ἀνθρώποισι
1505 2738 1531 2791 Δ
1551 2771 1589 2778 -

306 2812 421 2867 ἔπεττεν
444 2813 472 2865 Β
496 2843 528 2850 -
554 2818 594 2864 11.
622 2812 748 2877 ἀνιεραῖς
771 2812 801 2864 D
823 2842 858 2849 -
882 2816 923 2863 12.
949 2812 1131 2880 πεδάμειψαν
1155 2810 1270 2865 BiGD:
1296 2809 1378 2864 παῖδ’
1399 2809 1526 2879 ἄμειψον
1551 2812 1588 2879 A,

305 2884 486 2953 ποτάμειψαν
504 2884 598 2937 13³-
620 2888 661 2935 14.
688 2890 815 2951 συγγενεῖ
837 2881 967 2952 Hert-ung
989 2914 1017 2921 —
1041 2888 1081 2936 lb.
1108 2879 1366 2951 κατεφυλλορόησεν
1390 2881 1533 2934 Hermann
1553 2912 1587 2921 -

307 2961 347 3010 16.
368 2960 476 3009 Κνωσσ.
491 2955 518 3008 A
539 2985 567 2993 —
591 2950 616 3007 e’
639 2953 741 3022 ἄμερσε
760 2954 786 3007 A
806 2957 835 3006 et
854 2953 949 3023 schol,
969 2951 995 3006 e’
1017 2970 1070 3007 om.
1090 2954 1215 3009 BUDE
1234 2985 1264 2992 -

305 3114 396 3167 neque
416 3096 572 3166 quidquam
592 3097 626 3149 de
645 3096 699 3149 hae
718 3113 748 3149 re
767 3095 916 3149 memoriae
935 3097 1079 3165 proditum
1098 3099 1141 3150 est
1160 3113 1250 3165 neque
1268 3094 1327 3149 veri
1347 3094 1438 3148 simile
1458 3096 1502 3148 est
1519 3093 1588 3148 Hie-

305 3186 413 3235 ronem,
437 3168 579 3222 hominem
603 3167 761 3237 imperandi
785 3166 1010 3236 cupidissimum,
1029 3167 1186 3221 Himeraeis
1210 3166 1362 3221 Libertatis
1381 3182 1484 3219 numen
1504 3182 1587 3220 vene-

305 3240 388 3294 randi
412 3242 555 3294 aue-terem
579 3239 673 3294 fuisse.
712 3239 789 3303 Quae
813 3256 876 3291 eum
900 3238 941 3292 ita
961 3238 1029 3305 sint,
1049 3239 1143 3292 Iovem
1162 3238 1353 3292 liberatorem
1373 3238 1409 3290 ab
1429 3236 1588 3291 Himeraeis

306 3311 483 3393 appellatum
502 3314 532 3365 et
550 3310 657 3363 cultum
676 3327 736 3364 esse
755 3315 823 3378 puto
843 3311 878 3362 ob
898 3309 1042 3363 servitutis
1061 3308 1091 3361 iu
1112 3328 1172 3377 um,
1192 3310 1268 3378 quod
1287 3308 1401 3363 Graecis
1420 3307 1588 3361 civitatibus

306 3382 421 3437 Siciliae
441 3383 477 3435 ab
497 3381 776 3448 Carthaginiensibus
800 3381 993 3450 imperitabat,
1017 3330 1163 3450 praedare
1183 3379 1301 3434 victoria
1320 3380 1357 3433 ad
1376 3378 1520 3433 Himeram
1539 3396 1587 3433 ex-

306 3471 418 3507 cussum
432 3458 495 3520 (480
514 3472 538 3505 α.
556 3452 637 3518 Chr).
663 3452 797 3505 Similiter
817 3452 891 3505 enim
910 3450 997 3504 etiam
1016 3452 1044 3504 in
1064 3452 1219 3506 continenti
1240 3454 1360 3506 Graecos
1378 3454 1443 3519 post
1460 3468 1499 3519 pu
1540 3468 1587 3504 am

305 3524 500 3578 Plataeensem
524 3523 583 3577 Iovi
608 3522 765 3576 Liboratori
788 3540 869 3576 saera
891 3522 991 3576 fecisse
1015 3528 1127 3577 constat
1150 3538 1185 3590 (ν.
1201 3523 1325 3591 Thucyd.
1346 3542 1365 3574 u
1385 3540 1418 3590 τι,
1446 3522 1510 3575 Stra
1532 3565 1537 3574 .
1558 3541 1587 3575 rx

305 3614 332 3666 p.
347 3602 407 3661 arn).
437 3593 548 3663 Optime
563 3596 658 3646 autem
673 3592 701 3646 in
716 3595 788 3647 hane
802 3610 936 3664 pugnam,
951 3597 1026 3648 terra
1040 3594 1166 3663 marique
1182 3594 1355 3662 dimicatum,
1374 3594 1496 3661 quadrat
1510 3594 1587 3661 quod

305 3669 669 3737 poet-ow.a--1etnaves
689 3668 719 3718 et
736 3668 881 3719 terrestres
904 3682 1014 3735 pugnas
1034 3666 1206 3731 stottona,
1229 3665 1290 3719 filia
1313 3665 1386 3718 lovis
1405 3664 1588 3731 liberatoris,

306 3738 367 3807 regi
382 3736 452 3790 dicit
463 3769 495 3776 -
507 3743 530 3790 ⁶2.
545 3734 710 3805 ἀμφιπόλει·
727 3736 833 3790 diet-um
848 3737 942 3789 estad
957 3735 1100 3806 exemplar
1114 3736 1254 3790 Homerici
1264 3736 1377 3805 Χρύσην
1391 3734 1589 3807 ἀμφιβέβηκας

307 3810 349 3878 (ll.
366 3828 375 3860 1
389 3814 425 3875 σῖ)
441 3840 473 3847 —
491 3808 566 3877 Τύχη
582 3824 645 3859 eum
664 3808 786 3861 Pindaro
801 3824 858 3860 una
873 3824 905 3861 ex
920 3808 1016 3861 Pareis
1030 3808 1116 3861 tuerit.
1129 3809 1171 3875 (tr.
1186 3811 1233 3877 11),
1253 3808 1326 3862 Iovis
1346 3824 1464 3876 quoque,
1484 3806 1587 3859 summi

306 3878 423 3935 rectoris
442 3879 495 3932 sati
514 3884 556 3947 (o.
571 3898 591 3931 11
606 3884 652 3946 aa),
672 3878 731 3932 filia
750 3879 848 3932 haberi
867 3878 961 3948 potuit
986 3912 1018 3920 -
1043 3888 1067 3934 6.
1092 3878 1249 3934 κυλίνδοντ’
1272 3896 1305 3933 eu
1324 3877 1511 3944 κυλίνδονται,
1529 3895 1588 3932 non

306 3949 466 4004 κυλίνδοντι
485 3951 661 4004 decurtatum
681 3953 736 4017 est-3
755 3955 786 4002 ut
806 3950 880 4003 euim
899 3950 979 4004 elisio
998 3951 1105 4004 vocalis
1121 3972 1128 4004 ι
1145 3968 1209 4005 rara
1228 3954 1279 4019 est,
1295 3951 1336 4004 ita
1354 3950 1484 4017 frequens
1504 3948 1587 4004 elisio

306 4021 475 4091 diphthongi
495 4042 533 4077 αι.
570 4021 715 4075 Pertiuent
733 4025 827 4075 autem
845 4021 932 4075 verba
950 4020 1028 4075 πόλλ’
1051 4023 1109 4077 άνω
1129 4023 1163 4076 τά
1183 4021 1213 4075 δ’
1235 4019 1271 4075 αὖ
1290 4021 1365 4075 κάτω
1385 4022 1421 4074 ad
1440 4018 1586 4075 κυλίνδον-

305 4114 363 4160 ται,
389 4092 482 4161 ψεύδη
510 4094 671 4163 μεταμώνια
696 4092 733 4147 ad
755 4091 917 4161 τάμνοισαι,
946 4096 978 4146 ut
1002 4092 1110 4156 ἐλπίδες
1132 4093 1225 4161 ψεύδη
1250 4094 1409 4163 μεταμώνια
1436 4092 1587 4158 τάμνοισαι

306 4164 438 4217 dieantur
465 4164 502 4217 ad
530 4162 688 4233 exemplum
717 4163 865 4217 locutionis
894 4163 978 4228 ὁδοὺς
1004 4166 1133 4235 τάμνειν·
1163 4165 1197 4219 ef.
1224 4164 1243 4217 Ι.
1264 4184 1290 4216 v1
1310 4182 1335 4218 aa
1358 4196 1393 4203 —
1420 4170 1444 4218 8.
1472 4163 1586 4217 πιστδν·

306 4253 416 4289 summa
435 4235 592 4289 sententiae
611 4235 676 4288 huie
695 4234 832 4288 venabulo
852 4235 882 4287 in
900 4235 1038 4306 principio
1056 4254 1153 4290 versus
1172 4236 1265 4305 posito
1292 4236 1377 4302 inest3
1405 4234 1487 4305 signa
1510 4234 1586 4287 enim

305 4308 396 4360 multa
415 4307 528 4360 inventa
550 4308 615 4359 sunt
635 4338 666 4345 —
688 4311 729 4360 10.
751 4306 850 4360 ἔπεσον
869 4310 897 4361 st
917 4312 959 4361 12.
978 4308 1161 4376 πεδάμειψαν
1179 4307 1318 4375 quomodo
1338 4306 1367 4359 iu
1386 4305 1443 4357 rim
1462 4305 1586 4375 guemiei

306 4377 404 4432 aoristi
425 4377 502 4431 abire
522 4377 672 4447 potuerint,
693 4394 725 4429 ex
749 4377 891 4445 hocloco,
911 4396 966 4447 quo
985 4379 1020 4432 iis
1039 4379 1190 4448 praeterita
1211 4395 1254 4431 res
1274 4381 1309 4445 (v.
1326 4381 1361 4446 ιο)
1380 4377 1515 4431 adiimeta
1533 4380 1586 4437 est.

306 4448 411 4520 optime
431 4448 657 4517 intellegitur-
679 4454 719 4501 1⁶2.
739 4449 876 4517 πήματος·
901 4451 965 4504 ἀντὶ
988 4450 1115 4519 πήματος
1140 4448 1224 4503 schol.
1246 4481 1278 4489 -
1300 4455 1340 4502 14.
1361 4447 1518 4518 ἐνδομάχας
1536 4445 1583 4501 ἀπ’

306 4519 441 4587 ἀλέκτωρ·
461 4519 634 4601 comparatio
654 4537 717 4572 eum
735 4521 811 4587 gallo
830 4520 947 4574 carmini
967 4521 1087 4590 epinieio
1107 4521 1176 4574 einis
1191 4519 1332 4575 Himeraei
1349 4518 1497 4589 aptissimu-
1511 4522 1586 4586 θεοί,

306 4592 461 4647 certamina
483 4609 557 4645 emur
580 4591 720 4659 gisilerum
743 4609 798 4644 nou
821 4592 912 4645 selum
932 4593 1115 4647 Athenienses
1135 4596 1170 4659 (v.
1186 4592 1296 4646 Aelian.
1310 4609 1368 4645 var.
1384 4591 1449 4645 hist.
1464 4610 1485 4643 n
1501 4595 1538 4657 ss)
1557 4596 1588 4644 et

306 4665 386 4718 'Pana
407 4664 466 4717 mei
484 4666 520 4733 (v.
540 4662 622 4716 Babr.
643 4663 699 4715 i'ab.
720 4680 732 4715 a
751 4666 779 4716 et
798 4662 943 4717 Columell.
963 4664 989 4717 d.
1009 4681 1038 4717 re
1057 4666 1125 4718 rust.
1140 4682 1188 4715 vin
1207 4670 1230 4723 a}
1253 4664 1282 4716 in
1303 4662 1411 4717 deliciis
1430 4662 1586 4730 habebant,

307 4736 355 4788 sed
403 4736 506 4789 imerae
525 4750 635 4802 quoque
654 4733 812 4801 frequentia
836 4751 870 4788 ea
888 4735 988 4801 fuisse,
1007 4734 1100 4805 gallus
1119 4752 1295 4788 nummorum
1313 4738 1439 4788 veterum
1458 4732 1586 4787 civitatis

306 4806 513 4860 Himeraeensis
537 4805 673 4873 ostendit;
693 4824 718 4858 v.
733 4804 880 4872 Freeman‚
905 4805 992 4874 Sicily
1010 4826 1037 4875 p.
1052 4822 1077 4861 οι
1098 4838 1129 4845 -
1151 4811 1192 4860 16.
1212 4806 1389 4873 ἀντιάνειρα·
1414 4823 1470 4873 qua
1489 4804 1532 4858 vir
1553 4810 1587 4857 ut

306 4893 369 4931 curn
384 4878 444 4931 rire
459 4894 559 4931 rnauus
574 4878 703 4930 conserat·
721 4876 890 4944 concitatum
909 4878 1029 4947 primam
1047 4876 1121 4930 euim
1140 4879 1249 4947 partem
1268 4875 1389 4930 nominis
1407 4875 1491 4930 huius
1510 4892 1585 4930 eoni-
