3442 5550
689 420 847 471 OLYMPlA
865 421 900 472 11.

316 576 392 660 ῥοαὶ
416 576 447 641 δ’
473 577 584 643 ἄλλοτ’
609 581 707 645 ἄλλαι

316 684 483 769 εὐθυμιᾶν
505 709 538 750 τε
562 684 641 770 μέτα
665 685 720 751 καὶ
742 690 856 752 πόνων
879 687 912 764 ές
934 689 1060 771 ἀνδρας
1082 691 1171 771 ἔβαν.

226 889 282 954 (35)
319 881 405 945 οὕτω
435 877 470 944 δέ
495 881 612 965 Μοῖρ’,
636 883 657 946 ἀ
679 907 713 948 τε
735 885 905 969 πατρώιον
1131 883 1196 948 'Em
1220 884 1264 968 β’.
1311 903 1344 949 uo

235 1004 270 1050 40
315 985 415 1051 τῶνδ’
441 991 506 1071 ἔχει
530 990 589 1052 τὸν
612 990 664 1054 εὕ-

367 1118 477 1180 φρονα
500 1098 640 1181 πότμον,
663 1100 808 1181 θεόρ-τω
833 1100 896 1163 σὺν
919 1100 1006 1185 ὄλβῳ

316 1198 372 1264 έιιί
392 1224 423 1265 τι
446 1200 501 1265 καὶ
524 1200 604 1287 πῆμ’
630 1205 701 1285 ἀγει
724 1209 841 1269 παλιν-

367 1308 530 1391 τράτελον
553 1311 641 1396 ἀλλῳ
664 1313 787 1399 χρόνῳ·

314 1412 347 1490 ἐξ
370 1410 472 1500 οὗπερ
496 1419 618 1481 ἔκτεινε
642 1422 735 1503 Λᾷον
757 1420 897 1503 μόριμος
919 1421 993 1494 υίὸς

313 1525 572 1607 συναντόμενος,
596 1523 632 1588 έν
656 1521 691 1588 δὲ
718 1530 861 1590 Πυθῶνι
885 1524 1032 1609 χρησθέν

222 1637 277 1703 (40)
314 1632 525 1714 παλαίφατον
547 1630 706 1697 τέλεσσεν.

171 1877 174 1883 .
233 1841 267 1887 lo
315 1827 424 1890 ἰδοῖσα
449 1824 480 1890 δ’
507 1826 584 1905 ὀξεῖ’
605 1826 759 1911 Ἐριννὺς
1116 1835 1196 1914 Στρ.
1221 1829 1262 1912 γ’.

312 1932 436 2016 ἔπεφνέ
455 1939 509 1997 ios
534 1936 598 1998 σὺν
621 1934 848 2021 ἀλλαλοφονίᾳ
870 1935 965 2018 γένος
988 1935 1118 2021 ἀρήιον·
1309 1954 1341 2000 75

312 2042 436 2123 λείφθη
459 2036 495 2103 δὲ
521 2040 734 2127 Θέρσανδρος
757 2040 900 2125 ἐριπέντι
926 2046 1088 2106 Πολυνεί-

364 2170 428 2230 κει,
451 2146 539 2223 νέοις
563 2146 599 2212 έν
622 2147 757 2225 ἀέθλοις

312 2251 348 2318 ἰν
370 2254 489 2338 μάχαις
512 2278 545 2319 τε
568 2254 714 2339 πολέμου

221 2370 276 2436 (45)
313 2362 509 2445 τιμώμενος,
529 2360 750 2447 Ἀδραστιδᾶν
772 2363 878 2438 θάλος
901 2361 1033 2448 ἀρωγὸν
1056 2365 1185 2446 δόμοις·
1307 2379 1341 2426 su

148 2500 150 2504 ⁴
232 2485 265 2530 oo
312 2469 394 2533 ὅθεν
417 2467 601 2554 σπέρματος
624 2471 741 2552 ἔχοντα
764 2468 858 2554 ῥίζαν
879 2469 994 2553 πρέπει

310 2576 369 2638 τὸν
393 2575 625 2659 Αἰνησιδάμου

311 2681 482 2765 ἐγκωμίων
505 2705 539 2746 τε
561 2682 687 2767 μελέων
710 2689 817 2768 λυρᾶν
839 2706 873 2747 τε
897 2682 1108 2767 τυγχανέμεν.
1306 2699 1340 2746 eo

221 2951 263 3001 37,
283 2944 311 3001 δ’
332 2947 437 3001 BOD:
456 2944 482 2999 τ’
504 2948 531 3001 Α
551 2979 582 2986 -
603 2953 645 3003 lo.
666 2945 744 3002 τόνδ’
763 2950 786 3003 O
793 2950 801 2980 ¹
820 2980 852 2988 -
872 2954 915 3002 41.
936 2947 1017 3010 ἄλλος
1035 2945 1135 3018 χρόνος
1149 2945 1186 3001 Α1
1201 2978 1234 2986 -
1255 2951 1297 3000 42.
1315 2944 1430 3016 μόριμος

149 3016 244 3072 Trici:
264 3016 397 3088 μόρσιμος
415 3019 551 3085 ABOD,
570 3021 718 3087 utrumque
737 3022 894 3089 agnoscunt
913 3018 999 3073 schol.
1026 3051 1057 3058 —
1082 3024 1123 3072 43.
1144 3018 1300 3087 σοναντώμ.
1322 3017 1377 3072 01)
1397 3050 1428 3056 -

149 3094 192 3142 44,
211 3085 336 3143 τέλεσσεν
355 3090 395 3143 B:
414 3087 523 3144 τέλεσεν
542 3090 630 3144 ACD
650 3123 681 3130 —
702 3096 744 3145 45.
764 3091 874 3158 ἰριννίις
893 3091 1029 3145 ABOD:
1050 3090 1142 3157 ἐρινὺς
1162 3091 1191 3144 Ε
1209 3122 1241 3128 -
1261 3094 1303 3142 46.
1324 3088 1429 3157 ἔπεφνε

148 3159 243 3214 Trici:
268 3158 359 3229 πέφνε
383 3159 501 3229 (πέφνεν
524 3164 563 3224 Λ)
586 3163 710 3217 ABGD
734 3194 766 3201 —
790 3167 832 3217 47.
859 3159 931 3217 νέων
956 3162 1027 3217 coni.
1048 3160 1216 3214 Herwerden
1243 3159 1430 3230 probabiliter

149 3261 182 3269 -
202 3236 243 3284 49.
261 3230 411 3299 Ἀδραστιδ.
430 3232 528 3289 Trici:
546 3231 708 3300 Ἀδραστειδ.
728 3234 851 3289 ABOD
865 3268 897 3273 —
915 3231 1013 3303 δόμοιο
1032 3234 1059 3287 Α
1075 3264 1107 3271 -
1124 3238 1166 3288 50.
1187 3231 1287 3303 ἔχοντα
1306 3230 1428 3284 Aristar-

148 3300 216 3354 chus
235 3306 256 3371 l?
275 3322 300 3356 v.
321 3302 418 3373 schol.)
437 3307 467 3358 et
486 3304 686 3374 E’Nstu
707 3304 798 3376 ἔχοντι
816 3306 999 3372 ΑΒΟΒΕΙ,
1018 3321 1103 3373 quam
1123 3303 1272 3358 lectionem
1291 3302 1428 3371 Didymus

146 3373 279 3442 probavit
297 3378 402 3444 puncto
421 3377 486 3445 post
504 3371 584 3444 ὁίζαν
602 3375 694 3445 posito
715 3409 747 3415 -
768 3383 810 3432 62.
830 3381 918 3444 λυρᾶν
936 3397 1011 3447 ινγχ,
1032 3373 1135 3429 omisso
1153 3394 1183 3429 τε
1203 3376 1233 3429 D
1252 3407 1284 3414 -

147 3512 231 3570 ότότε
250 3516 315 3570 elici
334 3517 440 3586 nequit,
460 3534 546 3585 quare
562 3517 737 3587 ingeniosam
753 3521 782 3573 et
794 3519 908 3574 facilem
923 3519 1113 3573 coniecturam
1128 3516 1308 3571 Herwerdeni
1321 3514 1427 3585 πότερα

147 3586 337 3657 recipiendam
357 3589 486 3642 duximus
507 3622 538 3628 —
559 3594 600 3643 38.
622 3589 728 3658 ἄνδρας
747 3592 799 3644 hoo
818 3591 880 3644 loco
899 3590 975 3643 idem
989 3591 1064 3659 quod
1078 3590 1250 3657 ἀνθρώπους
1269 3587 1428 3658 significare

147 3661 240 3727 patet,
267 3677 341 3728 qnae
364 3660 534 3732 significatio
561 3678 617 3714 non
644 3661 734 3715 solum
763 3664 839 3733 apud
866 3664 966 3732 poetas
994 3663 1137 3730 frequens,
1167 3660 1216 3714 sed
1245 3676 1278 3713 ne
1304 3676 1320 3712 a
1343 3676 1428 3728 prosa

146 3729 261 3853 paidom
284 3731 410 3786 oratione
435 3730 529 3785 aliena
552 3735 596 3787 est
619 3765 651 3772 —
676 3739 719 3787 41.
740 3733 814 3803 ἄγει·
839 3751 874 3787 ne
898 3736 929 3787 tu
949 3733 1018 3801 ἀγεν
1037 3732 1232 3802 corrigendum
1252 3748 1312 3784 esse
1331 3730 1427 3797 ducas,

170 3818 236 3855 arca
254 3803 346 3872 gentis
366 3802 593 3857 Emmenidarum
613 3807 645 3857 ut
663 3805 824 3874 praeteritis
842 3804 1024 3875 temporibus,
1045 3802 1084 3856 sic
1104 3804 1191 3857 etiam
1208 3820 1283 3857 nune
1297 3801 1427 3855 secundis

146 3872 229 3926 rebus
248 3873 381 3927 adversas
401 3874 551 3941 admiscet3
576 3876 610 3928 of.
631 3875 662 3930 O.
682 3896 731 3929 xm
751 3894 789 3932 ros
809 3874 918 3947 δαίμων
936 3872 1081 3945 γενέθλιος
1106 3908 1137 3914 —-
1162 3881 1205 3927 42.
1225 3871 1426 3943 pulpamentis,
1467 3928 1475 3948 ,

146 3943 282 4014 Oedipus,
307 3946 356 4014 qui
374 3949 408 3999 ut
425 3947 583 4015 oraculum,
607 3948 682 4014 quod
706 3949 774 4002 olim
792 3948 861 4002 Laio
880 3948 956 4018 patri
975 3946 1090 4017 Delphis
1111 3946 1218 3999 editum
1237 3949 1310 4012 erat,
1334 3947 1427 3998 ratum

144 4014 257 4084 faceret,
276 4016 359 4070 fatali
378 4016 469 4071 rivel
489 4018 595 4071 invitus
615 4019 733 4073 adactus
748 4023 792 4074 est
811 4054 843 4060 -
862 4026 905 4073 45.
926 4020 1018 4073 ἰδοῖσα
1038 4017 1066 4072 δ’
1088 4016 1156 4084 ὀξεῖ’
1173 4015 1255 4070 metri
1271 4033 1357 4069 eausa
1375 4033 1427 4084 pro

144 4087 237 4141 ἰδοῖσα
252 4087 301 4153 ὀξὺ
317 4088 423 4142 dietum
442 4093 499 4155 σείς
519 4090 641 4143 Iurenka
655 4091 776 4144 contulit
790 4092 867 4157 ὀξεῖα
882 4088 1015 4162 χρέμισαν
1029 4089 1112 4143 ἰιιτιοι
1125 4089 1190 4142 Hes.
1207 4092 1268 4141 seut
1282 4103 1333 4153 ειες
1354 4086 1426 4140 illud

144 4157 193 4223 ὀξὺ
208 4158 276 4213 ἰδών
291 4176 325 4213 ex
339 4160 431 4230 priseo
447 4160 496 4226 ὀξὺ
510 4162 603 4216 ίιᾶὼν
617 4165 716 4216 natum
730 4167 781 4218 est.
811 4162 888 4217 Conf.
900 4163 983 4232 Soph.
995 4161 1038 4215 ui.
1049 4177 1089 4216 sus
1103 4161 1146 4215 ἀεὶ
1163 4158 1193 4213 δ’
1210 4159 1317 4227 ὁρώσας
1330 4155 1425 4211 πάντα

143 4231 196 4283 τάν
214 4231 324 4301 βροτοῖς
342 4231 425 4300 τάθη
444 4232 548 4302 σεμνὰς
563 4231 681 4303 Ἐρινῦς.
711 4233 813 4288 Furiue
832 4234 905 4288 filios
925 4233 1026 4304 Oedipi
1044 4231 1188 4286 Eteoelem
1207 4233 1236 4284 et
1254 4227 1425 4310 l'olpnicem,

144 4304 176 4353 ut
194 4318 223 4354 se
243 4301 363 4356 invicem
382 4303 585 4372 interficerent,
609 4305 777 4374 compulisse
797 4305 941 4374 dicuntur,
960 4305 1036 4374 quod
1054 4303 1201 4357 Furiarum
1221 4304 1281 4355 erat
1306 4317 1425 4381 impium

144 4371 268 4426 animum
291 4373 412 4428 filiorum
436 4391 503 4446 erga
526 4378 636 4446 patrem
660 4377 798 4447 Oedipum
821 4376 920 4431 ulcisci
940 4409 973 4417 -
992 4382 1025 4429 47
1046 4393 1080 4429 ss.
1101 4373 1316 4440 Thersundrum,
1335 4371 1425 4425 filium

143 4443 284 4512 Polynieis
303 4448 333 4499 et
350 4445 426 4499 filiae
445 4447 568 4515 Adrasti,
588 4466 606 4501 a
625 4464 680 4517 quo
699 4466 786 4519 genus
807 4449 921 4502 Adrasti
945 4448 1037 4502 denuo
1060 4445 1213 4528 pullulavit
1236 4443 1425 4513 (Ἀδραστιδᾶν

142 4514 255 4586 θάλος),
278 4518 308 4570 et
331 4516 522 4588 Epigonorum
548 4523 577 4572 et
602 4519 717 4573 Troiani
744 4520 811 4575 belli
837 4520 1004 4590 participem
1027 4518 1115 4571 fuisse
1137 4517 1267 4571 ferebant
1287 4519 1321 4584 (v.
1341 4515 1424 4596 lJaus.

142 4604 182 4639 vn
200 4604 222 4655 s,
241 4604 260 4642 1.
280 4607 308 4640 11
328 4604 348 4657 ι,
368 4592 401 4658 ι),
426 4590 474 4643 sed
499 4607 554 4658 quo
580 4593 704 4660 temporo
728 4592 774 4646 rel
797 4591 860 4646 loco
879 4591 953 4646 idem
972 4590 1103 4644 ludorum
1123 4587 1277 4644 certamina
1296 4586 1424 4667 subierit,

142 4656 216 4712 nihil
233 4657 356 4713 relatum
380 4663 436 4727 est;
459 4678 550 4729 neque
569 4661 627 4715 scio
647 4679 683 4715 an
702 4680 736 4716 ne
755 4663 895 4716 Pindarus
914 4663 1030 4732 quidem
1048 4661 1100 4716 hoc
1120 4658 1423 4738 traditum'inuenerit,

141 4729 192 4855 ¹sed
211 4729 271 4801 ipse
288 4730 410 4800 finxerit,
429 4735 461 4784 ut
480 4735 623 4786 auctorem
641 4735 734 4801 gentis
753 4733 858 4788 belliue
877 4738 906 4789 et
924 4733 1034 4788 ludicra
1053 4732 1137 4787 lande
1152 4730 1287 4785 Theronis
1302 4727 1423 4781 ermilem

154 4806 257 4857 soeret.

214 4879 257 4929 50.
277 4875 313 4928 ad
333 4892 377 4929 res
396 4878 557 4946 praesentes
576 4876 658 4947 redit,
678 4875 797 4933 virtutes
816 4878 953 4933 Theronis
975 4876 1090 4932 victoris
1109 4875 1263 4930 illustrans.
1284 4903 1316 4912 -

267 4969 278 5001 ι
1170 4964 1208 5019 2*
