3442 5550
711 394 860 445 rssnnrn
879 395 919 444 111
938 392 1007 462 [rvi

237 571 271 618 80
303 553 358 619 καὶ
381 557 545 640 νεόδματα
567 557 806 641 στεφανώματα
829 558 961 640 βωμῶν,
984 553 1125 639 αὔξομεν

305 665 433 748 ἔμπυρα
455 668 642 748 χαλκοαρᾶν
666 663 750 727 ὀκτὼ
774 666 965 745 θανόντων,

302 772 380 846 τοὺς
403 770 543 856 Μεγάρα
567 769 638 834 τέκε
660 777 714 834 tor
738 767 913 856 Κρειοντὶς
934 771 1044 847 υίούς·

223 888 278 950 ιιι)
302 889 410 942 τοῖσιν
432 876 469 942 έν
492 878 676 961 δυθμαῖσιν
698 877 806 960 αύχᾶν
829 874 911 962 φλὸξ
936 875 1178 961 ἀνατελλομένα
1203 874 1337 962 συνεχές
1446 894 1496 941 ιιο

354 988 557 1068 παννυχίζει,

303 1090 422 1177 αἰθέρα
445 1091 611 1178 κνισάεντι
636 1095 821 1171 λακτίζοισα
843 1101 972 1180 καπνῷ·

235 1321 269 1368 86
302 1303 357 1370 καὶ
380 1307 537 1391 δεύτερον
559 1301 646 1392 ἆμαρ
670 1305 783 1371 έτείων
805 1305 896 1392 τέρμ’
921 1304 1055 1371 ἀέθλων
1302 1304 1368 1370 Ἐπ.
1387 1304 1423 1370 ε’.
1445 1323 1494 1371 115

301 1417 441 1496 γίνεται,
465 1414 578 1498 ἰσχύος
601 1417 708 1499 ἔργον.

300 1522 384 1584 ἔνθα
407 1518 587 1595 λευκωθεὶς
609 1520 694 1606 κάρα

220 1637 276 1701 cco)
301 1627 437 1713 μύρτοις
460 1625 510 1692 ὅδ’
536 1626 620 1713 ἀνὴρ
644 1628 784 1693 διπλόαν

292 1860 332 1909 80.
353 1852 493 1926 νεόδμητα
511 1855 667 1910 Mommsen
686 1888 718 1896 -
739 1863 780 1910 ὃν.
800 1853 880 1911 τέκεν
899 1853 927 1910 οὶ
945 1857 1015 1911 coni.
1031 1856 1158 1912 Schmid:
1178 1856 1206 1911 οὶ
1223 1852 1285 1910 τέκε
1305 1855 1414 1924 ΒΒΝ,
1433 1854 1496 1910 τέκε

221 1930 284 1995 (om.
305 1926 341 1995 οὶ)
360 1926 425 1980 D⁸⁰
445 1958 476 1966 —
494 1929 639 1995 Κρειοντὶς
654 1927 779 1982 Schmin:
799 1929 932 1995 Κρεοντὶς
946 1927 1025 1982 codd.
1041 1960 1075 1967 -
1094 1928 1156 1998 υὶῆς
1170 1929 1200 1982 D
1213 1959 1246 1967 -
1263 1933 1304 1982 83.
1320 1928 1451 1981 ἀναπελλ.
1467 1927 1497 1982 D

221 2028 253 2036 —
273 2003 315 2052 84.
338 1995 517 2063 πλακτίζοισα
535 1998 644 2052 Hecker
664 2031 696 2039 —
716 1997 833 2066 αἰθέραε
853 1998 923 2066 ἀέρα
942 2000 1014 2053 Plut.
1035 2000 1069 2054 de
1088 2001 1167 2069 prim.
1187 1999 1251 2070 frig
1273 2016 1349 2052 ιο-
1369 2007 1496 2054 κνισᾶντι

219 2068 295 2134 BD,
314 2068 457 2123 κνισάεντι
475 2070 630 2124 Mommsen
650 2102 683 2109 -
703 2075 744 2125 85.
764 2068 841 2140 τέρμ’
863 2070 975 2126 ἀέθλων
994 2071 1120 2126 Schmid:
1140 2070 1253 2124 ἀέθλων
1272 2069 1358 2139 τέρμα
1378 2071 1405 2124 Β
1412 2071 1442 2124 D
1461 2101 1493 2109 —

221 2145 263 2194 87.
283 2141 443 2210 λευκανθὴς
466 2141 537 2195 coni.
557 2141 666 2195 Hecker
685 2173 717 2181 —

290 2289 331 2337 79.
356 2284 393 2337 ab
416 2284 544 2338 Herculis
567 2284 739 2339 facinoribus
764 2286 867 2339 transit
890 2285 927 2339 ad
950 2285 1030 2340 ludos
1052 2283 1180 2339 Herculis
1206 2284 1356 2338 Thebanos
1383 2287 1411 2338 et
1439 2283 1497 2337 vic·

221 2353 309 2409 torias
334 2355 441 2409 Melissi
467 2356 508 2409 ibi
532 2359 629 2425 partas
656 2388 688 2396 —
713 2355 855 2425 Ἀλεκτρᾶν
880 2356 939 2410 scil.
958 2361 1061 2411 πυλᾶν
1090 2360 1155 2410 ante
1181 2356 1233 2410 has
1260 2359 1355 2426 portas
1382 2354 1496 2409 domum

220 2425 431 2496 Amphitryonis
450 2433 479 2481 et
501 2427 638 2496 templum
658 2427 786 2482 Herculis
805 2430 834 2482 et
852 2427 1010 2497 sepulcrum
1028 2427 1148 2482 filiorum
1167 2427 1295 2482 Herculis
1315 2430 1343 2481 et
1362 2427 1495 2497 Megarae

219 2496 595 2554 fuissetraditPaus.1xn.
625 2499 730 2554 schol:
749 2499 912 2564 Χρύσιππος
929 2499 999 2567 πρὸς
1017 2508 1077 2562 ταῖς
1096 2499 1281 2568 καλουμέναις
1299 2499 1386 2568 φησὶν
1403 2497 1495 2552 Ἠλέκ-

217 2589 297 2637 τραις
314 2570 414 2633 πύλαις
432 2568 540 2640 ᾤκησεν
556 2568 734 2639 Ἀμφιτρύων.
768 2570 968 2625 Praeverbium
986 2569 1113 2639 ὕπερθεν
1131 2587 1164 2625 eo
1183 2571 1313 2642 pertinet,
1333 2569 1408 2639 quod
1427 2586 1493 2623 arae

218 2643 297 2694 extra
311 2645 406 2712 portas
416 2641 571 2696 Electrides
586 2645 667 2695 erant
676 2675 711 2682 —
720 2648 762 2696 80.
778 2643 982 2711 στεφανώματα
997 2644 1096 2715 βωμῶν
1106 2641 1225 2696 corollas
1235 2641 1379 2712 intellego,
1390 2640 1492 2709 quibus

220 2729 284 2766 aras
303 2713 468 2782 cingebant3
488 2730 522 2767 en
541 2715 681 2782 νεόδματα
701 2714 832 2781 audiunt,
852 2714 927 2783 quod
946 2730 1041 2768 recens
1065 2731 1098 2767 ex
1124 2712 1238 2767 floribus
1265 2712 1396 2781 foliisque
1422 2729 1494 2766 nexa

218 2786 306 2838 erant.
339 2783 442 2838 Contra
461 2784 703 2845 Wilamowitzius,
723 2784 785 2840 Eur.
801 2785 880 2839 Herc.
896 2805 905 2837 r
919 2802 958 2840 ιιι
973 2802 1036 2839 aras
1055 2785 1132 2857 ipsas
1152 2801 1240 2854 nuper
1258 2783 1349 2837 denuo
1369 2787 1492 2838 exstruc-

219 2859 264 2908 tas
284 2872 342 2908 esse
362 2855 576 2926 interpretatur:
596 2856 667 2910 Dese
687 2856 792 2910 Pindar
810 2857 855 2910 die
874 2856 972 2910 Altitre
991 2855 1132 2938 νεόδματα
1151 2858 1246 2921 neunt,
1266 2854 1304 2908 ist
1321 2855 1401 2908 nicht
1420 2872 1495 2925 weg-

218 2926 364 2993 zudeuten,
384 2928 452 2981 aber
466 2944 495 2980 es
509 2927 587 2981 lrann
605 2927 677 2981 auch
692 2928 859 2981 verstanden
875 2928 1000 2993 werden;
1019 2928 1065 2982 ber
1081 2928 1130 2982 der
1143 2927 1324 3049 Belagerunfi
1336 2931 1388 2980 479
1403 2943 1497 2980 waren

219 2996 266 3051 die
281 2997 433 3053 Vorstltdte
452 2998 581 3052 Thebens
601 3001 759 3066 verwiistet,
779 2998 824 3053 die
838 2998 935 3052 Alttre
954 2999 1103 3052 bedurften
1122 2997 1183 3052 also
1202 3014 1278 3051 ornes
1325 2996 1448 3051 eubaues
1462 3030 1496 3036 —

220 3068 356 3139 πάξομεν·
376 3069 410 3124 ef.
426 3070 489 3124 Eur.
506 3070 589 3141 Hipp.
605 3086 644 3123 σοι
659 3069 704 3123 ἐπὶ
719 3067 842 3133 Πυθίοις
855 3072 1002 3140 τεράμνοις
1016 3070 1121 3143 βούταν
1137 3067 1228 3137 φόνον
1244 3067 1342 3130 ‘citur
1360 3064 1400 3121 αἶ’
1421 3068 1497 3134 ἀέξει

220 3171 256 3180 -
279 3145 453 3210 χαλκοαρᾶν,
479 3141 647 3195 bellatorum
677 3158 740 3195 aere
767 3145 949 3205 armatorum
977 3142 1010 3194 ci.
1030 3142 1049 3194 l.
1070 3160 1087 3194 v
1105 3158 1129 3194 ιι
1159 3138 1296 3209 Μέμνονα
1324 3138 1496 3209 χαλκοάραν·

222 3211 324 3265 mimm
344 3215 396 3280 est,
416 3213 465 3267 sed
484 3212 606 3267 metricis
621 3212 779 3266 rationibus
793 3213 997 3283 explicandum,
1012 3213 1087 3280 quod
1102 3211 1239 3266 recentior
1253 3211 1389 3264 Pindarus
1405 3209 1498 3264 soluta

224 3283 315 3337 forma
343 3283 513 3354 χαλκοάρας,
537 3283 673 3337 Homerus
702 3283 844 3374 antiquior
870 3288 954 3353 poeta
977 3286 1121 3338 contracta
1144 3284 1283 3353 χαλκήρης
1308 3299 1374 3335 usus
1397 3286 1441 3336 est
1463 3314 1498 3322 -

227 3354 298 3409 όκτὼ
316 3354 478 3410 θανόντων·
499 3355 597 3410 schol:
616 3357 679 3423 περὶ
699 3365 754 3410 τῶν
776 3355 919 3424 Ηρακλέος
939 3355 968 3409 ἐκ
982 3354 1118 3424 Μεγάρας
1133 3356 1244 3408 παίδων
1258 3352 1328 3408 Acci
1348 3354 1416 3423 αχίς
1430 3351 1499 3423 φησί

225 3446 304 3488 τινας
327 3426 459 3495 ὶοτορεῑν,
483 3427 519 3496 μὴ
543 3427 598 3480 ἀπὸ
621 3425 770 3495 Ἡρακλέος
789 3426 849 3482 ἀλλ’
870 3425 925 3481 ὑπό
944 3447 1027 3482 τινων
1050 3429 1283 3496 δολοφονηθῆναι
1302 3374 1400 3491 ebov-
1421 3425 1448 3478 οὶ
1466 3423 1496 3478 δέ

223 3499 318 3551 Λύκον
344 3499 392 3552 τὸν
419 3497 533 3570 βασιλέα
558 3499 646 3567 φασὶν
672 3500 774 3561 αύτούς
799 3507 946 3568 φονεῦσαι·
974 3497 1125 3566 Σωκράτης
1150 3496 1180 3551 δέ
1208 3498 1262 3550 ὑπὸ
1283 3498 1320 3550 At
1340 3495 1387 3550 έοο
1411 3496 1497 3565 φησὶν

224 3569 327 3632 αὐτοὺς
345 3572 585 3640 δολοφονηθῆναι.
605 3571 651 3623 καὶ
671 3572 735 3639 περὶ
753 3580 802 3624 τοῦ
819 3572 944 3641 ἀριθμοῦ
964 3569 994 3623 δέ
1014 3570 1204 3624 διαλλάττουσι
1225 3573 1280 3622 κτλ.
1332 3567 1446 3622 abulam
1464 3584 1496 3620 ex

226 3640 369 3710 Euripidis
388 3641 505 3695 Hercule
529 3641 725 3711 pervulgatam
749 3642 783 3694 de
806 3640 872 3695 filiis
896 3641 932 3696 ab
951 3641 1069 3696 Hercule
1088 3644 1168 3711 patre
1186 3640 1295 3694 furente
1315 3639 1414 3694 occisis
1433 3639 1496 3692 Pin-

227 3712 312 3765 darus
337 3713 461 3766 nondum
486 3713 566 3766 novit
591 3717 640 3766 ant
659 3729 688 3766 se
707 3713 819 3767 novisse
837 3713 1038 3776 dissimulavit;
1064 3732 1089 3767 v.
1108 3711 1310 3778 Wilamowitz‚
1334 3711 1397 3765 Eur.
1416 3711 1496 3765 Herc.

224 3802 234 3835 r
256 3800 295 3838 nm
311 3801 344 3838 ss.
366 3817 399 3824 -
419 3791 460 3838 82.
482 3783 639 3852 Κρειοντὶς,
663 3784 789 3838 Creontis
808 3784 880 3851 ἣλιος
904 3804 928 3839 v.
948 3785 1011 3838 Eur.
1031 3784 1110 3838 Herc.
1130 3802 1142 3834 s
1162 3815 1194 3823 -
1215 3788 1257 3835 83.
1282 3783 1313 3836 ἐν
1331 3785 1497 3852 δυθμαῖσιν·

225 3853 326 3910 ιιοὶιοὶ.;
354 3855 421 3918 ἔθος
439 3856 508 3924 πρὸς
526 3855 633 3924 δυσμὰς
652 3855 806 3926 ἱερουργεῖν
825 3866 881 3918 τοῖς
900 3855 998 3925 ἥρωσι,
1022 3855 1093 3908 κατὰ
1111 3855 1161 3917 τὰς
1178 3853 1317 3917 ἀνατολὰς
1335 3863 1392 3916 τοῖς
1410 3859 1497 3917 θεοῖς.

223 3925 302 3980 Idem
322 3927 404 3980 docet
421 3927 507 3981 schol.
522 3926 614 3996 Apoll.
629 3928 695 3997 Arg.
715 3947 724 3979 r
742 3944 794 3983 sss:
816 3929 878 3993 περὶ
898 3925 977 3995 ἡλίου
995 3927 1116 3995 δυσμολις
1135 3923 1297 3993 ἐναγίζουσι,
1316 3934 1374 3988 τοις
1392 3924 1422 3978 δὲ
1444 3928 1498 3980 Ol·-

226 3994 356 4065 ρανίδαις
374 3999 429 4051 ὑπὸ
448 3998 499 4067 τὴν
518 3997 553 4052 tm
572 3998 770 4062 ἀνατέλλοντος
788 4007 838 4052 τοῦ
852 3997 931 4067 ἡλίου
947 4044 952 4054 .
969 4042 974 4052 .
992 4043 996 4051 .
1011 3996 1046 4050 τὰ
1061 4007 1117 4059 τοῖς
1132 4005 1240 4064 νεκροῖς
1254 3996 1434 4065 έναχιζόμενα
1449 3997 1497 4050 διὰ

219 4069 253 4122 τδ
277 4069 308 4123 ἐν
326 4077 359 4140 τῇ
378 4078 413 4139 χῇ
432 4071 525 4123 αὐτῶν
544 4069 754 4140 ἀποτέμνεσθαι
771 4070 821 4132 τὰς
840 4069 975 4138 κεφαλάς·
1001 4067 1071 4123 οὕτω
1095 4067 1147 4137 γὰρ
1165 4068 1269 4122 θύουσι
1287 4076 1345 4130 τοῖς
1362 4065 1498 4138 χθονίοις,

216 4149 276 4203 τοῖς
294 4139 324 4194 δὲ
345 4138 491 4209 οὐρανίοις
514 4142 573 4196 ἄνω
593 4139 817 4210 ἀναστρέφοντες
835 4142 884 4196 τὸν
902 4141 1039 4211 τράχηλον
1058 4139 1218 4208 σφάζουσιν.
1256 4139 1290 4193 cf.
1311 4138 1397 4192 schol.
1416 4139 1496 4193 Hom.

221 4215 246 4267 Θ
261 4228 297 4280 es,
316 4212 427 4266 Lobeclr
447 4213 585 4283 Aglaoph.
605 4230 654 4281 nr,
673 4213 780 4267 Usener
798 4212 999 4267 thternamen
1018 4232 1043 4283 p.
1065 4227 1101 4265 isc
1121 4243 1154 4250 —
1174 4209 1205 4264 ἐν
1223 4213 1378 4280 δυθμαῖσιν
1397 4212 1497 4280 αὐγᾶν,

217 4283 277 4336 sole
300 4282 445 4338 occidente
466 4317 497 4324 -
519 4290 561 4340 Bb.
587 4283 681 4338 ἐτείων
703 4282 782 4353 τέρμ’
805 4282 930 4351 ἀέθλων,
954 4283 1043 4337 altero
1067 4283 1112 4335 die
1136 4299 1230 4336 annua
1254 4281 1408 4336 certamina
1431 4298 1494 4335 con-

217 4354 321 4409 stituta
345 4359 421 4423 sunt,
447 4359 479 4409 ut
501 4354 547 4409 bic
571 4356 686 4427 perinde
711 4363 795 4424 atque
820 4355 849 4409 in
873 4355 973 4409 ceteris
996 4354 1069 4407 ludis
1093 4352 1235 4423 primitiae
1255 4354 1297 4406 dis
1317 4355 1346 4408 et
1363 4351 1494 4405 Manibus

217 4427 329 4492 fierent,
354 4428 492 4481 secundae
511 4431 606 4497 partes
626 4426 699 4480 ludis
719 4431 748 4480 et
766 4426 906 4480 hilaritati
925 4426 1068 4480 hominum
1087 4424 1250 4479 ferientium
1268 4425 1493 4479 concederentur.

215 4497 322 4552 Schol:
349 4497 412 4552 κατ’
434 4499 493 4562 έτος
513 4501 635 4570 Θηβαῖοι
659 4496 815 4568 ἐναγίζουσί
837 4518 866 4552 τε
889 4508 947 4561 τοῖς
969 4494 1117 4565 Ἡρακλέος
1140 4499 1218 4550 παισὶ
1240 4498 1287 4550 καὶ
1305 4499 1416 4566 ἀγῶνας
1435 4494 1494 4548 ἐπι-

215 4567 1396 4710 {riuirrisere1irretetislingueret*illiciti
1408 4571 1493 4692 tm

215 4717 258 4768 ct.
279 4712 443 4780 λευκωθείς,
467 4717 616 4767 coronatus
640 4713 706 4765 elba
730 4717 836 4781 myrto;
863 4713 897 4765 cs.
918 4711 1002 4765 Statii
1022 4710 1122 4764 Acbill.
1143 4731 1152 4763 r
1173 4729 1194 4765 ιι
1216 4712 1353 4765 albescunt
1372 4718 1493 4781 tempora

214 4787 299 4839 vittis.
331 4783 372 4837 De
396 4785 504 4854 origine.
528 4787 653 4853 myrteas
677 4800 795 4838 coronae
819 4783 918 4838 schol:
944 4785 1062 4854 μυρσίνη
1086 4781 1138 4851 γὰρ
1163 4790 1366 4850 στεφανοῦνται
1389 4783 1492 4837 διὰτὸ

216 4851 290 4910 εἶναι
310 4865 364 4910 τῶν
384 4866 489 4924 νεκρῶν
509 4855 615 4924 στέφος.
644 4856 678 4910 cl'.
699 4855 770 4911 Prol.
791 4875 873 4909 nxvnr
894 4887 926 4895 -
946 4861 987 4909 88.
1008 4852 1093 4922 ἀνήρ·
1113 4871 1214 4907 nomeu
1232 4853 1285 4907 hoc
1305 4871 1360 4908 non
1379 4854 1492 4908 honoris
