3442 5550
756 370 880 421 Nauna
899 370 945 421 ru.
1180 418 1183 425 .
1424 364 1490 429 259

220 537 302 599 ficari
326 537 477 599 coniciam.
515 537 587 598 Inde
610 537 666 598 hoo
689 557 807 598 carmen
831 537 910 596 inter
928 539 990 597 467
1012 540 1043 596 et
1061 537 1134 614 463,
1157 535 1359 596 verisimiliter
1379 556 1405 596 a.
1425 539 1489 597 465

216 629 361 704 scriptum
385 646 446 687 esse
470 630 586 704 statuo,
614 627 663 687 cui
686 627 852 687 sententiae
875 645 984 705 magna
1008 645 1128 703 quoque
1152 627 1235 685 favet
1256 626 1421 686 similitudo
1446 646 1490 685 re·

215 738 283 777 rum
307 719 338 775 et
359 717 532 793 mythorum
555 717 586 775 in
609 717 664 776 hoc
687 717 770 775 etin
795 716 986 775 antecedente
1010 715 1140 774 carmine
1169 715 1205 772 N.
1225 734 1259 773 111
1283 718 1489 775 tractatorum.

216 806 329 867 Contra
356 806 445 882 Leop.
470 805 617 883 Schmidt,
645 805 730 864 Pind.
753 804 824 864 Leb.
846 826 874 880 p.
894 817 946 864 447
970 825 1005 863 ex
1027 825 1073 864 vv.
1093 816 1181 863 41—3
1206 805 1328 883 collegit
1350 805 1405 864 hoc
1427 824 1490 864 car-

216 917 284 956 men
308 915 326 954 a
348 895 478 954 Pindaro
501 914 538 954 ea
561 898 660 953 aetate
683 894 828 970 scriptum
852 913 923 971 esse,
946 914 1007 971 qua
1030 894 1163 953 nondum
1186 894 1224 952 ad
1248 912 1397 952 summum
1416 894 1490 953 artis

216 991 247 1044 et
269 987 367 1044 famae
391 984 547 1063 fastigium
570 985 761 1060 pervenisset.

305 1076 340 1132 In
362 1073 481 1132 exordio
504 1076 665 1149 postquam
687 1077 777 1150 poeta
799 1073 861 1132 vim
884 1070 1089 1133 recreatricem
1113 1073 1210 1150 poesis
1234 1077 1303 1149 post
1321 1074 1490 1133 exantlatos

217 1164 334 1224 labores
353 1163 523 1222 certaminis
542 1163 708 1221 illustravit
722 1154 831 1243 (1-8),
846 1163 950 1221 statim
969 1163 1007 1222 ad
1021 1163 1162 1222 victorias
1177 1163 1360 1222 Timasarchi
1374 1162 1491 1240 transit,

218 1273 294 1331 quas
324 1252 414 1312 etiam
442 1254 529 1328 pater
556 1252 632 1329 eius,
661 1252 686 1310 si
714 1252 872 1310 etiamtum
899 1252 977 1311 inter
1003 1251 1088 1313 vivos
1114 1255 1205 1328 esset,
1233 1251 1341 1311 fidibus
1364 1255 1491 1329 caneret,

218 1343 274 1401 filii
302 1342 430 1401 laudans
458 1360 582 1401 coronas
608 1341 729 1400 Nemeis
753 1345 783 1400 et
805 1341 1038 1400 Atheniensibus
1062 1344 1092 1400 et
1115 1341 1264 1400 Thebanis
1286 1341 1366 1400 ludis
1388 1345 1492 1417 pertas

218 1423 345 1514 (9-24).
391 1430 501 1490 Thebis
528 1450 595 1489 cum
619 1431 829 1490 Timasarchus
855 1430 1001 1491 Heraclea
1027 1431 1159 1508 vicisset,
1185 1430 1323 1490 Herculis
1351 1432 1382 1489 et
1404 1430 1492 1489 Tela-

219 1521 317 1582 monis
341 1521 514 1579 societatem
538 1539 687 1579 armorum
711 1519 965 1598 gloriosissimam,
984 1520 1105 1580 Troiam
1128 1522 1338 1598 expugnatam,
1356 1519 1491 1596 Meropes

218 1612 365 1688 devictos,
389 1610 574 1686 Alcyoneum
601 1614 777 1686 superatum
806 1610 954 1668 succincte
983 1611 1074 1669 refert
1097 1601 1242 1690 (at-3⁸2).
1288 1610 1351 1668 Iam
1375 1609 1412 1668 ab
1436 1609 1491 1668 hac
1574 1621 1577 1625 ⁴

218 1700 323 1759 fabula
346 1699 465 1777 longius
488 1699 692 1775 persequenda
716 1719 745 1759 se
768 1703 902 1776 revocat,
926 1703 962 1756 ut
984 1718 1056 1757 suae
1080 1699 1154 1757 artis
1177 1699 1273 1776 legem
1297 1701 1418 1758 secutus
1441 1698 1491 1758 ob·

218 1792 414 1849 tractatorum
438 1788 595 1848 calumniis
618 1788 735 1848 reiectis
759 1788 871 1867 ingenii
895 1787 978 1847 dotes
1002 1788 1058 1847 sibi
1081 1791 1191 1846 natura
1210 1787 1359 1866 ingenitas
1378 1788 1493 1864 pandat

218 1869 362 1959 (33-46).
407 1877 455 1936 Sic
478 1877 531 1936 ubi
555 1879 642 1953 quasi
665 1878 759 1937 altero
782 1877 933 1955 prooemio
956 1877 1037 1936 viam
1061 1877 1099 1935 ad
1121 1877 1268 1954 reliquam
1291 1880 1408 1954 partem
1431 1878 1491 1954 epi·

217 1968 289 2026 nicii
307 1966 514 2043 perficiendam
539 1966 596 2024 sibi
619 1967 746 2045 paravit,
765 1967 981 2045 Aeginetarum
1004 1967 1129 2025 heroum
1148 1985 1218 2042 opes
1237 1986 1328 2044 quam
1347 1967 1491 2026 latissime

217 2057 351 2133 patuisse
376 2056 510 2131 exponit:
535 2056 688 2114 Salamina
712 2055 854 2132 Cypriam
877 2075 895 2114 a
918 2056 1032 2115 Teucro
1055 2056 1207 2116 conditam
1231 2074 1302 2134 esse,
1327 2055 1427 2115 albam
1450 2057 1493 2113 in-

219 2146 317 2204 sulam
341 2145 426 2222 ponti
448 2146 560 2203 Euxini
583 2145 621 2204 ab
644 2145 760 2204 Achille
785 2145 888 2222 tenen,
912 2145 1032 2205 Thetidi
1055 2145 1195 2204 Phthiam
1216 2145 1418 2204 Thessalicam
1441 2164 1492 2221 pa·

218 2236 323 2312 ruisse,
346 2235 377 2292 in
400 2235 492 2310 Epiro
515 2235 706 2311 Neoptolemi
730 2235 902 2313 progeniem
924 2254 1057 2313 regnare,
1081 2235 1204 2295 Peleum
1223 2235 1337 2295 Iolcum
1355 2254 1493 2314 regnum-

218 2344 277 2401 que
301 2323 406 2401 perfidi
429 2324 533 2382 Acasti
557 2343 754 2403 expugnasse,
778 2324 905 2400 denique
929 2324 1060 2403 longius,
1084 2328 1120 2382 ut
1142 2325 1174 2384 in
1197 2324 1391 2402 carminibus,
1416 2342 1493 2401 quae

219 2413 377 2472 iuvenibus
401 2413 438 2471 ad
461 2414 577 2472 faustos
604 2415 784 2490 hymenaeos
807 2413 867 2471 iam
890 2413 1114 2490 adspirantibus
1137 2414 1264 2491 scripsit,
1288 2414 1384 2473 facere
1408 2413 1493 2490 solet,

220 2502 343 2579 nuptias
367 2502 448 2561 Pelei
471 2507 502 2561 et
520 2502 654 2562 Thetidis
678 2503 749 2562 deae
773 2503 962 2579 persequitur
984 2494 1129 2584 (at—72).
1161 2502 1233 2561 Inde
1256 2502 1308 2561 ubi
1332 2521 1363 2562 se
1386 2502 1423 2561 ad
1447 2521 1494 2561 rea

218 2594 388 2668 praesentes
417 2595 448 2650 et
474 2591 579 2650 laudes
608 2593 730 2652 victoris
760 2592 884 2668 eiusque
913 2592 1011 2670 gentis
1041 2592 1205 2669 revocavit,
1235 2591 1492 2650 Theandridarum

219 2681 367 2739 virtutum
391 2680 521 2758 insignia
549 2681 727 2741 documenta
751 2679 899 2758 Olympiis
926 2681 1060 2740 Isthmiis
1087 2681 1206 2740 Nemeis
1234 2685 1350 2740 exstare
1377 2681 1493 2757 praedi·

218 2774 276 2848 cat,
300 2770 443 2829 avunculi
467 2768 598 2829 Calliclis
621 2770 778 2831 victoriam
801 2770 973 2829 Isthmicum
996 2771 1129 2847 praemio
1147 2770 1263 2846 poetico
1282 2769 1372 2829 Paria
1391 2773 1494 2829 statua

219 2860 334 2936 potiore
358 2858 480 2937 dignam
503 2877 565 2919 esse
589 2861 711 2937 fatetur,
734 2859 862 2935 denique
885 2859 1024 2919 Melesiae
1048 2860 1160 2936 aliptae
1184 2859 1392 2919 dexteritatem
1420 2860 1493 2918 ima·

217 2950 287 3028 gine
310 2967 329 3007 a
351 2948 434 3007 lucta
456 2948 553 3025 petita
576 2949 620 3007 ita
642 2949 783 3026 illustrat,
807 2952 843 3007 ut
866 2947 955 3007 simul
977 2949 1164 3025 Euphanem,
1189 2967 1278 3008 avum
1300 2948 1493 3027 Timasarchi,

218 3037 352 3115 poeticae
381 3037 455 3095 artis
483 3038 587 3097 laurea
615 3056 723 3098 corona
749 3040 836 3096 omet
859 3069 900 3078 -
925 3037 1080 3097 Uberrima
1107 3057 1208 3096 rerum
1231 3038 1261 3096 in
1284 3037 1340 3097 hoc
1363 3038 1493 3097 carmine

219 3127 422 3203 expositarum
445 3127 532 3202 copia
554 3127 622 3186 inde
646 3127 772 3185 maxime
796 3128 868 3184 nata
896 3130 953 3203 est,
983 3126 1063 3203 quod
1086 3130 1176 3202 poeta
1198 3146 1258 3186 non
1281 3126 1313 3185 in
1335 3145 1397 3186 uua
1420 3146 1493 3204 qua·

218 3216 286 3275 dam
310 3214 415 3275 fabula
438 3217 587 3275 narranda
609 3218 744 3275 moratus
767 3219 825 3293 est,
854 3214 906 3274 sed
929 3215 967 3273 ad
990 3215 1089 3274 varias
1113 3215 1232 3274 fabulas
1255 3215 1381 3276 deflexit.
1428 3216 1493 3276 Hac

219 3306 250 3364 in
273 3325 304 3364 re
328 3305 514 3364 simillimum
538 3306 592 3365 hoc
616 3324 734 3364 carmen
758 3308 804 3363 est
825 3304 992 3364 carminum
1013 3304 1051 3363 N.
1071 3323 1113 3366 111.
1133 3324 1172 3375 vr.
1191 3324 1219 3363 x.
1249 3303 1283 3364 Ο.
1303 3324 1367 3384 x111,
1391 3305 1493 3365 eodem

219 3396 281 3454 fere
305 3398 437 3470 tempore
461 3395 624 3471 factorum,
648 3393 800 3471 dissimile,
823 3397 859 3452 ut
883 3394 947 3453 sola
968 3393 1146 3471 Aeginetica
1168 3413 1408 3472 commemorem,
1431 3415 1493 3454 car-

220 3483 334 3542 minum
354 3481 471 3542 0.v111.
495 3484 531 3544 N.
550 3503 578 3543 v.
602 3484 624 3542 l.
645 3503 671 3541 v.
691 3502 755 3541 vnn
793 3483 898 3558 Neque
922 3483 1051 3542 defuisse
1075 3483 1135 3542 iam
1159 3484 1237 3543 inter
1259 3485 1401 3561 aequales
1424 3484 1493 3543 Pin·

218 3573 297 3650 dari,
326 3572 435 3649 quibus
463 3574 536 3632 haec
563 3592 662 3631 rerum
692 3571 876 3631 abundantia
904 3576 934 3631 et
961 3572 1100 3631 subitarii
1128 3574 1273 3631 transitus
1301 3573 1339 3632 ab
1367 3592 1429 3632 una
1456 3574 1494 3631 ad

221 3662 313 3721 aliam
336 3661 470 3720 fabulam
494 3662 694 3739 displicerent,
717 3682 753 3720 ex
775 3661 910 3720 versibus
933 3662 970 3720 N.
990 3681 1021 3721 rv
1045 3673 1149 3721 33-43
1173 3662 1387 3741 cognoscimus.

762 3816 806 3880 De
829 3816 950 3882 metris.

308 3928 454 3989 Carminis
473 3928 560 3986 huius
580 3928 743 3988 dulcissimi
761 3929 842 3988 modi
861 3933 932 3988 sunt
951 3929 1039 4006 Lydii
1053 3922 1095 4010 (v.
1109 3922 1167 4010 45),
1183 3929 1299 3988 numeri
1318 3929 1492 4008 logaoedici,

218 4019 331 4079 similes
354 4019 493 4078 carminis
518 4017 611 4096 O.1x,
635 4018 692 4077 nisi
716 4019 797 4094 quod
820 4019 876 4079 hoc
898 4038 1017 4077 carmen
1040 4020 1134 4095 epodo
1159 4023 1240 4079 caret
1258 4023 1289 4078 et
1309 4023 1405 4077 metra
1428 4020 1493 4078 eius

215 4109 376 4187 graciliora
395 4109 557 4183 eademque
577 4109 727 4183 apertiora
747 4109 825 4166 sunt.
855 4108 966 4166 Versus
985 4108 1064 4167 enim
1084 4127 1185 4167 omnes
1203 4109 1292 4168 facile
1311 4109 1342 4167 in
1357 4108 1493 4185 dipodias

216 4198 260 4256 ita
279 4197 372 4256 dividi
393 4201 526 4275 possunt,
546 4200 582 4254 ut
600 4197 737 4273 tripodiis
756 4197 814 4255 nisi
833 4197 864 4254 in
883 4197 1027 4257 clausulis
1050 4215 1192 4257 versuum
1214 4198 1297 4257 locus
1320 4217 1380 4257 uon
1404 4198 1492 4258 relin-

216 4292 338 4364 quatur.
370 4286 490 4346 Tertius
508 4304 611 4345 versus
631 4286 779 4363 quomodo
803 4285 980 4345 dividendus
1004 4287 1051 4363 sit,
1075 4286 1185 4346 indicio
1209 4291 1255 4346 est
1278 4306 1401 4347 caesura
1424 4292 1493 4363 post

216 4379 354 4436 octavam
368 4375 514 4452 syllabam
534 4375 564 4434 in
584 4376 721 4435 omnibus
740 4375 870 4451 strophis
889 4379 1007 4451 praeter
1021 4375 1177 4452 septimam
1193 4377 1357 4436 observata.
1384 4375 1491 4434 Ultimi

216 4484 320 4525 versus
338 4465 436 4542 prima
455 4465 572 4541 syllaba
590 4485 649 4524 non
669 4465 821 4524 anacrusis
836 4465 900 4524 vice
919 4465 1014 4544 fungi,
1029 4465 1080 4525 sed
1095 4469 1212 4543 partem
1225 4466 1338 4542 primae
1354 4464 1491 4540 dipodias

216 4553 331 4614 efficere
359 4555 486 4615 videtur.
533 4555 609 4613 Tota
639 4554 669 4613 in
700 4555 822 4630 stropha
850 4554 1053 4630 componenda
1083 4573 1149 4614 eam
1176 4555 1273 4634 legem
1300 4553 1490 4629 symmetriae

216 4648 306 4720 poeta
333 4648 453 4704 secutus
481 4648 538 4720 est,
569 4648 605 4701 ut
634 4643 762 4703 mediam
786 4646 902 4720 partem
925 4644 1121 4720 principalem
1144 4665 1179 4703 ex
1203 4647 1334 4720 quatuor
1356 4642 1491 4701 versibus

216 4736 404 4794 constantem
431 4727 491 4814 (vv.
512 4725 597 4813 3-6)
622 4733 793 4792 bimembris
821 4733 957 4809 partibus
985 4733 1089 4792 dextra
1118 4728 1178 4812 (vv.
1200 4730 1283 4812 1-2)
1312 4737 1343 4790 et
1371 4732 1492 4791 sinistra

216 4814 279 4905 (vv.
300 4815 384 4903 7—8)
403 4823 541 4900 cingeret.
576 4822 619 4880 De
643 4822 799 4900 affinitate,
823 4841 900 4898 quae
923 4823 1002 4881 inter
1024 4826 1120 4882 metra
1143 4823 1232 4880 huius
1256 4821 1329 4880 odae
1353 4825 1384 4880 et
1409 4821 1492 4881 0.1x

1231 4921 1282 4973 17*
