3442 5550
683 386 840 437 OLYMPIA
860 388 934 439 xm.

189 563 224 609 ιο
256 542 414 611 Ἑλλώτια
438 544 470 609 δ’
496 543 636 623 ἑπτάκις.
683 546 719 611 ἐν
1223 549 1291 615 Ἐκ.
1315 549 1359 634 β’.

305 651 337 717 δ’
363 653 557 736 ἀμφιάλοισι
583 654 786 730 Ποτειδᾶνος
810 662 983 739 τεθμοῖσιν

260 760 462 846 Πτοιοδώρῳ
486 762 551 825 σὺν
574 759 673 846 πατρὶ
695 765 894 847 μακρότεραι

265 869 388 953 Τερψίᾳ
410 864 447 930 θ’
473 865 585 943 ἕψοντ’
609 865 724 952 Έριτί-
738 892 788 954 μφ
813 866 841 930 τ’
868 867 987 933 ἀοιδαί.

260 974 341 1038 ὄσσα
365 972 394 1035 τ’
420 958 456 1037 ἐν
478 979 664 1057 Δελφοῖσιν
687 973 899 1059 ἀριστεύσατε

261 1077 318 1163 ἠδὲ
340 1083 472 1164 χόρτοις
495 1078 531 1144 ἐν
554 1079 701 1164 λεόντος,
725 1082 880 1166 δηρίομαι
903 1081 1040 1147 πολέσιν

189 1206 223 1250 45
260 1184 335 1271 περὶ
357 1188 493 1268 πλή-θει
517 1193 641 1269 καλῶν,
665 1187 709 1264 ὡς
731 1190 798 1271 μάν
820 1186 924 1272 σαφὲς

259 1293 320 1357 οὐκ
344 1293 386 1357 ἂν
408 1294 532 1375 εἰδείην
555 1293 663 1375 λέγειν

303 1409 443 1464 ποντιᾶν
466 1400 590 1483 ψάφων
614 1400 768 1484 ἀριθμόν.

261 1595 369 1661 ἕπεται
393 1592 430 1659 δὲ
452 1597 600 1684 lendorp
1213 1604 1293 1682 Στρ.
1317 1599 1358 1682 γ’.

259 1701 392 1787 μέτρον·
416 1713 492 1786 νοῆ-
506 1720 561 1769 σαι
586 1700 620 1766 δὲ
645 1705 759 1788 καιρὸς
781 1706 923 1789 ἄριστος.

244 1919 286 1969 40.
312 1915 417 1968 ποτειδ.
437 1912 540 1967 lemma
559 1916 598 1983 Β,
623 1914 652 1967 in
676 1916 704 1968 B
726 1935 767 1969 ττι
790 1932 879 1985 paene
903 1915 1030 1983 evanuit,
1053 1918 1143 1970 ποτιδ.
1164 1917 1205 1983 D,
1228 1919 1334 1972 ποσειδ.
1356 1920 1387 1984 (λ,
1412 1920 1447 1974 cf.

171 2006 197 2042 v.
221 2003 234 2040 ε
262 2018 294 2025 -
323 1991 357 2038 42
397 1982 506 2059 Τερψίᾳ
534 1983 568 2039 θ’
598 1984 696 2053 ἕψοντ’
724 1984 852 2059 Ἐριτίμῳ
878 1985 905 2040 τ’
935 2003 968 2041 ex
997 1986 1082 2041 schol.
1107 1987 1236 2043 Schmid:
1272 1988 1384 2054 τίρψιες
1411 1989 1445 2045 θ’

171 2054 328 2126 (τερψίαιθ’
353 2059 410 2122 13³,
433 2055 468 2110 δ’
495 2073 551 2111 οοο
578 2056 800 2126 interpretantur
822 2058 919 2126 schol.)
944 2056 1041 2121 ἕψοντ’
1068 2056 1184 2128 ἐρίτιμοι
1207 2057 1233 2112 τ’
1253 2059 1316 2114 Bc
1324 2061 1392 2113 DE
1413 2093 1445 2102 -

171 2127 282 2184 ἕσποντ’
305 2127 376 2183 coni.
396 2127 485 2181 Bothe
512 2158 545 2168 -
571 2134 613 2182 44.
640 2127 736 2182 πολέσι
761 2134 830 2197 (-σιν
857 2131 892 2197 C)
918 2131 989 2197 BG,
1015 2129 1142 2184 πολέεσσι
1167 2130 1210 2197 D,
1235 2129 1346 2186 πόλισιν
1372 2149 1447 2201 susp.

171 2201 309 2327 {lerglgrD—
326 2206 367 2254 46.
387 2208 488 2268 ψᾶφον
506 2200 655 2254 D1-4r.
675 2198 706 2253 δὲ
718 2201 781 2254 feu.
798 2218 871 2270 susp.
887 2201 1054 2256 Mommsen:
1074 2199 1102 2254 δ’
1120 2201 1157 2256 ἐκ.
1175 2202 1198 2253 (λ
1214 2205 1243 2255 et
1261 2202 1357 2271 schol,
1371 2201 1399 2257 δ’
1417 2204 1448 2258 ἐν

186 2293 210 2327 κ.
312 2304 345 2311 ..-

171 2431 238 2468 nam
256 2430 347 2483 neque
365 2414 435 2468 haec
455 2431 536 2468 sacra
554 2431 617 2468 cum
637 2414 711 2468 ludis
730 2414 868 2484 gymnicis
887 2415 1037 2469 coniuncta
1055 2414 1142 2469 fuisse
1161 2418 1283 2485 constat,
1305 2433 1396 2486 neque
1415 2435 1449 2472 ca

172 2486 270 2540 codem
289 2502 344 2555 quo
364 2485 466 2554 Pythia
484 2485 621 2609 Delphica
640 2504 734 2540 menso
754 2487 919 2556 agebantur.
951 2487 1012 2551 Qua
1031 2486 1065 2540 de
1084 2503 1171 2541 causa
1189 2487 1261 2540 nihil
1279 2488 1448 2558 relinquitur

171 2556 226 2610 nisi
244 2560 276 2610 ut
298 2560 350 2610 aut
366 2557 512 2626 gymnicos
548 2557 617 2611 udos
637 2559 899 2612 Panathenaeorum
918 2561 982 2628 post
1001 2575 1089 2627 sacra,
1108 2558 1205 2628 primis
1225 2558 1324 2614 diebus
1343 2561 1447 2615 mensis

171 2627 400 2700 Metageitnionis
420 2632 485 2682 acta
503 2645 564 2683 esse
583 2632 634 2683 aut
652 2629 805 2683 Pindarum
824 2633 937 2699 poetam
951 2629 1044 2683 verbis
1063 2630 1150 2698 μηνός
1164 2631 1271 2684 τωύτοῦ
1286 2631 1381 2685 orbem
1398 2632 1447 2686 tri·

170 2699 251 2771 ginta
270 2699 378 2754 diorum
395 2699 553 2770 siguificare
567 2700 689 2754 voluisse
704 2701 852 2767 ducamus;
872 2701 906 2756 cf.
922 2701 997 2756 Stzb.
1013 2701 1039 2755 d.
1055 2700 1081 2756 b.
1097 2700 1148 2754 lllr.
1166 2707 1234 2755 1895
1253 2721 1279 2771 p.
1296 2720 1318 2755 11
1335 2720 1370 2757 ss.
1399 2702 1447 2757 Al-

170 2774 261 2826 terum
281 2774 376 2825 autem
394 2786 427 2825 eo
447 2770 559 2824 facilius
579 2772 667 2825 statui
686 2775 789 2842 potest,
806 2774 881 2841 quod
896 2772 1005 2839 Gracci,
1024 2789 1087 2826 cum
1107 2771 1203 2826 civiles
1222 2772 1331 2827 mebses
1351 2773 1447 2844 singu-

170 2843 261 2897 larum
279 2841 440 2896 civitatium
458 2858 542 2912 saepe
564 2843 684 2896 multum
702 2843 775 2897 inter
790 2860 819 2897 se
833 2844 1025 2913 discreparent
1038 2847 1073 2913 (v.
1086 2844 1186 2914 Unger,
1207 2843 1376 2898 Zeitrechu¹
1389 2850 1447 2914 τοι),

170 2913 261 2984 magis
289 2913 433 2968 naturalia
461 2913 554 2983 spatia
584 2932 669 2982 quam
702 2914 800 2968 civilia
830 2915 1023 2983 mensiumque
1055 2913 1169 2968 uomina
1197 2914 1386 2984 respiciebant
1413 2948 1446 2957 -

170 2983 232 3053 τρία
260 2984 339 3055 ἔργα·
366 2985 384 3039 i.
408 3002 432 3040 e.
456 2985 613 3053 στεφάνους
640 2994 723 3052 τριῶν
752 2985 781 3054 ἔρ
800 3004 854 3041 ων·
885 3002 1025 3054 quaenam
1055 2984 1106 3037 illa
1136 2985 1193 3038 tria
1222 3002 1307 3055 opera
1334 2986 1447 3055 fuerint,

170 3060 313 3145 exponunt
344 3055 467 3111 scholia:
504 3055 568 3126 τρία
601 3055 631 3111 δὲ
666 3057 732 3125 ἔργα
765 3005 824 3111 sins
858 3055 974 3110 δίαυλον
1007 3057 1053 3109 καὶ
1087 3055 1229 3110 ὁπλιτικὸν
1261 3054 1367 3126 δρόμον
1399 3061 1448 3112 καλ

169 3131 293 3184 σταδιον.
330 3130 387 3182 tres
411 3127 545 3182 victorias
564 3145 581 3182 a
601 3127 720 3197 singulis
740 3127 822 3182 simul
848 3131 945 3198 partas
969 3132 1189 3181 commemorant
1211 3127 1337 3199 Phlegon
1359 3128 1392 3183 fr.
1413 3146 1446 3197 ιε,

170 3199 299 3255 Philostr.
319 3217 405 3269 gymn
433 3218 459 3270 p.
479 3216 530 3269 sis,
552 3216 564 3253 s
590 3199 688 3269 Kays,
709 3200 790 3254 Paus.
811 3218 838 3253 vr
859 3216 895 3267 rs,
917 3216 929 3253 a
951 3231 983 3238 —
1005 3198 1149 3267 ποδαρκὴς
1171 3198 1275 3252 dicitur
1295 3199 1369 3266 dies,
1391 3217 1446 3269 quo

172 3272 206 3325 de
228 3271 331 3342 pedum
354 3270 522 3342 pernicitate
545 3275 670 3325 certatur
694 3270 825 3342 (ταχυτὰς
847 3273 943 3325 ποδῶν
963 3268 1079 3339 ἐρίζεται
1099 3269 1130 3325 0.
1146 3289 1154 3322 r
1170 3274 1214 3339 os),
1233 3271 1270 3324 ad
1289 3287 1368 3325 exem
1388 3271 1447 3325 lum

170 3340 310 3397 Homerici
334 3342 447 3396 δοόλιυυ
470 3337 545 3466 ιὶμαρ
565 3375 597 3382 -
616 3349 659 3398 40.
676 3341 822 3410 Ἑλλώτια,
845 3346 989 3410 καθῆκεν
1012 3342 1085 3410 ἀμφί
1109 3339 1219 3410 κόμαις,
1242 3341 1342 3397 schol:
1367 3290 1447 3412 λλιρτή

170 3421 218 3481 τῆς
233 3411 352 3483 Ἀθηνᾶς
370 3412 401 3468 ἐν
415 3418 474 3481 Κορ
489 3418 557 3487 νθφ,
578 3414 608 3468 ἐν
627 3408 645 3485 ᾖ
664 3415 712 3468 καὶ
731 3414 745 3468 ό
764 3416 841 3484 όιγὼν
859 3417 977 3467 τελεῖται
996 3412 1011 3466 ὁ
1030 3412 1201 3482 καλούμενος
1218 3415 1447 3483 λαμπαδοδρομι-

169 3483 227 3552 κός,
245 3484 276 3539 ἐν
293 3478 316 3557 ᾦ
335 3484 448 3555 ἔτρεχον
466 3483 578 3540 νεανίαι
592 3484 741 3555 λαμπάδας
758 3493 927 3553 κρατοῦντες
946 3517 979 3525 -
996 3484 1027 3538 ἐν
1045 3482 1073 3538 δ’
1090 3481 1256 3553 ἀμφιάλοισι
1274 3487 1448 3547 Ποτειδᾶνος

170 3560 309 3626 scopolus·
333 3555 458 3609 Isthmiis
481 3556 569 3625 ludis,
593 3557 724 3626 quicum
744 3561 819 3610 certa
838 3556 883 3609 die
903 3560 933 3610 et
950 3555 1013 3625 lego
1032 3558 1165 3643 agantur,
1188 3557 1288 3626 τεθμολ
1307 3555 1447 3627 dicuntur,

171 3630 203 3680 ut
225 3626 366 3698 Olympici
384 3628 419 3681 N.
434 3647 451 3680 x
466 3644 492 3682 aa
512 3660 544 3669 -
569 3636 611 3683 41.
636 3630 816 3701 Πτοιοδώρῳ·
841 3628 941 3682 schol:
968 3632 1092 3695 Τερψιου
1115 3627 1237 3696 ἀδελφὸς
1260 3625 1447 3720 Πτοιόδωρος,

170 3700 218 3752 καλ
238 3697 363 3768 Τερψίου
382 3699 433 3770 μὲν
452 3702 552 3764 παῖδες
568 3698 706 3769 Ἐρίτιμος
724 3702 772 3753 καὶ
792 3702 980 3768 Ναμερτίδας,
1000 3699 1180 3766 Πτοιοδώρου
1199 3696 1230 3751 δὲ
1247 3697 1394 3766 Θεσσαλός,
1413 3719 1447 3754 ου

170 3769 882 3912 twattttu“tutularttdtat
904 3767 1222 3896 ttttu'ttttlttt
1237 3768 1447 3896 {sluaa

170 3911 318 3967 Isthmicas
345 3913 507 3981 Ptoeodori,
530 3913 659 3968 Thessali
685 3913 787 3983 patris,
810 3918 840 3968 et
864 3913 959 3967 fratris
983 3913 1042 3966 eius
1065 3910 1290 3982 patrueliumque
1314 3911 1447 3967 victorias

171 4000 269 4038 canere
288 3983 385 4053 velim,
405 3985 491 4039 etiam
510 3985 639 4055 longiora
658 3985 783 4039 carmina
802 3987 954 4054 sequentur
978 4017 1010 4024 -
1037 3990 1079 4038 43.
1103 3982 1184 4037 ὅσσα·
1209 3982 1386 4037 exclamandi
1405 3984 1447 4038 vis

170 4054 324 4109 subtilitati
338 4055 421 4109 huius
436 4056 490 4110 loci
504 4057 596 4110 minus
612 4060 680 4126 apta
698 4059 742 4110 est
760 4074 846 4125 quam
864 4055 997 4110 relativa:
1017 4071 1199 4124 quaecunque
1214 4071 1273 4122 vos,
1292 4054 1448 4110 Ptoeodore

170 4126 288 4197 'l'erpsia
306 4126 435 4195 Eritime,
461 4127 578 4198 Delphis
604 4132 633 4182 et
658 4128 782 4182 Nemeac
806 4126 1002 4197 praest'tistis,
1029 4130 1087 4179 tam
1113 4125 1203 4179 multa
1223 4128 1301 4193 sunt,
1321 4129 1364 4194 ut,
1384 4144 1447 4181 cum

170 4197 240 4251 mihi
265 4200 440 4253 numeranda
465 4200 535 4267 sint,
560 4201 595 4254 de
622 4199 803 4253 multitudine
829 4201 961 4253 decorum
986 4201 1090 4253 certem
1116 4214 1206 4266 neque
1226 4201 1332 4252 certum
1352 4215 1447 4252 eorum

169 4286 314 4323 numerum
343 4269 434 4340 magis
464 4288 549 4340 quam
580 4272 747 4325 harenarum
778 4271 863 4324 maris
893 4286 995 4340 ponere
1026 4268 1139 4339 possim.
1183 4269 1302 4323 Datirus
1334 4267 1447 4324 πολέσιν

170 4339 284 4409 ambigo
308 4343 401 4395 utrum
426 4342 551 4397 neutrius
577 4342 688 4414 generis
714 4343 752 4396 sit
777 4340 899 4409 (πολέσιν
925 4340 993 4395 ὄσσα
1019 4340 1209 4409 όιριστεόσατε)
1236 4357 1273 4394 an
1298 4340 1447 4394 masculini

168 4410 292 4477 (πολέσιν
315 4413 474 4482 derasam,
494 4432 549 4483 quo
572 4414 738 4483 quibuscum
761 4416 846 4483 poeta
864 4415 953 4466 certet
972 4411 1145 4484 significetur
1164 4443 1198 4452 -
1218 4417 1259 4466 sl.
1284 4410 1393 4480 χόρτοις
1416 4411 1447 4465 ἐν

169 4482 292 4608 λέοῦτος·
313 4482 341 4537 in
355 4485 467 4554 pascuis
482 4486 615 4541 Nemeaei
630 4485 732 4551 leonis,
752 4486 786 4540 ef.
801 4485 835 4539 N.
851 4504 878 4537 vr
893 4500 918 4538 -rr
941 4516 971 4524 -
991 4490 1033 4538 46.
1053 4492 1173 4538 ποντιᾶν
1187 4481 1294 4550 ψάφων
1309 4482 1446 4550 ἀριθμόν·

168 4570 204 4610 0.
246 4573 288 4609 ,ΙΙ
304 4572 349 4608 los.

243 4632 286 4680 47.
305 4627 543 4683 enumerationem
557 4629 737 4683 victoriarum
754 4627 947 4697 Xenophontis
966 4627 1081 4695 eiusque
1101 4625 1227 4680 familiae
1246 4622 1397 4692 abrumpit,
1412 4638 1447 4676 ne

170 4697 297 4760 modurn,
321 4698 369 4766 qui
393 4699 526 4769 cuiusque
546 4700 586 4754 rei
605 4701 650 4767 sit,
670 4699 895 4769 transgrediatur
914 4704 943 4753 et
961 4703 993 4752 ut
1012 4699 1048 4752 ad
1067 4697 1182 4768 publica
1201 4696 1302 4748 decora
1321 4692 1447 4749 Corinthi

168 4770 298 4823 mussat
316 4800 349 4809 —
369 4774 411 4826 48.
431 4772 546 4843 respicit
558 4771 671 4827 Hesiod.
687 4788 742 4841 opp
757 4789 794 4823 au
810 4770 896 4840 μέτρα
911 4770 1117 4839 φυλάσσεσθαι·
1137 4766 1234 4835 καιρὸς
1252 4765 1280 4820 δ’
1303 4766 1347 4820 ἐπὶ
1361 4775 1448 4820 πᾶσιν

169 4838 282 4907 ἄριστος
304 4871 338 4880 -
362 4850 472 4911 νοῆσαι·
499 4843 685 4911 intellexisse,
710 4843 822 4911 quando
845 4843 946 4896 modus
969 4840 1124 4911 completus
1148 4840 1198 4905 sit-3
1218 4839 1252 4893 of.
1273 4838 1301 4893 l'.
1322 4858 1348 4892 rx
1368 4854 1394 4894 ιυ
1412 4869 1447 4877 -
