3442 5550
221 434 346 489 LXXXII
725 434 1001 489 Proneoouunn.

221 600 282 663 bus
306 622 389 664 unus
414 598 586 683 ephedrus,
614 597 669 684 qui
697 597 915 663 adversarium
938 618 1005 662 non
1027 598 1177 682 duxerat,
1204 601 1380 681 supererat.
1425 596 1497 662 lam

221 705 316 790 plane
345 728 482 791 aequum
511 708 595 789 erat,
622 710 660 769 ut
687 704 827 789 primum
856 709 995 788 quatuor
1022 705 1113 789 paria
1139 704 1353 787 luctarentur,
1387 704 1501 769 deinde

223 813 325 879 altera
348 813 477 879 sortitio
501 814 593 877 fieret
612 816 752 896 quatuor
771 812 886 876 borum
905 811 1064 876 victorum
1084 815 1116 876 et
1135 811 1275 896 ephedri,
1299 816 1367 876 tum
1387 834 1500 876 rursus

223 919 286 984 duo
305 920 398 1005 paria
416 920 705 1004 committerentur,
724 941 788 1003 quo
808 918 895 983 facto
909 917 1025 983 horum
1039 918 1179 984 victores
1193 920 1256 984 duo
1271 942 1345 984 oum
1359 920 1500 1004 ephedro

223 1027 356 1093 ulterius
386 1026 567 1092 sortitionis
600 1025 734 1090 tertium
762 1025 970 1110 sortirentur,
996 1047 1094 1110 porro
1118 1026 1173 1109 qui
1197 1027 1331 1091 eandem
1356 1027 1502 1092 litteram

223 1135 382 1200 duxerant
409 1135 495 1198 inter
523 1157 557 1199 se
585 1137 761 1218 certarent,
787 1137 820 1196 et
848 1133 903 1215 qui
932 1155 969 1197 ex
997 1132 1049 1197 his
1076 1133 1180 1199 victor
1210 1134 1402 1199 discesserat
1427 1156 1500 1199 cum

222 1243 363 1327 ephedro
393 1241 508 1306 tertiae
536 1239 719 1305 sortitionis
748 1239 896 1304 ultimam
923 1261 1066 1325 pugnam
1090 1240 1128 1304 de
1153 1262 1272 1305 corona
1294 1240 1400 1304 iniret.
1447 1239 1501 1306 Sic

222 1349 293 1413 fieri
320 1349 443 1434 potuit,
469 1354 507 1413 ut
531 1349 586 1432 qui
610 1348 651 1412 ad
674 1351 853 1412 extremum
881 1347 985 1412 victor
1013 1348 1272 1431 renuntiabatur,
1305 1352 1420 1432 quater
1448 1348 1502 1413 ad·

222 1456 400 1521 versarium
432 1456 560 1540 vicerit,
591 1477 703 1520 verum
735 1477 776 1519 ne
804 1453 884 1518 illud
912 1455 1053 1538 quidem,
1086 1455 1141 1539 qui
1170 1455 1378 1519 sortitionum
1406 1477 1501 1520 casus

223 1567 311 1647 sunt,
339 1563 506 1629 exclusum
534 1567 617 1648 erat,
643 1567 681 1626 ut
709 1561 765 1646 qui
791 1562 891 1626 semel
914 1566 1041 1627 tautum
1064 1561 1207 1627 luctatus
1231 1567 1329 1646 esset,
1355 1562 1500 1647 praemio

221 1670 377 1736 victoriae
406 1675 584 1735 ornaretur.
631 1668 833 1754 Quamquam
860 1669 914 1735 hic
942 1690 1082 1753 quoque,
1111 1668 1138 1733 si
1167 1670 1364 1754 aequitatem
1393 1669 1501 1734 minus

221 1798 330 1843 severe
355 1779 526 1862 curabant,
551 1775 680 1841 institui
703 1777 824 1861 potuit,
848 1781 885 1840 ut
907 1776 1049 1861 primum
1072 1776 1135 1840 duo
1158 1776 1265 1860 prima
1286 1776 1378 1861 paria
1401 1782 1501 1842 certa·

221 1889 306 1970 rent,
339 1885 452 1950 deinde
481 1884 620 1950 victores
648 1884 784 1948 duorum
812 1883 928 1948 homm
955 1883 1096 1968 parium,
1123 1888 1193 1947 tum
1221 1885 1353 1948 tertium
1380 1871 1440 1969 pbr
1468 1887 1501 1948 et

223 1996 384 2075 quartum,
407 1991 480 2056 exin
505 1990 643 2056 victores
667 1991 756 2056 tertii
780 1991 867 2074 paris
891 1994 923 2054 et
947 1991 1063 2074 quarti,
1086 2013 1183 2075 porro
1206 1990 1343 2055 victores
1363 1991 1500 2056 duorum

220 2098 367 2184 priorum
394 2098 521 2183 parium
549 2103 582 2162 et
610 2099 748 2163 duorum
776 2097 966 2182 alterorum,
997 2099 1037 2162 ad
1066 2102 1245 2163 extremum
1272 2098 1377 2164 vietor
1403 2098 1500 2163 huius

220 2205 308 2290 paris
328 2226 402 2270 cum
421 2205 569 2290 ephedro.
602 2204 712 2269 Etiam
728 2206 860 2269 tertium
876 2204 1003 2269 institui
1018 2206 1135 2289 potuit,
1156 2210 1192 2269 ut
1205 2205 1346 2290 primum
1362 2211 1501 2290 quatuor

220 2312 312 2396 paria
339 2312 633 2394 committerentur,
665 2317 698 2375 et
726 2312 839 2376 deinde
867 2311 1026 2396 ephedrus
1054 2335 1128 2377 cum
1156 2317 1294 2397 quatuor
1321 2312 1500 2378 victoribus

221 2423 361 2503 quatuor
383 2419 513 2483 illorum
536 2418 662 2504 parium
687 2418 836 2504 deinceps
861 2423 1014 2503 certaret,
1040 2419 1090 2483 vel
1115 2420 1143 2483 si
1166 2419 1297 2484 fortuna
1320 2424 1354 2484 et
1376 2419 1501 2484 viribus

221 2526 328 2591 minus
356 2527 485 2591 adiutus
508 2526 667 2611 ephedrus
691 2525 725 2588 in
753 2526 857 2610 primo
881 2525 931 2590 vel
955 2527 1057 2590 altero
1082 2527 1256 2592 certamine
1280 2548 1354 2590 cum
1376 2526 1501 2592 victore

220 2634 318 2719 primi
341 2635 390 2698 vel
415 2633 545 2698 secundi
570 2633 657 2718 paris
681 2632 815 2697 inferior
838 2633 1038 2719 discesserat,
1061 2634 1165 2699 victor
1183 2634 1278 2719 primi
1299 2634 1350 2697 vel
1368 2633 1501 2699 secundi

101 2782 106 2791 ·
219 2741 307 2825 paris
333 2764 405 2806 cum
431 2740 563 2825 reliquis
584 2739 762 2805 victoribus
787 2740 989 2826 singulorum
1012 2741 1139 2825 parium
1163 2740 1313 2824 deinceps
1336 2745 1500 2806 certamen

219 2846 326 2912 iniret.
376 2847 444 2912 lam
474 2848 502 2911 si
530 2847 671 2930 quaeris,
704 2846 836 2930 quinam
865 2870 903 2911 ex
936 2847 988 2912 his
1015 2848 1141 2912 duobus
1169 2846 1219 2912 vel
1249 2848 1354 2912 tribus
1387 2847 1501 2932 modis,

220 2975 359 3038 quorum
389 2955 528 3038 primum
560 2953 716 3018 Krausius
744 2952 896 3038 Olympia
922 2957 998 3040 114,
1030 2955 1163 3019 tertium
1191 2953 1377 3020 Boeokhius
1404 2953 1501 3038 Expl.

217 3060 309 3128 Pind.
325 3062 389 3127 318
410 3062 674 3147 amplectebatur,
696 3061 883 3144 probandus
907 3062 986 3126 mibi
1006 3085 1075 3127 esse
1095 3061 1250 3145 videatur,
1273 3061 1379 3146 primo
1403 3061 1500 3125 modo

219 3168 365 3253 aequitas
390 3170 489 3253 favet,
518 3169 658 3234 secundo
682 3167 732 3232 vel
756 3169 895 3233 secundo
920 3173 953 3233 et
975 3169 1073 3234 tertio
1096 3168 1142 3251 id,
1166 3167 1251 3252 quod
1275 3168 1437 3233 Lucienus
1461 3168 1500 3233 de

217 3276 365 3360 pluribus
384 3275 613 3340 soi-titionibus
632 3274 713 3338 nihil
729 3276 866 3340 rettulit.
896 3275 960 3341 Sed
973 3300 1038 3342 uon
1053 3277 1118 3340 iam
1133 3277 1171 3340 ad
1187 3277 1390 3340 coniecturas
1404 3276 1499 3340 nobis

219 3382 469 3468 confugiendum
484 3388 549 3461 est;
567 3383 643 3447 lites
658 3381 744 3446 enim
759 3382 959 3466 compositae
975 3390 1051 3448 sunt
1065 3384 1191 3448 duobus
1206 3383 1312 3447 titulis
1327 3405 1366 3448 ex
1380 3381 1500 3446 ruderi-

218 3488 279 3552 bus
295 3486 472 3574 Olympicis
492 3489 667 3574 protractis
685 3512 716 3552 n.
735 3492 796 3553 148
811 3489 846 3553 Ρ.
861 3489 1002 3567 Cornelii
1019 3491 1182 3556 Aristonis
1202 3497 1235 3556 et
1252 3514 1283 3554 u.
1301 3491 1361 3556 147
1378 3488 1499 3553 Tiberii

218 3592 344 3659 Claudii
368 3595 443 3660 Rufi
467 3594 578 3682 (Aroh.
598 3594 678 3661 Zeit.
702 3594 814 3682 1818),
843 3618 924 3680 quos
952 3621 1026 3662 curn
1055 3599 1120 3663 iam
1144 3598 1415 3684 Dittenbergerus
1439 3597 1459 3660 l.
1479 3596 1499 3659 l.

219 3700 259 3765 ad
287 3703 510 3786 quaestionem
538 3703 636 3768 istam
664 3703 849 3768 solvendam
874 3704 1091 3791 adhibuisset,
1119 3706 1213 3790 plane
1237 3704 1400 3790 expedivit
1423 3702 1502 3767 Hol-

219 3809 337 3893 werda,
367 3809 464 3875 Arch.
484 3808 562 3874 Zeit.
589 3811 675 3876 1880
701 3835 731 3895 p.
750 3813 820 3875 111.
868 3811 915 3874 Τί.
940 3809 1094 3877 Claudius
1120 3812 1225 3877 Rufus
1252 3811 1355 3898 igitur
1381 3810 1500 3875 dicitur

218 3916 343 3994 πάντας
369 3914 430 4001 μὲν
457 3915 640 4003 ἀνέφεὸρος
667 3916 918 4003 ἕπαγκραιίασε,
947 3922 1025 3996 τοὺς
1052 3922 1195 4004 κλήρους
1221 3929 1291 3996 τοῖς
1318 3917 1500 4002 donaparat-

217 4047 287 4100 τοις
310 4026 420 4110 λαχὼν
438 4014 589 4111 ἀνδράσι,
614 4021 667 4089 ἐπὶ
685 4033 846 4089 τοσοῦτον
869 4022 978 4091 δὲκαὶ
998 4026 1114 4110 ἀρετῆς
1132 4025 1186 4091 καὶ
1206 4028 1365 4110 εὐψυχίας
1383 4020 1500 4109 ἦλθεν,

218 4131 300 4195 ὥστε
327 4130 401 4217 περὶ
429 4142 489 4197 τοῦ
517 4131 684 4216 στεφάνου
712 4132 962 4216 παγκρατιάζων
989 4135 1072 4217 πρὸς
1095 4135 1201 4218 ἄνδρα
1226 4134 1402 4217 λελογχότα
1427 4131 1500 4217 ἐφε-

218 4238 343 4320 δρείαν,
367 4242 489 4303 καλλίω
513 4243 713 4321 λογίσασθαι
736 4248 795 4322 τῆς
817 4240 1117 4325 ψυχῆ9,ὑπεριι1εῖν
1140 4239 1160 4323 ἢ
1184 4250 1242 4324 τῆς
1259 4237 1334 4324 περὶ
1352 4240 1412 4304 τὸν
1431 4238 1503 4305 στί-

218 4368 327 4429 φανον
356 4344 501 4427 ἐλπίδος,
530 4343 700 4410 Cornelius
729 4369 805 4411 vero
830 4348 965 4411 Ariston
994 4346 1161 4432 ἐστίφθην
1184 4347 1367 4433 ἀνίφεὸρος
1387 4344 1503 4431 Ὀλύμ,

217 4472 276 4516 πια
298 4456 487 4539 παγκρατίῳ
510 4465 588 4529 παῖς
608 4453 612 4540 l
633 4455 749 4537 τρισσὰ
773 4452 844 4518 κατ’
865 4454 1055 4520 ἀντιπάλων
1074 4451 1162 4520 ἆθλα
1181 4454 1422 4538 κονεισάμενος,

217 4557 296 4623 ἑπτά
319 4561 382 4645 γάρ
406 4558 440 4623 ἐκ
463 4560 593 4625 παίδων
610 4548 768 4644 Ιπαλάμας
789 4564 891 4645 μόνος
914 4562 975 4627 οὐκ
998 4559 1441 4649 ἀνι’παυσα,1ζευγνύμενος
1464 4560 1499 4625 δ’

217 4666 281 4731 olel
304 4668 429 4743 πάντας
452 4666 713 4751 άπεστεφάνουν.
750 4668 868 4732 'lribus
887 4671 1051 4734 continuis
1071 4668 1354 4734 commissionibus
1374 4674 1502 4753 septem

218 4773 416 4838 adversarios
437 4774 609 4859 Eumenes,
632 4774 792 4859 ephedrus
815 4780 903 4841 sorte
927 4800 992 4842 non
1014 4777 1130 4861 factus,
1153 4778 1280 4843 vincere
1299 4798 1365 4841 non
1383 4775 1504 4862 potuit,

216 4879 280 4941 nisi
303 4880 331 4943 si
354 4886 428 4963 post
457 4882 595 4966 primam
621 4882 826 4946 sortitionem
853 4885 917 4949 tria
945 4885 1037 4970 paria
1060 4884 1362 4964 committebantur,
1384 4881 1501 4949 deinde
