3442 5550
308 394 351 457 90
778 398 926 448 prunam
944 397 1111 448 aerurcu.

306 564 459 623 faciendae
484 565 570 641 quasi
593 565 791 643 praeluderet,
814 564 936 640 perinde
960 565 1052 640 atque
1074 563 1218 623 Horatius
1237 582 1355 623 carmen
1374 582 1406 621 ιν
1425 575 1441 623 ο
1460 565 1591 624 carmini

309 654 456 713 saeculari
479 654 653 729 praeludere
677 654 782 713 veluit.
828 653 914 723 Quod
938 657 1039 712 autom
1062 653 1276 731 Agesidamum
1298 656 1388 728 poeta
1411 673 1437 713 v.
1458 665 1490 712 11
1512 654 1590 713 allo-

308 743 425 819 quitur,
454 742 510 802 hoc
537 743 634 818 lepide
664 742 847 803 Soburidtius
870 742 915 800 ita
938 743 1161 820 iuterpretatur,
1185 745 1221 800 ut
1243 741 1298 801 hoo
1321 761 1441 801 carmen
1464 746 1588 819 poetam

307 835 462 908 tamquam
481 831 648 909 epistolam,
668 852 728 908 qua
747 850 832 890 suam
856 851 976 907 operam
999 832 1197 908 promitteret,
1215 831 1323 890 victori
1345 831 1461 891 misisse
1484 831 1589 894 ducat.

398 921 521 979 Summa
553 921 692 980 carminis
724 925 786 999 est,
818 921 924 980 victori
956 921 1086 981 carmine
1118 923 1274 997 tamquam
1306 920 1430 998 pignore
1463 921 1589 980 futurae

310 1009 423 1087 gloriae
452 1029 527 1086 opus
555 1029 630 1088 esse,
658 1030 748 1087 seque
780 1015 921 1088 paratum
949 1028 1024 1088 esse,
1054 1014 1091 1068 ut
1116 1010 1211 1069 Musis
1239 1009 1453 1069 adiuuantibus
1480 1009 1591 1090 Agesi-

306 1099 393 1159 damo
417 1099 578 1175 epinicium
602 1104 723 1178 pangat.

851 1236 896 1301 De
916 1236 1039 1303 metris.

397 1366 543 1427 Carminis
574 1367 664 1425 huius
695 1368 851 1427 mediocris
882 1369 999 1427 numeri
1028 1387 1149 1445 quoque
1179 1370 1251 1426 sunt
1279 1367 1419 1445 vulgares
1451 1366 1590 1443 dactylo-

309 1456 460 1533 cpitritici.
504 1457 650 1532 Strophae
673 1476 776 1516 versus
800 1457 925 1534 quintus
949 1460 979 1516 et
1002 1462 1112 1535 sextus,
1136 1456 1223 1533 epodi
1246 1456 1360 1534 primus
1384 1460 1417 1525 et
1437 1458 1591 1518 secundus

307 1566 379 1605 num
398 1546 429 1604 in
447 1545 583 1624 singulas
600 1545 737 1622 periodos
761 1546 961 1624 coniungendi
984 1547 1052 1625 sint,
1076 1547 1107 1604 in
1131 1548 1195 1604 tarn
1217 1545 1300 1605 brevi
1323 1544 1452 1605 carmine
1476 1545 1589 1605 diiudi-

308 1636 369 1695 cari
397 1635 511 1711 nequit.
557 1634 643 1705 Quod
671 1639 774 1694 autem
801 1635 957 1711 dactylicis
984 1636 1058 1695 colis
1085 1634 1175 1695 solito
1198 1635 1452 1710 frequentioribus
1475 1634 1506 1692 in
1529 1634 1591 1696 hcc

308 1725 438 1784 carmine
461 1725 551 1800 poeta
573 1742 647 1783 usus
670 1729 723 1802 est,
746 1727 841 1785 utne
864 1726 895 1782 in
919 1724 978 1784 fine
1002 1725 1122 1801 quidem
1146 1724 1335 1800 stropharius
1356 1723 1393 1782 iis
1412 1723 1590 1803 abstineret,

310 1814 366 1873 hoc
390 1834 425 1872 ex
448 1813 573 1873 iuvenili
597 1816 696 1872 aetate
720 1819 751 1873 et
773 1814 895 1874 victoris
919 1817 950 1874 et
972 1819 1078 1892 poetae
1102 1814 1311 1889 explicandum
1329 1832 1391 1873 esse
1410 1816 1493 1888 puto.
1531 1812 1591 1873 Ce-

310 1908 409 1962 terum
432 1903 456 1961 si
481 1903 549 1978 quis
571 1903 603 1961 in
626 1922 736 1978 pompa
754 1903 809 1962 hoc
827 1922 946 1963 carmen
966 1905 1127 1963 recitatum
1146 1922 1209 1963 esse
1228 1905 1361 1961 statuere
1379 1902 1475 1980 malit,
1498 1902 1591 1963 facile

309 1992 446 2050 inanium
469 1996 637 2068 temporum
661 1992 821 2051 intervalla
843 1992 964 2052 definire
987 1993 1106 2069 poterit.

395 2181 512 2247 Ἔστιν
536 2182 729 2267 ἀνθρώποις
752 2182 883 2267 ἀνίμων
907 2185 959 2249 ὅτε
982 2186 1117 2248 πλείστα
1416 2185 1497 2266 Στρ.

397 2298 529 2374 χρῆσις,
553 2291 643 2353 ἔστιν
667 2286 698 2352 δ’
724 2289 893 2372 οὐρανίων
915 2290 1063 2373 ὑδάτων,

397 2396 546 2480 ὀμβρίων
568 2399 699 2461 παίδων
723 2396 871 2480 νεφέλας.
930 2444 935 2483 ,

397 2505 428 2567 εί
450 2499 484 2566 δὲ
509 2505 572 2567 σὺν
595 2506 687 2590 πόνῳ
710 2526 760 2579 τις
783 2500 820 2568 εὖ
844 2498 989 2590 πράσσῃ,
1011 2505 1206 2589 μελιγάρυες
1228 2505 1329 2588 ὕμνοι

344 2628 359 2673 t
398 2607 546 2692 ὑστέρω-ν
569 2608 653 2693 ἀρχὰ
677 2611 786 2691 λόγων
928 2614 931 2623 “

398 2714 542 2781 τέλλεται
566 2715 621 2780 καὶ
643 2717 762 2780 πιστὸν
786 2696 900 2801 ὅρκίον
923 2718 1079 2801 μενιίλαις
1102 2718 1241 2804 ἀρεταῖς.

398 2912 591 2996 ἀφθόνητος
614 2909 646 2975 δ’
671 2906 765 2989 αἶνος
785 2911 1050 2998 Ὀλυμπιονίκαις

398 3017 496 3096 οὗτος
519 3021 674 3102 ἄγκειται.
720 3021 760 3084 τίι
782 3016 843 3104 μὲν
866 3019 1005 3106 ἁμετέρα

399 3134 531 3211 γλῶσσα
554 3130 743 3211 ποιμαίνειν
766 3126 886 3192 ἐθέλει·

330 3254 361 3299 ιο
400 3233 434 3299 εἰι
457 3240 542 3298 θεοῦ
566 3231 598 3297 δ’
623 3233 707 3318 ἀνὴρ
731 3246 852 3317 σοφαῖς
875 3234 976 3299 ἀνθεῖ
995 3237 1216 3320 πραπίδεσσιν
1239 3235 1373 3319 ὁμοίως·
1538 3252 1572 3299 10

382 3446 463 3481 venre
482 3445 585 3480 nircum.
614 3426 698 3480 Inscr.
727 3431 763 3497 τῷ
783 3427 857 3498 αὐτῷ
876 3424 958 3490 τόκος
974 3427 1066 3481 ABD
1088 3460 1117 3467 -
1138 3435 1162 3483 3.
1181 3430 1247 3499 post
1266 3424 1387 3500 ὀμβρίων
1402 3426 1450 3480 vul
1472 3425 1589 3481 cintor-

309 3498 498 3570 pungebatur,
516 3500 582 3566 post
600 3496 712 3551 ὑδάτων
729 3514 837 3551 comma
856 3498 1017 3567 ponendum
1036 3515 1097 3553 esee
1116 3500 1225 3554 monuit
1238 3498 1429 3553 Wilamowitz
1482 3498 1508 3553 d.
1524 3496 1590 3553 lect.

309 3572 378 3626 Gott
393 3568 508 3640 1889!th
522 3587 549 3637 p.
559 3588 571 3623 υ
583 3600 615 3608 -
626 3575 651 3622 4.
667 3566 744 3641 πόνῳ
759 3568 837 3623 codd.
854 3572 883 3622 et
897 3569 996 3623 schol:
1012 3567 1110 3643 μόχθῳ
1124 3571 1267 3625 llemraun
1277 3603 1310 3611 -
1320 3568 1430 3638 προλσση
1444 3569 1591 3638 Hartung:

308 3640 428 3709 πράσσοι
447 3639 554 3705 ABD,
580 3639 713 3708 πράσσων
733 3640 765 3705 0,
791 3639 909 3705 πράσσει
932 3641 1028 3710 Hoyne
1055 3674 1087 3682 —
1114 3640 1262 3712 μελίμαρυς
1285 3641 1388 3696 omisso
1414 3623 1498 3709 dipem
1516 3640 1591 3695 coni.

309 3711 499 3767 Wilamowitz
517 3710 535 3764 l.
550 3710 578 3779 l.,
597 3708 745 3780 μελίγαρνς
763 3711 848 3779 ἀοιδή
867 3712 937 3766 coni.
954 3711 1080 3781 Schmid3
1104 3713 1169 3767 vide
1192 3714 1303 3768 antistr.
1324 3745 1356 3753 —
1376 3718 1400 3766 b.
1420 3711 1495 3781 ἀρχὰ
1513 3713 1541 3767 A
1562 3715 1592 3765 ct

311 3783 412 3839 schol:
432 3783 517 3852 ἀρχαὶ
535 3783 659 3837 BcDa‘
676 3814 712 3821 —
731 3790 754 3836 8.
775 3782 903 3853 ἄγκειται
916 3785 999 3854 Rea:
1019 3782 1140 3853 ἔγκειται
1159 3785 1328 3850 ΔΒο1)Ε;
1347 3783 1382 3838 cf.
1398 3782 1536 3838 O.11n³e
1556 3814 1590 3823 —

310 3862 334 3910 o.
354 3852 528 3924 ποιμαίνειν;
547 3851 712 3921 πορσαίνειν
731 3853 802 3909 coni.
822 3854 930 3909 Hccker
951 3886 980 3895 -
1002 3861 1044 3910 10.
1064 3854 1165 3925 δμοίως
1183 3874 1217 3910 cx
1236 3854 1351 3910 scholiis
1369 3857 1435 3908 rest.
1454 3852 1591 3910 Leutscb:

310 3926 383 3997 ὅμως
402 3922 441 3980 ὧν
462 3926 558 3993 UNO,
583 3942 635 3979 cm.
656 3925 795 3992 ABDE,
821 3925 895 3980 ἐσαελ
915 3928 981 3980 ante
999 3930 1187 3995 πραπίδεσσιν
1206 3927 1270 3981 add.
1286 3925 1391 3980 Mosch.
1407 3923 1506 3993 Tricl,
1525 3927 1592 3996 post

309 3996 498 4067 πραπίδεσσιν
512 3997 577 4051 add.
589 3996 675 4051 ἐσαιεὶ
689 3997 781 4068 Bergk
792 3998 813 4066 ¹;
829 3997 928 4054 schol:
943 3998 1015 4052 κατὰ
1029 3996 1061 4052 δὲ
1075 3999 1208 4071 βούλησιν
1223 3995 1357 4068 δαίμονος
1371 3995 1437 4061 ἴσως
1451 3997 1499 4050 καλ
1514 3997 1590 4069 αὐτῷ

381 4158 570 4194 conunmsnu.
607 4157 633 4194 v.
654 4145 730 4193 1-5.
750 4139 784 4193 cf.
800 4138 834 4192 N.
849 4156 920 4208 n1c;
949 4140 1040 4194 forma
1063 4141 1230 4195 elocutionis
1255 4139 1392 4212 prooemii
1419 4138 1521 4194 similia
1549 4140 1592 4192 cst

309 4214 396 4280 atque
416 4211 567 4281 fragmenti
587 4228 625 4266 iae
644 4242 677 4250 -
697 4216 721 4265 δ.
741 4210 874 4265 τίλλεται·
895 4210 1037 4265 schemate
1056 4212 1205 4267 Pindarico
1225 4212 1398 4282 singularem
1416 4228 1467 4282 pro
1486 4209 1593 4281 plurali

310 4287 476 4353 usurpatum
491 4282 588 4336 dicunt
602 4288 637 4349 (v.
653 4282 689 4335 ud
705 4281 736 4337 Ο.
752 4302 800 4335 vur
814 4286 845 4351 s),
861 4283 910 4336 sed
924 4282 978 4337 hoc
996 4283 1058 4339 loco
1078 4284 1229 4355 singularis
1248 4284 1336 4353 verbi,
1356 4301 1419 4337 cum
1438 4281 1476 4337 ad
1495 4281 1592 4351 singu-

310 4356 400 4409 larem
418 4354 577 4424 praedicati
596 4352 669 4423 ἀρχά
688 4353 785 4408 referri
803 4354 906 4423 possit,
930 4353 1044 4409 facilem
1063 4356 1272 4411 excusationem
1290 4353 1419 4409 admittit
1438 4386 1471 4395 -
1490 4352 1592 4407 πιστὸν

311 4425 408 4496 ὅρκιον
426 4424 522 4495 hymni
542 4424 688 4493 hocloco,
711 4429 743 4478 ut
765 4426 857 4479 πιστολ
881 4434 1018 4496 χορευτᾶν
1041 4426 1177 4497 μάρτυρες
1195 4428 1285 4482 tibiae
1304 4427 1333 4481 P.
1348 4446 1389 4480 πυ
1406 4442 1432 4481 aa
1452 4424 1593 4492 dicuntur,

310 4498 387 4567 quod
404 4501 550 4565 tamquam
568 4495 654 4550 iurati
673 4500 761 4549 testes
780 4514 898 4567 magnas
917 4496 1036 4552 virtutes
1055 4499 1193 4553 victorum
1211 4499 1379 4569 praedicant
1398 4530 1430 4538 —
1452 4502 1476 4552 7.
1495 4493 1592 4566 ἀφθό·

311 4589 394 4639 νητος
411 4569 464 4623 hoc
483 4568 544 4622 loco
564 4567 640 4621 idem
659 4566 737 4621 valet
758 4568 833 4635 quod
858 4567 1001 4638 ἄφθονος,
1027 4568 1151 4625 insidiae
1174 4588 1286 4642 expers,
1312 4571 1422 4641 largum
1449 4566 1592 4623 difficilior

311 4644 355 4695 cst
374 4658 459 4693 causa
478 4639 693 4709 significationis
713 4638 795 4692 huius
810 4638 942 4693 vocabuli
958 4642 989 4694 0.
1004 4660 1053 4693 xm
1068 4658 1101 4708 aa,
1117 4660 1172 4710 qua
1189 4643 1222 4695 dc
1237 4660 1266 4697 re
1281 4659 1331 4696 suo
1346 4641 1408 4696 loco
1423 4640 1592 4694 disseremus

308 4722 344 4751 2-
367 4717 391 4765 8.
412 4711 539 4781 ἄγιιειται
558 4710 687 4764 laudatio
711 4712 857 4779 tamquam
881 4727 991 4765 sacrum
1015 4712 1163 4767 donarium
1181 4717 1226 4768 est
1243 4713 1342 4767 virtuti
1361 4712 1477 4767 victoris
1496 4726 1592 4765 conse·

311 4785 421 4835 cretum
441 4816 473 4823 -
493 4781 527 4835 τὰ
546 4780 609 4851 μίν·
629 4785 760 4835 neutrum
779 4783 814 4835 ad
835 4781 1021 4836 masculinum
1041 4780 1123 4839 αλνον
1142 4785 1255 4855 poetica
1268 4784 1385 4839 licentia
1398 4782 1520 4837 relatum
1536 4784 1593 4849 επις

311 4853 345 4908 cf.
361 4853 393 4909 P.
409 4874 437 4906 vr
456 4871 479 4909 ιι
501 4885 535 4893 -
560 4860 601 4908 10.
626 4854 655 4907 in
679 4853 750 4908 libro
776 4853 929 4923 archetypo
954 4854 1094 4926 scriptura
1119 4856 1149 4911 in
1173 4858 1228 4912 fine
1254 4874 1350 4912 versus
1376 4855 1418 4908 ita
1444 4851 1592 4907 delituisse
