3442 5550
658 1087 812 1140 ΠΤΘΙΟΝ.
832 1084 891 1142 ΙΑ’.

416 1250 817 1336 ΘΡΑΣΥΔΑΙΩι
857 1250 1137 1335 ΘΗΒΑΙΩι

638 1445 738 1496 ΠΑΙΔΙ
757 1446 909 1497 ΣΤΑΔΙΕΙ.

683 1728 860 1799 Strophas.

650 3089 891 3170 Argumentum.

224 3217 448 3296 Thrasydeeurn
461 3219 620 3296 Pythonici
634 3217 730 3278 filium
745 3219 918 3278 Thebanum
935 3219 1082 3295 Pythiade
1099 3222 1139 3280 28
1154 3237 1281 3295 puerum
1300 3219 1407 3298 stadio,

135 3308 282 3384 Pythiade
297 3311 337 3369 33
353 3309 451 3368 virum
466 3309 567 3369 diaulo
582 3308 686 3368 vicisse
701 3309 814 3368 scholia
827 3308 959 3367 tradunt.
983 3309 1121 3386 Namque
1137 3309 1217 3385 qnod
1235 3309 1266 3367 in
1286 3308 1406 3369 scholiis

137 3397 175 3456 ad
197 3397 283 3456 inscr.
307 3401 376 3474 post
399 3397 521 3457 δίαυλον
545 3398 690 3474 scriptum
713 3399 759 3457 est
781 3393 801 3475 ἢ
824 3397 954 3474 στάδιον,
976 3397 1033 3458 hoc
1055 3398 1092 3457 ab
1117 3397 1166 3476 iis,
1190 3397 1243 3474 qni
1265 3398 1321 3457 hoo
1344 3417 1407 3457 car·

135 3486 214 3545 mino
233 3486 359 3546 alteram
378 3487 534 3548 victoriam
553 3487 699 3546 illustrari
717 3486 875 3565 putabant,
895 3507 929 3546 ex
947 3505 1036 3546 versu
1054 3498 1088 3545 49
1108 3487 1324 3563 interpolatum
1343 3506 1406 3546 csse

135 3576 198 3634 veri
224 3576 320 3635 simile
348 3579 401 3635 est.
447 3577 493 3635 Ex
519 3577 648 3636 carmine
676 3576 798 3636 Pindari
826 3577 891 3653 ipso
919 3576 1060 3635 discimus
1083 3579 1199 3652 patrem
1223 3575 1406 3652 Thrasydaei

135 3664 333 3740 Pythonicum
362 3665 502 3742 Olympia
531 3685 621 3726 curru
648 3666 753 3726 vicisse
783 3659 825 3745 (v.
848 3658 907 3747 46).
958 3666 1096 3742 Namque
1130 3664 1224 3723 alium
1257 3665 1407 3740 quendam

135 3773 169 3812 er
187 3755 350 3815 maioribus
369 3756 553 3833 Thrasydaei
571 3754 760 3832 Olympicam
777 3755 867 3814 istam
885 3756 1042 3816 victoriam
1061 3759 1227 3832 reportasse
1247 3754 1406 3830 quominus

134 3862 202 3902 cum
220 3844 370 3904 Boackhio
390 3845 475 3922 Expl.
494 3866 522 3922 p.
542 3856 593 3904 337
613 3847 791 3922 statuamus,
810 3863 913 3904 versus
937 3845 1152 3922 antecedentes,
1171 3844 1223 3921 qui
1247 3844 1407 3920 Pythonici

134 3936 165 3991 et
187 3933 370 4010 Thrasydaai
398 3934 529 3994 solorum
557 3935 738 3994 mentionem
767 3934 895 4012 faciunt,
924 3934 1135 4011 impedimento
1159 3938 1237 3994 sunt.
1282 3934 1406 3994 lamen

134 4021 248 4082 duabus
272 4023 456 4100 Thrasydaei
473 4024 607 4083 victoriis
630 4027 700 4082 utra
722 4028 828 4100 poetao
852 4024 908 4083 hcc
931 4043 1049 4083 carmen
1072 4023 1201 4082 faciendi
1224 4023 1340 4098 copiam
1363 4024 1405 4082 fe·

133 4112 219 4189 cent,
247 4112 332 4173 nobis
360 4114 563 4190 quaerendum
586 4117 640 4172 cst
686 4112 761 4172 Cum
785 4113 865 4172 enim
888 4132 997 4173 corona
1019 4113 1075 4172 hoc
1098 4112 1227 4172 carmine
1252 4111 1405 4170 illustrata

132 4221 159 4261 v.
180 4214 213 4261 14
236 4203 327 4286 tertia
354 4203 459 4262 domus
482 4203 613 4262 victricis
636 4221 698 4262 csse
726 4202 856 4279 dicatur,
883 4205 1046 4278 utrumque
1069 4200 1133 4260 fieri
1155 4203 1268 4278 potest,
1292 4203 1328 4259 ut
1351 4203 1405 4258 aut

131 4310 194 4350 nna
215 4290 342 4352 victoria
364 4291 419 4350 filii
443 4293 519 4352 duae
541 4292 650 4370 patris,
678 4295 733 4351 aut
759 4292 836 4351 duae
860 4290 915 4349 fflii
937 4310 998 4350 una
1020 4290 1116 4367 patris
1138 4290 1258 4350 fuerint.
1304 4290 1403 4365 Atque

130 4383 168 4438 ut
195 4381 321 4441 alteram
348 4381 505 4441 victoriam
533 4381 716 4458 Thraeydaei
743 4381 890 4457 Pythiade
920 4383 960 4441 33
986 4406 1027 4428 =
1052 4382 1115 4441 458
1145 4398 1171 4438 a.
1195 4378 1261 4438 Chr.
1285 4382 1403 4455 partam

130 4469 186 4530 hcc
210 4472 339 4531 carmine
363 4471 509 4530 illustrari
532 4473 683 4549 putarem,
713 4471 845 4547 politicis
867 4470 1035 4531 rationibus
1057 4472 1087 4529 et
1109 4469 1250 4528 interiore
1274 4467 1403 4544 quadam

131 4559 336 4638 similitudine,
360 4581 437 4637 quac
460 4561 539 4619 inter
556 4560 691 4619 fabulam
714 4561 804 4619 huius
823 4559 962 4619 carminis
981 4562 1011 4618 et
1030 4558 1180 4619 Orestiam
1198 4555 1402 4633 Aeschyleam‚

131 4667 157 4708 a.
172 4652 237 4711 458
262 4650 292 4708 in
316 4669 433 4709 scenam
457 4650 642 4727 productam,
661 4650 827 4726 intercedit,
847 4649 918 4708 olim
942 4651 1107 4709 commotus
1131 4666 1197 4706 sum
1217 4640 1310 4727 (Stzb.
1329 4645 1356 4703 d.
1374 4645 1402 4706 b.

130 4738 187 4798 Ar.
210 4741 293 4798 1889
318 4760 337 4815 p
367 4752 399 4797 13
419 4734 480 4820 ss).
522 4739 640 4796 Etenim
665 4741 695 4797 ct
718 4738 883 4798 similitudo
906 4739 965 4798 ista
988 4758 1023 4797 oa
1046 4742 1099 4815 est,
1123 4741 1159 4794 ut
1181 4738 1270 4811 poeta
1292 4735 1405 4811 lyricus
