3442 5550
710 400 869 453 01111111
887 402 923 452 11.
1412 401 1454 464 15

173 572 353 647 argumenta
375 569 466 642 poeta
489 567 625 642 inprimis
649 568 759 643 petivit
780 568 817 626 ab
837 566 917 624 iusto
936 566 1080 644 regimine
1100 567 1194 625 divini
1213 567 1354 645 numidia,
1374 568 1455 643 quod

172 662 203 717 et
229 658 261 715 in
288 658 344 715 hac
371 660 452 715 terra
479 656 567 715 robus
595 657 734 715 humanis
759 677 852 733 aeque
881 657 1050 715 consuleret
1079 658 1110 714 et
1134 656 1168 714 de
1197 657 1323 716 mortuis
1351 675 1453 716 severa

171 746 284 805 iudicia
312 748 468 804 exerceret.
513 745 548 802 In
576 746 728 820 prooemio
758 766 792 804 ex
820 745 914 803 tribus
942 745 1181 821 laudationibus,
1205 745 1284 804 Iovis
1308 746 1453 821 praesidis

172 837 267 912 Pisae,
291 834 428 894 Herculis
452 834 614 893 conditoris
637 835 786 911 ludorum,
806 834 949 892 Theronis
973 834 1103 912 victoris,
1127 835 1249 893 tertiam
1273 855 1453 910 persequen-

172 925 241 984 dam
266 924 322 983 sibi
345 923 488 999 proponit
510 915 618 1004 (1-8).
665 924 729 982 Iam
754 944 772 981 a
795 923 939 981 Theronis
962 923 1138 1001 maioribus,
1168 924 1220 999 qui
1249 927 1318 998 post
1341 924 1453 982 multos

172 1013 290 1073 labores
313 1013 513 1090 Agrigentum
537 1012 641 1071 urbem
669 1013 867 1088 condiderint,
896 1031 980 1071 orsus
1004 1005 1130 1093 (9-19),
1154 1033 1208 1087 pro
1232 1013 1336 1070 futura
1359 1013 1453 1072 felici·

172 1106 235 1161 tate
259 1103 324 1161 eius
348 1102 414 1177 pias
436 1119 538 1177 preces
561 1101 675 1178 fundit,
705 1104 741 1159 ut
764 1102 944 1159 iniuriarum
967 1101 1073 1159 acerba
1095 1102 1239 1160 memoria
1263 1102 1453 1163 oblitteretur

172 1184 323 1273 (13-99),
348 1210 506 1249 aerumnas
530 1190 609 1249 enim
627 1191 806 1266 praeteritas
827 1190 976 1266 praesenti
999 1190 1144 1248 felicitate
1163 1191 1243 1249 vinci
1263 1195 1293 1250 et
1312 1193 1452 1251 adversas

171 1300 219 1340 res
237 1280 374 1339 secundis
397 1279 428 1336 in
452 1279 516 1337 vita
537 1280 669 1338 humana
692 1281 801 1339 mistas
825 1298 900 1355 esse,
924 1279 988 1336 eius
1011 1279 1054 1337 rei
1077 1279 1255 1340 documento
1279 1301 1342 1340 esse
1365 1300 1452 1340 casus

85 1374 88 1378 ’
172 1370 302 1428 filiarum
330 1368 435 1427 Cadmi
467 1372 498 1426 et
529 1369 594 1426 fata
627 1368 865 1428 Labdacidarum
890 1360 1033 1448 (11-49).
1081 1368 1129 1427 Sic
1154 1368 1298 1428 Theronis
1330 1390 1450 1446 quoque

172 1459 306 1518 animum
324 1458 474 1534 praesenti
494 1458 639 1516 1911911119
656 1458 852 1517 victoriarum
872 1455 1097 1532 Olympioarum
1116 1457 1311 1533 Pythicarum
1330 1459 1450 1517 lsthmi·

171 1568 275 1607 carum
298 1547 336 1606 ab
366 1545 491 1605 tristitia
518 1545 612 1624 refici,
636 1566 697 1622 qua
720 1547 865 1605 felicitate
888 1547 973 1604 unice
998 1566 1066 1604 eum
1089 1547 1213 1623 dignum
1237 1566 1315 1624 osse,
1339 1552 1375 1606 111
1398 1549 1451 1624 qui

171 1638 286 1697 divitiis
309 1655 378 1695 cum
402 1635 514 1711 pietate
533 1637 654 1694 fruatur
672 1639 703 1694 et
721 1636 756 1695 de
775 1636 864 1694 rebus
884 1635 992 1694 divinis
1012 1636 1162 1711 sapienter
1181 1637 1292 1695 sentiat
1307 1630 1450 1719 (bo-sa).

171 1726 243 1784 lnde
267 1728 403 1786 veterum
427 1724 609 1800 sapientium
631 1725 950 1803 Pythagoreorumque
973 1725 1116 1802 dogmata
1135 1725 1171 1783 de
1190 1726 1306 1785 animae
1331 1727 1450 1786 immor-

171 1816 290 1874 talitate
314 1817 405 1890 atque
431 1814 637 1892 palingenesia
663 1815 797 1890 exponit:
821 1833 924 1874 severa
949 1815 984 1872 de
1011 1815 1138 1873 mortuis
1165 1817 1244 1890 apud
1271 1816 1382 1874 inferos
1405 1817 1450 1873 iu-

169 1905 248 1964 dicia
271 1904 344 1981 fieri,
367 1903 446 1961 unde
468 1902 540 1961 boui
563 1903 652 1962 beata
675 1904 740 1963 vita
761 1905 911 1980 fruantur,
933 1903 1018 1978 impii
1043 1903 1115 1961 diris
1139 1905 1242 1979 poenis
1266 1905 1450 1983 affligantur,

171 1995 223 2070 qui
251 1997 354 2052 autem
381 1997 427 2050 ter
454 1993 517 2051 sine
545 1993 653 2050 scelere
681 1993 775 2053 vitam
799 1993 981 2070 peregerint,
1005 1993 1042 2050 ad
1067 1993 1181 2053 insulas
1203 1993 1373 2072 beatorum,
1397 1995 1450 2053 ubi

169 2084 276 2143 Peleus
300 2081 430 2140 Oadmus
452 2082 583 2141 Achilles
613 2082 737 2160 degant,
765 2082 953 2142 deducantur
981 2074 1125 2163 (92-91).
1172 2084 1237 2141 Iam
1264 2103 1332 2142 cum
1361 2085 1392 2141 111
1416 2104 1450 2143 90

169 2176 259 2249 poeta
282 2175 372 2248 osset,
395 2171 545 2229 attalem
569 2175 678 2231 sortem
703 2172 795 2229 etiam
818 2172 960 2248 Theroni,
990 2172 1102 2229 homini
1132 2172 1310 2250 iustissimo,
1342 2173 1451 2232 obven-

168 2266 269 2320 turam
296 2279 358 2320 esse
387 2263 601 2337 auguraretur,
630 2260 667 2317 ab
697 2261 812 2319 arcanis
840 2261 930 2319 rebus
952 2261 1073 2338 longius
1101 2262 1313 2336 persequendis
1344 2280 1374 2321 se
1404 2282 1451 2321 re-

168 2354 258 2410 vocat
280 2354 372 2426 atque
405 2350 436 2406 in
469 2369 503 2409 eo
537 2349 715 2426 acquiescit,
748 2352 784 2407 ut
814 2350 932 2409 iuratus
959 2350 1103 2408 Theronis
1126 2350 1255 2410 virtutes
1279 2352 1451 2411 innumeras

169 2439 265 2498 instar
287 2440 469 2497 harenarum
492 2457 554 2497 csse
578 2439 754 2514 pronuntiet
777 2431 940 2520 (99-119).

257 2528 401 2588 Theronis
429 2528 460 2585 in
487 2528 630 2587 honorem
658 2528 806 2587 Pindarus
834 2532 953 2603 praeter
980 2528 1108 2603 epinicia
1142 2527 1175 2588 Ο.
1199 2548 1222 2587 11
1246 2533 1277 2588 et
1299 2548 1334 2587 111
1357 2530 1449 2589 etiam

168 2618 334 2677 encomium
356 2617 452 2693 misit,
482 2617 566 2675 cuius
589 2618 720 2675 frustula
743 2619 869 2676 collecta
892 2616 983 2675 habes
1006 2618 1041 2676 fr.
1068 2629 1117 2676 119
1142 2621 1172 2677 91
1196 2630 1255 2677 119.
1293 2619 1452 2679 Praeterea

168 2708 229 2766 iam
247 2726 325 2765 anno
345 2717 398 2765 494
417 2705 606 2781 Thrasybulo
625 2706 750 2782 eiusque
768 2706 850 2782 patri
866 2707 1035 2783 Xenocrati,
1055 2727 1144 2782 quem
1162 2709 1286 2767 tratrem
1307 2709 1452 2768 Theronis

167 2797 260 2856 fuisse
293 2815 385 2871 supra
422 2795 564 2872 diximus,
605 2795 763 2855 victoriam
792 2795 969 2871 Delphicam
999 2797 1129 2854 carmine
1161 2798 1193 2858 P.
1217 2816 1250 2856 11
1278 2799 1451 2874 gratulatus

169 2888 243 2946 erat.
288 2885 354 2943 Iam
383 2886 452 2943 ante
477 2885 641 2943 Theronem
670 2905 705 2943 911
733 2885 930 2960 optimatibus
955 2885 1073 2944 Siciliae
1098 2884 1240 2962 Olympia
1263 2887 1398 2945 vicerant
1421 2891 1452 2946 et

166 2976 361 3034 monumenta
384 2977 629 3033 consecraverant
659 2973 805 3032 Pantares
831 2975 1008 3033 Menecratis
1037 2973 1077 3032 fil.
1102 2974 1226 3051 Oelous,
1254 2975 1393 3034 Cleandri
1421 2980 1452 3035 et

167 3063 360 3140 Hippocratis
384 3064 581 3138 tyrannorum
609 3057 696 3138 pater
727 3056 768 3142 (v.
792 3063 900 3123 Herod.
926 3082 968 3121 vu
994 3056 1072 3144 151),
1100 3064 1186 3122 cuius
1215 3064 1325 3123 titulus
1354 3084 1451 3140 nuper

169 3150 327 3229 Olympiae
358 3152 499 3212 iuventus
523 3155 568 3211 est
592 3152 695 3231 1111011.
719 3152 792 3210 Ζο11.
821 3154 903 3211 1882
928 3172 955 3209 n.
979 3146 1057 3233 424),
1081 3155 1112 3210 et
1134 3152 1229 3213 Gelon
1253 3153 1374 3230 Gelous,
1398 3154 1451 3229 qui

168 3261 239 3301 cnm
267 3241 313 3301 Ol.
335 3243 374 3300 73
396 3266 437 3288 =
458 3243 522 3301 488
543 3261 569 3300 a.
589 3241 655 3301 Ohr.
679 3241 811 3319 vicisset,
837 3260 963 3300 aeneum
990 3260 1109 3300 currum
1139 3262 1157 3300 a
1186 3242 1312 3303 Glaucia
1335 3244 1451 3301 lactum

168 3323 271 3411 (Arch.
296 3331 369 3391 Zeit.
395 3332 479 3390 1818
504 3351 532 3389 n.
553 3323 618 3411 199)
647 3330 804 3406 Olympiae
835 3330 985 3389 dedicavit
1013 3331 1163 3411 1Ρ1111911
1181 3344 1206 3408 9,
1226 3325 1267 3413 4).
1312 3332 1449 3407 Denique

167 3419 247 3479 idem
265 3420 368 3496 Gelon,
388 3419 526 3479 Hieronis
546 3421 639 3478 frater
658 3421 760 3498 maior,
781 3420 957 3478 thesaurum
978 3420 1134 3496 Olympiae
1154 3421 1331 3499 aedificavit,
1351 3441 1450 3499 quem,

168 3510 249 3585 quod
263 3508 420 3568 manubias
435 3508 732 3587 Carthaginiensibus
747 3510 785 3567 ad
799 3509 943 3568 Himeran
957 3509 1107 3567 detractas
1124 3510 1305 3588 continebat,
1325 3508 1450 3569 Cartha-

170 3591 780 3680 giniensemappellabant(Paus.V119,
802 3610 830 3675 73
854 3600 890 3658 cf.
913 3598 970 3657 Die
993 3599 1235 3678 Ausgrabungen
1254 3620 1290 3658 zu
1310 3597 1451 3676 Olympia

171 3680 336 3770 113999),
360 3707 420 3763 quo
444 3688 585 3747 thesauro
605 3688 696 3747 etiam
715 3688 916 3764 antiquiorem
938 3688 1031 3746 fuisse
1055 3688 1146 3748 (telae
1170 3690 1252 3747 urbis
1275 3688 1451 3749 thesaurum

172 3769 381 3856 (Pausmls,
402 3769 450 3857 19)
474 3797 509 3835 911
532 3777 770 3836 architectonicis
793 3777 911 3836 indiciis
934 3778 1082 3855 colligunt
1105 3770 1147 3859 (v.
1166 3779 1330 3856 Biitticher,
1350 3777 1451 3854 Olym-

110 3940 113 3945 ,
171 3865 223 3940 pia
245 3886 273 3942 p.
293 3859 368 3946 101).

717 3995 762 4061 De
784 3996 908 4062 metris.

261 4133 407 4194 (uminis
425 4135 515 4193 huius
535 4137 650 4194 numeri
670 4140 740 4195 sunt
758 4136 902 4214 paeonici,
923 4135 1032 4211 quibus
1051 4135 1198 4194 similibus
1218 4136 1249 4194 in
1268 4135 1451 4195 carminibus

173 4221 206 4282 O.
222 4244 248 4282 11.
272 4224 305 4282 P.
328 4244 358 4284 1.
380 4224 528 4283 Pindarus
551 4245 624 4284 usus
648 4228 699 4285 est.
747 4226 888 4285 (telorum
913 4225 942 4282 in
966 4226 1022 4285 hoc
1045 4244 1152 4302 genere
1176 4225 1342 4284 carminum
1365 4225 1451 4282 nulla

171 4313 232 4372 fere
255 4313 300 4372 vis
324 4317 382 4391 est,
410 4314 501 4373 unde'
513 4334 548 4372 ea
571 4335 607 4373 ne
631 4315 762 4374 dividere
785 4315 906 4390 quidem
930 4334 1037 4390 operae
1060 4314 1191 4390 pretium
1214 4333 1277 4373 esse
1302 4314 1451 4372 duximus

171 4401 264 4461 Pedes
282 4402 462 4479 principales
481 4407 552 4461 sunt
569 4405 670 4463 cretici
690 4408 720 4463 91
739 4423 867 4479 paeones
886 4404 1000 4479 primus
1020 4408 1050 4462 ot
1069 4408 1205 4480 quartus,
1229 4405 1281 4479 qui
1305 4404 1349 4461 ita
1372 4404 1451 4461 iuter

171 4510 202 4551 se
224 4492 337 4551 similes
361 4496 439 4569 sunt,
463 4495 498 4550 ut
520 4511 607 4568 saepe
630 4494 661 4551 in
685 4494 741 4553 hoo
764 4494 894 4552 carmine
913 4485 1119 4573 (91199911.
1136 4486 1205 4574 11)
1226 4493 1303 4551 alter
1326 4491 1450 4551 alterius

170 4581 265 4640 1199111
284 4581 427 4641 obtineat.
463 4582 608 4642 Bacchios
629 4585 660 4641 et
678 4583 881 4641 antibacchios
900 4602 973 4640 num
991 4582 1108 4641 creticis
1128 4587 1158 4640 et
1176 4582 1341 4658 paeonibus
1359 4584 1450 4655 poeta

170 4670 370 4748 admiscuerit,
394 4670 532 4730 dubitare
555 4671 658 4747 possis.
695 4673 796 4749 Atque
815 4672 961 4750 bacchica,
981 4691 1109 4748 quorum
1128 4671 1210 4748 prior
1229 4674 1283 4729 aut
1300 4668 1450 4746 posterior

154 4759 261 4838 ‚longa
284 4759 315 4817 in
339 4760 413 4818 duas
436 4760 539 4820 breves
562 4762 661 4820 soluta
684 4762 732 4840 sit,
756 4782 790 4822 eo
814 4761 910 4838 magis
934 4762 1114 4837 spernendos
1138 4760 1252 4836 putavi,
1272 4759 1351 4836 quod
1372 4758 1449 4817 hanc

169 4849 323 4909 licentiam
351 4850 382 4907 in
410 4850 545 4928 cognatis
573 4851 697 4927 pedibus
726 4851 830 4911 ionicis
858 4851 949 4909 otiam
979 4854 1048 4927 post
1075 4851 1239 4908 Pindarum
1261 4868 1329 4908 raro
1353 4848 1451 4910 Attici
