3442 5550
217 374 280 438 246
684 374 839 426 ,mansur
858 372 1024 425 seruicia

267 536 321 604 nod
344 539 410 623 μὰν
434 537 454 601 ἁ
478 540 628 620 Σαλαμίς
650 560 686 618 γε
710 533 834 619 θρέψαι
856 546 951 617 φῶτα
973 534 1122 618 μαχατὰν

268 648 417 721 δυνατός.
465 644 500 708 ἐν
528 647 629 730 Τροίᾳ
652 640 712 727 μὲν
727 642 801 707 Ἕκ-

304 776 371 838 τωρ
395 758 539 827 Αἴαντος
562 748 684 815 ἔπτατ’·
709 746 734 815 ὦ

319 860 496 944 Τιμόδημε,
520 855 556 923 σί
580 856 612 921 δ’
638 857 719 922 ἀλκὰ

220 987 251 1032 ισ
270 969 474 1052 παγκρατίου
497 966 668 1048 τλάθυμος
691 963 783 1042 δόξει.

269 1181 421 1266 Ἀχάρναι
446 1177 482 1246 δὲ
505 1183 714 1263 παλαίφατον

272 1288 439 1373 εὐάνορες·
464 1288 545 1352 ὄσσα
570 1285 600 1349 δ’
627 1284 708 1369 ἀμφ’
735 1284 879 1369 ἀέθλοις,

278 1396 495 1480 Τιμοδημίδαι
519 1393 710 1477 ἐξοχώτατοι
733 1391 959 1477 προλέγονται.

272 1504 362 1589 παρὰ
384 1500 445 1587 μὲν
468 1500 663 1585 ὑψιμέδοντι
687 1505 779 1585 Παρ-

319 1619 409 1698 νασῷ
433 1608 592 1691 τέσσαρας
615 1608 646 1684 ἐξ
671 1606 748 1672 δίθ-

319 1724 387 1783 λων
410 1721 504 1793 νίκας
528 1714 692 1799 ἐκόμιξαν·

222 1844 255 1890 20
275 1825 357 1891 ἀλλὰ
381 1828 576 1909 Κορινθίων
599 1822 663 1886 ὑπὸ
688 1834 808 1905 φωτῶν

276 2039 311 2105 ἐν
335 2038 432 2104 ἐσλοῦ
459 2036 607 2113 Πίλοπος
628 2037 748 2112 πύλαις
1307 2040 1388 2119 Στρ.
1409 2032 1446 2099 ε’.

276 2147 360 2212 ὀκτὼ
384 2144 560 2230 στεφάνοις
583 2148 719 2228 ἔμιχθεν
742 2145 818 2226 ἤδη·

278 2251 357 2318 ἕπτδι
380 2251 411 2317 δ’
438 2251 474 2316 ἐν
497 2249 623 2338 Νεμέᾳ,
647 2253 686 2315 τὰ
711 2249 742 2314 δ’
768 2258 853 2317 oinos
876 2250 1013 2334 μάσσον’
1040 2251 1198 2337 ἀριθμοῦ,
1467 2267 1501 2315 et

297 2488 338 2535 14.
359 2478 453 2533 tndto’
479 2478 549 2533 coni.
570 2479 674 2550 Bergk:
699 2480 820 2534 ἄκουσεν
842 2480 922 2537 codd.
952 2512 984 2520 -
1014 2486 1055 2535 lb.
1074 2478 1218 2548 τλάθυμος
1238 2481 1275 2534 B:
1299 2479 1392 2548 θνμδς
1411 2480 1442 2535 D
1468 2510 1500 2521 -

227 2559 267 2607 16.
286 2550 467 2619 παλαίφατον
481 2552 508 2606 Β
514 2551 555 2618 D,
574 2555 749 2619 παλαίφατοι
768 2568 801 2606 ex
820 2551 931 2606 novicio
950 2551 1046 2607 codice
1065 2551 1176 2605 Boeckb
1196 2585 1229 2591 -·
1251 2557 1291 2605 19.
1311 2551 1390 2619 παρὰ
1405 2549 1501 2606 Trici:

224 2630 282 2691 πὰρ
306 2624 372 2678 BD
395 2655 428 2663 -
451 2627 603 2694 παρνασσηί
626 2623 703 2683 ΒΙ),
732 2623 803 2677 conf.
824 2621 947 2677 0.1xle
967 2655 999 2663 —
1024 2629 1066 2676 21.
1091 2625 1203 2685 πόλαιςι
1231 2631 1350 2691 πτυχαῖς
1372 2622 1454 2678 codd.
1473 2624 1502 2677 ei

226 2696 326 2762 schol,
354 2702 463 2764 μυχοῖς,
496 2696 556 2746 tum
589 2693 690 2757 πύλαις
722 2693 792 2748 coni.
817 2693 927 2747 Hecker
955 2726 986 2735 -
1017 2700 1058 2749 ⁶23.
1088 2695 1212 2763 ἀριθμοῦ
1241 2693 1293 2749 Bl:
1323 2696 1438 2767 ἀριθμῷ
1464 2694 1501 2761 D,

225 2770 338 2837 ἀριθμῶ
357 2767 399 2819 Bn
417 2797 453 2805 —

225 2906 321 2979 όριίαν
335 2906 560 2978 προσηγόρευσεν
574 2908 672 2962 εἰπών·
692 2907 825 2971 Μαιοίδος
844 2905 955 2974 οὐρείας
975 2905 1200 2982 ἑλικοβλεφάρου.
1228 2907 1301 2962 κατὰ
1315 2905 1412 2978 λόγον·
1432 2906 1501 2976 αὕτη

226 2982 279 3051 γὰρ
296 2982 464 3049 “Kandane
483 2979 513 3034 ἐν
532 2978 623 3048 όρισσι
643 2980 714 3033 θεὸν
733 2980 841 3047 κήρυκα
855 2979 913 3050 τίχ’
929 2978 1069 3048 Ἐρμην”,
1097 2978 1235 3033 Pindarus
1250 2979 1311 3049 ipse
1325 2978 1456 3034 fabulam
1468 2978 1503 3033 de

227 3053 328 3109 Orione
338 3069 401 3106 oum
411 3069 460 3105 suo
471 3068 540 3105 cane
551 3051 696 3106 Pleionam
706 3056 830 3105 amatam
843 3055 1027 3120 persequente
1039 3050 1067 3104 in
1078 3049 1257 3120 dithyrambo
1270 3050 1415 3116 tractavit,
1425 3050 1504 3105 onius

227 3123 357 3179 laciniam
380 3123 422 3194 (fr.
444 3126 480 3193 ss)
504 3123 612 3177 scholia
636 3127 782 3177 servarunt
811 3155 843 3162 -
873 3129 914 3177 12.
930 3126 1057 3189 νεῖσθαι,
1081 3122 1168 3187 verti;
1192 3122 1226 3175 cf.
1247 3120 1441 3247 Lamproolem
1460 3140 1504 3193 ap.

226 3196 326 3249 Athen.
343 3214 370 3248 rr
383 3214 410 3266 p.
430 3212 485 3249 ιυια
504 3195 539 3249 de
553 3194 728 3249 Pleiadibus:
745 3193 780 3247 αί
790 3213 818 3247 τε
832 3203 969 3257 ποταναῖς
983 3193 1124 3264 ὁμώνυμοι
1138 3193 1281 3249 πελειάσιν
1295 3213 1313 3245 α
1326 3192 1393 3259 θέρι
1408 3198 1505 3249 νεῖσθε

228 3301 260 3309 -
283 3274 322 3320 13.
343 3276 423 3335 φῶτα
442 3264 584 3335 μαγατιίν·
605 3265 639 3321 cf.
655 3265 780 3336 μαχητὰς
799 3265 914 3334 ἔμμεναι
933 3265 1040 3334 ἄνδρας
1054 3266 1133 3320 Hom.
1149 3282 1165 3319 ο
1179 3282 1218 3319 τοο
1233 3297 1266 3305 -
1282 3270 1315 3318 13
1326 3282 1362 3319 ss.
1378 3266 1507 3334 Σαλαμίς

227 3359 257 3410 γε
276 3337 387 3407 θρέψαι
407 3382 412 3391 .
429 3380 434 3390 .
452 3381 457 3391 .
474 3336 602 3406 Ἀχιίρναι
621 3337 801 3407 παλαίφατον
820 3336 963 3404 εὐάνορες·
983 3336 1081 3392 laudes
1101 3338 1217 3390 duorum
1236 3334 1361 3390 locorum
1379 3335 1423 3390 ita
1440 3353 1506 3391 con·

227 3410 385 3474 cinnamus‚
417 3412 448 3461 ut
473 3409 666 3462 Timodemum
695 3408 836 3463 Salamine
866 3409 1028 3475 educatum,
1059 3407 1194 3463 Acharnis
1222 3411 1320 3461 natum
1349 3423 1411 3461 esse
1440 3425 1508 3464 con·

227 3482 358 3546 iciamus3
382 3480 569 3533 Acharnensis
588 3479 767 3534 Timodemus
791 3479 954 3549 perhibetur
976 3480 1006 3533 in
1029 3479 1113 3534 titulo
1132 3479 1226 3533 Attico
1249 3478 1325 3532 cla,
1345 3497 1366 3531 τι
1383 3496 1444 3535 ress.
1473 3511 1507 3522 -

230 3558 271 3606 14.
293 3549 386 3605 ἐπιίϊσ’
407 3552 481 3619 quod
501 3550 577 3604 felici
597 3551 725 3605 acumine
741 3551 878 3620 Bergkins
893 3550 1018 3605 restituit
1032 3555 1061 3604 et
1075 3551 1161 3607 etiam
1176 3549 1206 3603 in
1220 3549 1362 3621 Aristoph.
1377 3567 1439 3605 ran.
1456 3568 1510 3606 ross

228 3622 284 3691 (ἐπί
308 3619 371 3693 νίκη
395 3623 466 3676 ἀίων
488 3639 538 3692 pro
562 3620 637 3689 ἡνίκ’
659 3622 776 3689 ἥκουσα)
800 3622 1003 3676 restituendum
1027 3639 1086 3676 esse
1110 3621 1217 3687 iudico,
1241 3620 1401 3675 illustratur
1423 3639 1509 3677 versu

228 3693 375 3748 Homerico
390 3698 413 3747 Α
428 3710 467 3747 aas
490 3694 533 3747 τοὶ
548 3691 650 3764 (ίπποι)
665 3693 696 3748 δὲ
711 3699 817 3765 πληγῆς
831 3694 940 3756 ἀίοντες
959 3690 1039 3763 ῥίμφ’
1061 3694 1163 3764 ἔφερον
1182 3692 1255 3747 θοδν
1274 3691 1356 3761 ἅρμα.
1385 3692 1510 3765 Egregie

230 3772 323 3819 autem
348 3764 442 3819 iuveni
466 3766 551 3833 poeta
569 3763 714 3819 blanditus
738 3770 793 3834 est,
813 3765 888 3833 quod
914 3782 977 3819 eum
996 3782 1059 3818 eum
1077 3764 1163 3819 Aiace
1187 3764 1270 3819 heroe
1294 3764 1457 3833 composuit
1476 3799 1510 3809 -

231 3842 271 3891 16.
300 3834 494 3905 παλαίφατον·
529 3836 582 3889 hoc
611 3837 754 3891 addidisse
781 3840 895 3906 poetam
927 3836 1066 3906 suspicor,
1101 3835 1176 3904 quod
1204 3835 1397 3889 tharnarum
1425 3840 1511 3892 vetus

230 3908 305 3961 fama
330 3906 397 3973 fuit,
422 3906 636 3962 Salaminiorum
662 3908 750 3961 virtus
776 3925 864 3977 nuper
886 3924 981 3989 pugna
1007 3906 1161 3962 Salaminia
1185 3906 1367 3977 comprobata
1395 3906 1455 3961 fuit
1478 3940 1510 3950 -

232 3985 272 4033 17.
293 3979 360 4033 ὅσσα
380 3977 408 4032 δ’
430 3977 502 4049 ἀμφ’
524 3978 649 4041 ἀέθλοις·
674 3981 748 4047 quod
768 3980 804 4032 ad
824 3979 1112 4045 certam1naattinet3
1137 3978 1171 4032 cs.
1192 3978 1223 4032 Ο.
1242 3995 1305 4032 1102
1324 4009 1357 4019 -
1380 3982 1421 4031 19.
1443 3980 1512 4047 δηι-

231 4048 357 4119 μέδοντι·
386 4050 471 4105 schol.
501 4061 723 4132 nasammonas
747 4051 810 4106 ἀντὶ
832 4059 882 4104 τοῦ
909 4052 1031 4120 ὑψηλοῦ·
1059 4050 1162 4105 rectius
1190 4052 1313 4103 montem
1335 4047 1513 4107 Parnassum

231 4123 313 4175 deum
333 4139 350 4175 a
368 4125 453 4191 poeta
472 4121 540 4191 tingi
559 4122 634 4177 dices
654 4140 687 4176 cx
707 4123 765 4176 alto
784 4122 928 4177 cacumine
948 4123 977 4175 in
995 4121 1158 4176 humiliores
1171 4120 1298 4190 regiones
1314 4119 1515 4178 dominantem

232 4226 264 4234 -
289 4200 330 4246 al.
351 4194 477 4255 Πέλοπος
500 4194 611 4255 πύλαις·
636 4194 762 4248 codicum
787 4194 935 4248 lect-ionem
955 4201 1071 4262 πτυχαῖς
1095 4192 1250 4247 defendunt
1273 4190 1412 4245 similibus
1432 4191 1515 4249 lecu-

231 4264 355 4318 tionibus
378 4262 486 4318 Ιίίνδον
512 4264 543 4318 ἐν
567 4273 684 4334 πτυχαῖς
707 4266 735 4320 P.
755 4285 782 4318 τε
800 4284 837 4329 ra,
860 4267 1008 4333 Κρισαίαις
1030 4273 1148 4333 πτυχαῖς
1166 4264 1196 4319 P.
1211 4282 1238 4316 vr
1254 4281 1286 4318 is.
1325 4264 1362 4316 At
1384 4267 1418 4317 ut
1436 4263 1515 4321 bene

232 4335 374 4390 convalles
389 4338 418 4389 et
432 4335 521 4388 saltus
540 4338 677 4390 montium
692 4337 775 4391 Pindi
790 4340 818 4391 et
833 4336 964 4390 Parnassi
977 4334 1080 4406 πτυχαί
1102 4336 1199 4389 ‘flexus
1214 4333 1344 4388 tortuosi*
1366 4333 1515 4407 dicuntur,

233 4408 274 4461 ita
293 4406 385 4460 minus
404 4407 548 4461 commode
568 4408 659 4478 campi
678 4409 790 4475 Isthmi;
810 4425 864 4476 quo
884 4426 946 4460 cum
961 4408 1086 4475 accedat,
1106 4406 1181 4475 quod
1196 4405 1269 4459 aliae
1284 4422 1313 4459 re
1336 4405 1413 4460 'ones
1427 4406 1515 4464 Pelo·

232 4477 349 4550 ponnesi
372 4478 461 4532 multo
490 4479 583 4547 aptius·
607 4497 691 4547 quarn
716 4480 848 4533 lsthmica
866 4478 993 4541 Πέλοπος
1018 4481 1124 4549 πτυχαί
1144 4478 1287 4544 dicantur,
1310 4476 1321 4529 i
1344 4477 1382 4530 ud
1405 4494 1516 4535 nornen

232 4549 424 4620 recipiendum
439 4550 514 4613 duxi,
533 4552 608 4617 quod
627 4551 725 4604 Isthmi
744 4551 886 4626 proprium
905 4554 949 4603 est
967 4554 996 4604 et
1014 4550 1101 4604 etiarn
1117 4548 1229 4619 Bergkii
1245 4548 1413 4637 applausum
1427 4550 1517 4620 talia

233 4623 303 4675 bene
327 4621 401 4675 enirn
420 4621 574 4675 scholiasta
593 4622 630 4674 ad
649 4622 667 4675 1.
688 4641 708 4674 11
723 4640 748 4677 ro
767 4621 929 4676 Corinthum
948 4622 1103 4690 adlaetae
1122 4625 1340 4687 Πελοποννησον
1358 4620 1443 4687 dicit,
1469 4639 1516 4679 se-

233 4697 313 4748 cutus
332 4693 412 4746 Pind.
432 4692 461 4746 P.
481 4712 508 4744 rx
523 4710 556 4746 aa.
576 4712 624 4745 aar
638 4710 658 4747 a.
679 4693 713 4747 N.
728 4714 743 4745 x
759 4710 783 4747 ar
803 4696 832 4745 et
850 4692 979 4759 Bacchyl.
999 4692 1031 4745 fr.
1052 4709 1063 4746 τ
1083 4688 1104 4745 ὦ
1128 4691 1254 4754 Πέλοπος
1276 4696 1397 4759 λιπαρᾶς
1420 4692 1517 4750 νσίσον

233 4764 388 4832 θεόδματοι
406 4764 493 4817 πόλαι
521 4796 553 4803 -
582 4770 625 4819 24.
645 4765 713 4828 Διὸς
735 4766 823 4833 ἀγῶνι
841 4764 878 4817 ad
902 4762 971 4818 ἑπτὰ
995 4762 1023 4817 δ’
1050 4762 1080 4817 ἐν
1103 4761 1199 4837 Νεμέᾳ
1223 4763 1265 4817 ita
1286 4763 1391 4831 relate,
1419 4768 1452 4817 ut
1477 4766 1516 4821 τὰ

234 4833 261 4887 δ’
288 4834 360 4889 οίκοι
383 4832 502 4905 μάσσον’
534 4837 658 4907 ἀριθμοῦ
682 4834 844 4905 parenthesi
871 4834 1020 4890 interiecta
1047 4851 1107 4891 esse
1136 4834 1244 4890 ducam.
1286 4833 1416 4907 Namque
1441 4853 1516 4897 num
