3442 5550
724 452 882 503 OLYMPIA
901 454 922 504 1.

344 614 466 697 ἄνδρες
489 611 574 698 άμφὶ
597 615 690 698 θαμὰ
713 612 882 699 τράπεζαν.
1338 633 1372 681 25

388 721 471 785 άλλδι
494 724 633 806 Δωρίαν
656 718 720 785 άπὸ
743 723 928 806 φόρμιγγα
950 721 1122 787 πασσάλου

344 825 498 911 λάμβαν’,
522 833 556 891 εί
574 830 608 892 τί
628 850 679 892 τοι
704 831 812 904 Πίσας
834 851 869 892 τε
891 826 946 893 καὶ
973 831 1108 912 Φερενί-
1126 853 1188 895 κου
1211 828 1306 914 χάρις

344 938 425 1000 νόον
447 933 512 998 ὑπὸ
535 934 754 1015 γλυκυτάταις
778 937 877 1018 ἔθτμιε
901 938 1092 1022 φροντίσιν,
1337 955 1371 1002 30

344 1041 398 1106 ὅτε
420 1038 495 1126 παρ’
518 1038 646 1128 Ἀλφεῷ
670 1043 750 1106 σάτο
774 1040 874 1126 δέμας

344 1146 522 1231 ἀκέντητον
545 1147 582 1213 έν
605 1149 758 1234 δρόμοισι
781 1147 948 1234 παρέχων,

343 1255 454 1342 κράτει
478 1250 514 1320 δὲ
537 1254 710 1340 προσέμιξε
734 1256 912 1339 δεσπόταν,

345 1561 557 1644 Συρακόσιον
582 1557 739 1641 ίτιιιοχάρ-

387 1688 453 1749 μαν
475 1666 625 1747 βασιλῆα.
672 1664 802 1748 λάμνιει
826 1661 865 1728 δέ
884 1670 939 1728 ίοι
962 1663 1055 1741 κλέος

343 1770 378 1835 ἐν
401 1770 535 1855 εὐάνορι
561 1774 627 1834 Λυ-

387 1880 449 1942 δοῦ
473 1874 625 1952 Πέλοπος
648 1875 797 1963 ἀποικίᾳ·

343 1993 402 2049 τοῦ
425 1985 632 2068 μεγασθενὴς
655 1982 815 2069 ἐράσσατο
839 2009 910 2067 you-
929 1986 1027 2070 άοχος

344 2093 526 2171 Ποσειδᾶν,
551 2089 622 2155 ἐκεί

385 2222 442 2262 νιν
465 2204 618 2284 καθαροῦ
642 2197 778 2282 λέβητος
801 2197 886 2276 ἔξελε
910 2200 1042 2264 Κλωθὼ

342 2305 496 2389 ἐλέφαντι
520 2306 681 2389 φαίδιμον
705 2301 811 2389 ὧ-μον
835 2304 1043 2390 κεκαδμένον.

340 2407 360 2495 ἦ
385 2412 542 2496 θαυματὰ
564 2413 670 2477 πολλά
692 2411 847 2477 καὶ-τού
870 2436 901 2477 τι
925 2412 979 2477 καὶ
1002 2417 1133 2496 βροτῶν

339 2519 438 2603 φάτις
460 2514 543 2602 ὑπὲρ
567 2520 626 2583 τὸν
649 2518 774 2603 άλα-θῆ
798 2523 910 2602 λόγον’
1332 2537 1366 2583 45

184 2702 190 2706 .
201 2702 276 2710 ..-...-
287 2703 321 2708 ....
331 2703 392 2708 .-.—

254 2810 294 2857 19.
315 2799 382 2857 νόον
400 2800 456 2855 ῦιιο
475 2802 503 2855 Α
531 2833 563 2841 -
594 2808 635 2855 23.
655 2799 823 2869 σνρακόσιον
847 2803 920 2856 Yet
937 2820 963 2858 v.
983 2801 1000 2856 l.
1021 2801 1121 2857 schol:
1150 2804 1342 2869 σνραιιουσίοιν
1362 2803 1456 2871 ABG,

184 2871 355 2941 σνραιιοσίιον
373 2874 403 2927 D
425 2876 454 2926 et
476 2890 501 2925 v.
521 2872 540 2926 l.
560 2871 646 2926 schol.
672 2905 701 2912 —
730 2872 824 2944 διιτοχ.
844 2872 947 2927 lemma
966 2875 1005 2928 B:
1030 2873 1136 2943 ἱιιτιιοχ.
1157 2873 1279 2927 ABOD
1302 2906 1335 2914 -
1359 2880 1401 2929 24.
1427 2874 1457 2929 έν

183 2946 249 3011 ΑΒ,
263 2961 316 2999 οιιι.
334 2945 397 3013 OD,
412 2941 480 3013 παρ’
498 2944 567 3014 Byr.
589 2976 620 2984 -
642 2941 776 3012 ιδάνορος
789 2944 906 3000 DA⁸O⁸
927 2977 957 2983 --
979 2943 1089 3018 έιιοικίᾳ
1110 2962 1134 2999 ι’.
1149 2943 1167 2998 l.
1183 2943 1268 2998 schol.
1291 2977 1323 2984 -
1344 2952 1385 3000 26.
1405 2965 1456 3000 τιο-

184 3018 279 3071 σειδᾰν
297 3015 372 3071 AD:
391 3016 531 3069 τοσειδῶν
550 3015 607 3069 130
623 3046 655 3054 -
676 3012 750 3080 ἔξελε
769 3015 888 3070 Mosch.:
908 3014 992 3080 ἐξεῖλε
1012 3016 1134 3070 ABOD
1157 3046 1189 3055 -
1215 3020 1256 3069 28.
1283 3035 1310 3069 τι
1328 3014 1389 3071 aot:
1408 3018 1457 3070 καί

185 3086 296 3153 (omisso
314 3090 352 3155 τι)
370 3087 398 3141 Β
418 3119 449 3126 -
470 3091 511 3140 29.
532 3084 616 3154 φάτις
629 3085 763 3140 ABOD:
784 3084 890 3155 φρένας
903 3087 982 3157 Epa,
1002 3085 1089 3156 φάτιν
1103 3085 1238 3149 Boeclrh.;
1254 3086 1313 3155 ipse
1328 3087 1456 3158 Mergero

185 3157 252 3213 duce
270 3160 335 3228 post
353 3155 435 3227 λόγον
453 3156 614 3227 interpunxi
635 3187 664 3196 -
686 3159 780 3225 ἀληθῆ
800 3158 924 3212 ABOD
944 3188 977 3198 -

252 3341 294 3390 17.
313 3336 383 3389 ἀλλὰ
455 3332 591 3406 λάμβανε·
612 3337 701 3388 semet
718 3333 811 3405 ipsum
829 3334 874 3389 vel
894 3335 1018 3389 animum
1038 3353 1119 3389 suum
1137 3340 1173 3405 (v.
1187 3340 1211 3403 ι)
1230 3335 1406 3405 cohortatur,
1425 3338 1457 3390 ut

186 3407 274 3476 lyram
292 3407 327 3461 de
347 3406 426 3460 clavo
446 3408 546 3474 sumat,
561 3405 689 3460 imitatus
704 3406 797 3461 locum
812 3405 954 3476 Odysseae
969 3426 1016 3459 vm
1031 3424 1064 3462 er.
1097 3406 1254 3461 Boeclrhius
1269 3411 1298 3460 ct
1312 3406 1456 3461 Disaenius

187 3480 365 3549 argutantur,
388 3494 451 3559 cum
475 3494 508 3531 cx
530 3475 582 3531 hoc
601 3477 663 3532 loco
682 3478 853 3531 concludunt
871 3480 956 3532 antea
979 3477 1070 3560 tibiis,
1089 3478 1195 3559 exhinc
1208 3477 1287 3532 tibiis
1302 3481 1336 3559 ‘et
1354 3478 1456 3560 fidibus

184 3548 398 3675 {correct
412 3547 1070 3702 amurcarumcitocatia
1084 3548 1457 3702 amurcarum

182 3690 210 3746 P.
229 3710 278 3745 vm
300 3708 339 3756 τοι
368 3690 403 3746 de
431 3690 616 3745 reconditrorc
639 3692 763 3760 quadam
786 3692 1017 3763 mterpretatione
1043 3710 1163 3746 nominis
1190 3692 1284 3746 confer
1307 3692 1344 3745 ad
1369 3711 1393 3747 v.
1418 3709 1455 3748 ιον

183 3793 214 3804 -
238 3769 279 3820 18.
303 3762 333 3819 εί
346 3783 373 3818 τι
397 3802 448 3818 ...
472 3761 552 3817 νόον
571 3783 599 3816 τι
617 3763 745 3818 adverbii
766 3762 824 3818 vice
844 3763 970 3834 fungitur
994 3768 1025 3816 ut
1049 3783 1073 3819 v.
1089 3780 1122 3819 rs.
1138 3780 1171 3818 τι.
1209 3763 1243 3816 N.
1263 3782 1291 3816 vr
1310 3778 1329 3817 5.
1368 3763 1454 3818 Thuc.

181 3853 201 3888 ιι
219 3851 256 3903 ιτς
279 3838 402 3891 mentem
424 3836 520 3890 autem
543 3851 624 3888 suam
646 3834 728 3904 quasi
751 3835 896 3889 fecundari
920 3838 949 3888 et
971 3835 1081 3906 impleri
1106 3835 1176 3889 dicit
1199 3833 1369 3889 dulcissimis
1393 3851 1454 3889 seu-

181 3906 323 3961 tentiis-
340 3903 504 3975 Φερινίιιοα·
523 3922 624 3961 nomen
639 3923 711 3976 equo
726 3906 855 3960 Hieronis
871 3923 888 3960 a
901 3906 1017 3961 ferenda
1031 3906 1159 3973 victoria,
1179 3908 1210 3959 ut
1224 3905 1380 3960 Homericis
1398 3907 1455 3961 δθ-

181 3976 309 4047 λοφόροις
331 3976 428 4042 ίιιιιοις
450 3981 483 4047 (λ
507 3982 569 4047 sao),
597 3977 719 4032 inditum
742 3980 797 4044 est;
825 3977 901 4032 idem
923 3995 1024 4033 nomen
1048 3977 1168 4032 occurrit
1196 3978 1225 4032 P.
1249 3996 1279 4029 111
1304 3994 1330 4031 ιι
1353 3982 1383 4031 et
1410 3994 1454 4048 ap.

181 4047 309 4118 Bacchyl.
335 4049 369 4103 fr,
393 4066 405 4103 ο
436 4083 469 4091 -
503 4055 545 4104 2³.
575 4047 766 4118 Συρακόσιον·
795 4049 918 4119 genuina
945 4052 974 4104 et
1002 4048 1145 4120 lapidibus
1173 4048 1337 4103 confirmata
1365 4048 1456 4102 torma

182 4119 309 4187 nominis,
321 4137 377 4245 pro
397 4137 453 4189 qua
471 4137 489 4174 a
504 4119 606 4210 Ionicis
625 4123 655 4175 et
672 4120 774 4202 Atticis
794 4120 976 4202 scriptoribus
992 4121 1184 4188 Συρακούσιος
1199 4119 1453 4174 circumferebatur.

181 4196 276 4314 acii
292 4189 1454 4343 ttt‘tttttrttrtttttttttittttttt¹¹{limittit

180 4334 264 4402 poeta
289 4348 306 4386 a
329 4348 441 4386 nomme
468 4331 581 4404 Pelopis
608 4335 749 4405 profectus
777 4335 814 4388 ad
841 4334 932 4405 princi
953 4334 1027 4389 alem
1053 4338 1163 4404 partem
1191 4333 1322 4388 carminis
1351 4333 1455 4388 transit

179 4406 288 4472 (rs-ar),
307 4420 364 4473 qua
381 4403 509 4458 fabulam
528 4405 563 4459 de
582 4405 694 4477 Pelope,
712 4406 826 4460 Tantali
844 4406 911 4474 filio,
931 4354 1111 4474 geremarum,
1133 4421 1228 4475 rogem
1248 4404 1351 4472 Elidis,
1371 4422 1453 4459 curru

179 4474 307 4530 vincente
327 4479 356 4530 et
374 4475 456 4530 ludos
475 4475 636 4546 Olympicus
657 4477 739 4547 quasi
765 4477 952 4548 inaugurante
971 4480 1119 4532 narrat-
1140 4484 1182 4530 26.
1203 4477 1262 4530 ἐπεὶ
1283 4519 1332 4530 ,.,
1353 4477 1453 4529 κεκαδ-

179 4545 274 4614 μένον
299 4547 431 4618 Pelopem
449 4548 507 4602 iam
525 4551 687 4603 nascentem
706 4548 789 4604 ebore
808 4548 943 4603 candidos
962 4550 1091 4604 humeros
1110 4552 1240 4602 ornatum
1259 4547 1275 4600 i.
1292 4565 1314 4599 c.
1329 4546 1452 4600 humeris

180 4617 293 4672 eburnei
307 4618 408 4673 coloris
423 4619 563 4692 insignem
578 4620 664 4674 fuisse
679 4620 761 4687 dicit·
772 4622 803 4672 ut
818 4620 915 4674 statim
928 4621 964 4675 ab
976 4620 1058 4675 initio
1072 4620 1175 4674 falsam
1189 4620 1294 4671 famam
1308 4616 1452 4672 hominum

180 4692 301 4760 respuat.
331 4690 379 4744 lsti
397 4690 481 4760 enim,
500 4708 570 4760 quos
589 4690 796 4760 Bacchylidem,
816 4691 957 4745 aemulum
977 4691 1100 4759 Pindari,
1120 4694 1246 4745 secutum
1265 4705 1324 4742 esse
1345 4687 1452 4741 scholia

179 4759 307 4839 tradunt,
332 4761 501 4817 Mercurium
519 4763 565 4817 vel
583 4762 703 4830 Rheam,
727 4779 789 4815 oum
809 4763 990 4818 restituerent
1008 4763 1140 4833 Pelopem
1159 4778 1276 4831 puerum
1294 4760 1404 4814 coctum
1424 4762 1453 4813 et

180 4828 344 4894 dissectum,
367 4833 513 4888 humerum
532 4852 549 4888 a
568 4834 665 4889 Cerere
689 4833 745 4887 iam
765 4833 930 4888 devoratum
949 4834 1032 4889 ebore
1056 4832 1230 4905 supplevisse
1250 4829 1453 4886 fabulabantur

180 4932 207 4940 —
232 4907 275 4956 νῦ.
294 4907 437 4973 καθαροῦ·
456 4905 556 4973 nitido,
575 4922 632 4960 non
650 4905 762 4959 sceleris
778 4922 847 4975 puro
867 4938 899 4946 —
