3442 5550
307 438 380 492 Lxx
807 434 1085 487 PROLEGOMENA.

308 602 452 667 studium
485 600 581 666 etiarn
615 604 731 685 postea
763 602 948 683 grassatum
981 596 1040 682 sit,
1077 617 1143 661 uno
1181 595 1328 679 exemplo
1362 594 1592 679 demonstrem,

309 708 424 774 Patavi
448 708 543 773 ludos
566 707 711 773 scenicos
735 730 754 770 a
777 704 917 770 Troiano
937 705 1103 769 Antenore
1126 702 1297 769 institutos
1316 725 1385 767 esse
1405 702 1591 791 ferebant.¹)

659 884 712 949 Dc
741 883 995 949 certaminum
1024 882 1241 971 generibus.

402 1010 591 1077 Certamina
609 1011 759 1075 ludorum
779 1010 953 1074 admodum
971 1008 1062 1074 varia
1080 1013 1172 1072 erant
1190 1029 1295 1091 neque
1314 1007 1425 1072 eadem
1444 1006 1596 1074 omnibus

309 1120 512 1205 {emporibus
532 1122 589 1183 aut
607 1117 688 1183 locis
707 1117 947 1182 exercebant-ur.
984 1114 1093 1202 Atque
1112 1114 1254 1199 primum
1273 1114 1415 1179 breviter
1431 1137 1592 1199 exponere

308 1228 409 1312 iuvat,
428 1248 510 1311 quae
528 1225 705 1291 certamina
721 1223 874 1310 mythicis
891 1222 1093 1310 temporibus
1110 1222 1144 1287 in
1159 1244 1219 1286 usu
1234 1221 1364 1286 fuerint.
1396 1219 1435 1286 In
1450 1221 1593 1289 Patrocli

310 1333 414 1420 igitur
444 1332 557 1396 funere
590 1329 642 1418 (Il.
661 1349 749 1395 xxm
769 1327 968 1417 atr-sal)
1000 1329 1097 1394 duces
1125 1328 1203 1394 belli
1226 1328 1360 1393 Troiani
1387 1330 1593 1413 equestribus

312 1440 412 1527 bigis,
432 1439 598 1526 pugilatu,
620 1440 721 1521 lucta,
743 1460 853 1522 cursu,
876 1458 987 1524 pugna
1010 1441 1144 1521 armata,
1167 1435 1266 1521 disco,
1289 1437 1485 1523 sagittando,
1508 1437 1594 1504 iacu-

313 1547 410 1611 lando
429 1547 514 1611 inter
533 1569 567 1611 se
587 1545 765 1611 certabant.
802 1544 911 1629 Atque
931 1543 1016 1630 bigis
1039 1543 1088 1607 illi
1108 1544 1286 1627 certabant,
1309 1544 1386 1629 quia
1404 1543 1500 1610 duces
1519 1544 1597 1609 belli

316 1653 481 1740 quadrigis
504 1653 569 1718 nisi
591 1651 800 1736 interpolatis
824 1651 970 1716 versibus
993 1648 1140 1737 Iliadis¹)
1168 1651 1219 1716 usi
1247 1673 1317 1716 osse
1345 1673 1411 1716 non
1434 1650 1598 1737 feruntur,

316 1765 442 1826 armata
461 1782 537 1824 vero
556 1780 666 1846 pugna
685 1755 899 1845 (ὁπλομαχία)
922 1758 988 1822 iam
1006 1757 1150 1823 Homero
1169 1760 1210 1824 ob
1233 1757 1378 1843 pericula
1396 1758 1492 1842 vitae,
1515 1782 1597 1843 quae

313 1869 349 1934 in
372 1867 504 1953 proeliis
524 1871 638 1932 contra
656 1867 778 1952 hostes,
800 1889 866 1931 non
890 1870 998 1931 autem
1021 1865 1055 1929 in
1079 1865 1203 1931 ludicro
1228 1865 1403 1931 certamine
1427 1865 1517 1931 obire
1540 1866 1598 1929 ho·

314 1976 417 2041 mines
435 1974 537 2038 fortes
557 1974 693 2058 deceret,
712 1973 818 2038 minus
838 1973 988 2058 placebat
1004 1977 1037 2036 et
1055 1994 1130 2037 mox
1149 1995 1282 2057 prorsus
1300 1973 1335 2038 in
1354 1974 1599 2039 desuetudinem

314 2082 405 2146 abiit.
441 2080 553 2145 Etiam
577 2102 653 2145 areu
678 2079 873 2165 sagittisque
896 2084 1019 2144 certare
1039 2078 1154 2144 Graeci
1177 2080 1244 2145 iam
1263 2079 1425 2165 Odysseae
1446 2081 1600 2166 tempori-

316 2190 374 2253 bus
408 2186 542 2251 desiisse
571 2185 734 2272 videntur,
772 2192 857 2251 certe
886 2184 1061 2269 Phaeaces,
1097 2186 1245 2269 quamvis
1272 2184 1385 2251 Ulixes
1421 2187 1600 2274 sagittandi

313 2294 548 2381 peritissimum
568 2315 602 2359 se
621 2293 768 2379 iactaret,
786 2316 863 2358 arou
882 2298 1005 2358 certare
1023 2292 1208 2379 noluerunt,
1231 2294 1317 2378 quod
1335 2296 1445 2360 nescio
1464 2318 1506 2360 an
1525 2294 1600 2361 inde

314 2401 439 2467 factum
458 2401 512 2485 sit,
530 2402 616 2484 quod
635 2405 712 2485 post
729 2400 896 2467 heroicum
916 2423 1030 2465 aevum
1049 2422 1124 2465 arcu
1149 2422 1294 2487 pugnare
1313 2402 1419 2489 magis
1437 2402 1601 2469 Thracum

317 2513 350 2571 et
372 2508 586 2572 barbarorum
611 2530 708 2592 quam
733 2507 931 2571 Graecorum
953 2528 1024 2571 esse
1047 2508 1233 2591 putabatur.

405 2612 601 2698 Amaryncei
625 2614 658 2677 in
682 2614 794 2678 funere
816 2613 938 2677 Nestor
961 2635 996 2677 se
1019 2614 1135 2678 vicisse
1160 2615 1320 2700 gloriatur
1343 2616 1492 2703 pugilatu
1513 2618 1602 2684 lucta

316 2745 413 2787 eursu
432 2721 535 2805 hasta,
561 2722 631 2785 solo
651 2720 754 2786 curuli
775 2720 951 2785 certamine
970 2742 1005 2785 se
1025 2720 1146 2785 victum
1166 2722 1206 2785 ab
1226 2720 1460 2788 Actorionibus
1479 2723 1601 2789 fatetur

317 2827 366 2917 (Il.
386 2847 472 2892 xxm
490 2826 668 2915 tao-45).
711 2828 873 2892 Phaeaces
897 2849 973 2891 vero
998 2851 1095 2894 cursu
1117 2828 1206 2893 lucta
1229 2828 1315 2893 saltu
1339 2829 1428 2895 disco
1451 2830 1601 2917 pugilatu

317 2941 535 3020 certaverunt,
564 2935 682 3020 quibus
711 2934 852 3019 quinque
881 2935 1112 3001 certaminibus
1142 2957 1208 3000 non
1236 2939 1304 3000 tam
1335 2937 1479 3001 certandi
1503 2960 1601 3022 quarn

317 3043 502 3110 ostentandi
518 3043 624 3129 grat-ia
642 3041 828 3107 saltatorios
843 3046 951 3106 motus
967 3040 1159 3107 addiderunt
1174 3040 1245 3129 (Od.
1256 3060 1315 3105 r111
1330 3044 1394 3108 100
1401 3041 1466 3129 ss).
1499 3044 1601 3110 Porro

318 3150 449 3236 Cypseli
473 3150 507 3214 in
531 3151 614 3215 cista
632 3149 811 3214 Pausanias
828 3167 852 3211 v
869 3152 908 3213 17
932 3148 1083 3213 ludorum
1104 3148 1291 3213 funebrium
1314 3149 1493 3215 certamina
1517 3150 1602 3236 bigis

318 3257 468 3343 pugilatu
491 3257 580 3321 lucta-
599 3257 687 3321 diseo
708 3279 804 3321 cursu
824 3256 910 3321 facta
929 3255 1024 3341 vidit,
1047 3255 1132 3319 idem
1152 3259 1261 3319 autem
1281 3257 1366 3340 quod
1381 3255 1507 3322 Iolaum
1527 3280 1603 3343 qua-

319 3363 420 3450 drigis
444 3364 628 3427 adstantem
652 3385 749 3427 curru
773 3362 888 3427 vicisse
913 3362 1064 3446 opinatus
1088 3367 1148 3447 est,
1172 3362 1251 3426 false
1275 3363 1509 3447 interpretatus
1532 3388 1602 3431 esse

319 3470 453 3533 videtur.
507 3467 620 3551 Neque
653 3468 738 3532 enim
775 3468 830 3533 alii
864 3468 1094 3552 quadrigarum
1126 3473 1282 3551 rectores,
1319 3471 1513 3554 quibuscum
1546 3472 1601 3536 ille

318 3581 465 3659 certaret,
489 3576 624 3639 aderant
642 3598 746 3659 neque
766 3575 857 3639 iuxta
875 3575 953 3660 biga
972 3578 1135 3639 certamen
1155 3574 1322 3661 quadrigis
1341 3576 1485 3640 certandi
1509 3576 1601 3643 locus

320 3690 417 3767 crat3·
432 3682 569 3765 denique
594 3685 719 3746 armato
744 3705 853 3766 eursu,
876 3703 939 3745 non
964 3680 1131 3767 quadrigis
1152 3680 1278 3745 Iolaum
1302 3681 1336 3744 in
1359 3680 1467 3747 Peliae
1491 3684 1604 3751 funere

319 3791 434 3856 vicisse
460 3789 636 3853 scholiasta.
659 3788 749 3851 Pind.
770 3788 794 3852 Ι.
814 3807 823 3851 1
845 3789 888 3852 30
912 3787 1020 3852 tradit.

410 3896 460 3961 Ne
475 3895 600 3961 musica
615 3895 744 3979 quidem
764 3894 942 3960 certamina
957 3895 997 3959 ab
1011 3894 1152 3960 heroicis
1167 3895 1370 3980 temporibus
1385 3898 1490 3962 abeno
1504 3898 1605 3964 fuisse

325 4003 485 4068 llesiodus
506 4026 579 4087 opp.
594 4003 658 4065 eet
679 4005 828 4084 testatur,
852 4001 907 4085 qui
926 4002 1048 4085 hymno
1071 4002 1231 4087 tripodem
1249 4002 1285 4067 in
1308 4004 1394 4069 ludis
1413 4004 1605 4071 funebribus

324 4108 606 4195 Amphidamantis
631 4132 664 4173 se
689 4113 899 4174 consecutum
923 4131 993 4173 esse
1016 4116 1136 4174 narrat.
1176 4110 1324 4195 Denique
1344 4135 1427 4197 qnae
1445 4112 1605 4179 Pindarus

321 4219 356 4283 Ο.
371 4235 394 4281 x
410 4218 541 4281 64-73
561 4218 600 4281 de
619 4216 704 4281 ludis
724 4217 764 4280 ab
784 4215 924 4281 Hercule
947 4221 1024 4300 post
1042 4216 1203 4281 devictum
1224 4216 1372 4304 Augeam
1391 4220 1497 4285 stadio
1516 4221 1607 4286 lucta

320 4324 471 4411 pugilatu
502 4323 668 4410 quadrigis
698 4323 804 4388 iaculo
835 4322 924 4387 diseo
954 4320 1116 4385 institutis
1147 4322 1261 4408 refert,
1293 4345 1491 4409 quamquam
1520 4327 1606 4393 inter

320 4432 508 4498 testimonia
528 4435 638 4496 vetera
655 4431 861 4495 heroicorum
880 4435 1064 4513 temporum
1084 4429 1251 4493 referenda
1274 4452 1345 4495 esse
1367 4436 1401 4496 et
1423 4432 1493 4518 ipse
1512 4456 1608 4520 nego,

366 4552 445 4559 -ι--.

412 4610 438 4677 1)
456 4626 482 4661 v.
498 4606 587 4661 Tacit.
603 4606 697 4661 annal.
713 4625 758 4659 nu
773 4610 816 4658 21.

411 4682 437 4739 ⁸2)
455 4678 487 4732 ll.
503 4698 549 4731 vm
567 4685 616 4731 185
632 4678 686 4733 dcl.
702 4675 890 4744 Aristarchus,
910 4695 937 4729 ur
952 4681 1003 4729 t‘ltl
1022 4675 1152 4744 τέσσαρες
1166 4674 1324 4745 ἀθλοφόροι
1346 4678 1375 4732 in
1393 4679 1606 4736 narmtiunoula

321 4751 434 4806 recenti.
478 4750 508 4803 ln
532 4749 641 4819 Cypriis
667 4753 763 4805 autern
785 4748 883 4802 heroes
907 4746 1052 4816 quadrigis
1075 4749 1208 4801 vehentes
1233 4750 1314 4803 fictos
1339 4766 1411 4817 esse,
1438 4750 1504 4807 inde
1530 4753 1605 4807 effici

322 4821 445 4889 videtur,
469 4821 544 4889 quod
565 4821 695 4877 l‘hilostr.
710 4821 818 4876 Heroic,
837 4824 924 4883 latta
948 4818 1053 4887 Mysios
1073 4821 1168 4874 contra
1191 4818 1303 4873 Aiacem
1324 4821 1358 4875 do
1382 4822 1529 4892 quadrigis
1553 4842 1603 4893 pu-

320 4909 422 4963 gnasse
440 4896 545 4947 narrat.
