3442 5550
610 377 758 429 ιειιιιιιι
778 378 802 429 ι
822 375 891 447 [ιι].
1323 374 1388 439 355

168 541 289 622 μυρίον
312 540 446 623 χρόνον·
470 537 608 623 μελέταν
631 535 667 602 δέ
690 550 865 623 σοφισταῖς
1187 535 1272 602 Ἀντ.
1291 537 1335 621 β’.

168 646 251 721 Διὸς
274 643 363 709 ἕκατι
386 647 577 727 πρόσβαλον
600 647 808 729 σεβιζόμενοι.

115 768 149 815 30
168 750 204 815 έν
226 748 287 835 μὲν
310 753 471 816 Αἰτωλῶν
494 756 647 816 θυσίαισι
671 763 831 836 φαενναῖς

169 859 318 924 Οἰνεΐδαι
342 862 509 944 κρατεροί,

168 964 204 1030 έν
227 961 264 1029 δὲ
289 967 415 1048 Θήβαις
438 966 598 1042 ίπποσόας
618 963 741 1042 Ἰόλαος
1354 984 1388 1030 40

169 1070 266 1157 γέρας
284 1074 360 1155 ἔχει,
380 1074 529 1155 Περσεὺς
548 1069 577 1134 δ’
602 1071 638 1137 ἐν
656 1070 780 1157 Ἄργει,
800 1072 971 1157 Κάστορος
994 1070 1023 1135 δ’
1045 1073 1145 1156 αἰχμδ
1165 1075 1336 1138 Πολυδεύ-

212 1202 286 1263 κεος
308 1176 336 1242 τ’
363 1176 410 1242 ἐπ’
439 1178 580 1263 Εὐρώτα
603 1177 768 1264 ῥεέθροις·

169 1371 238 1438 ἀλλ’
267 1372 303 1437 έν
328 1374 462 1460 Οἰνώνᾳ
484 1375 702 1459 μεγαλήτορες
724 1372 822 1460 ὀργαί
1209 1373 1274 1441 'Em
1293 1375 1336 1461 β’.

116 1498 149 1545 35
170 1483 297 1545 Αἰακοῦ
321 1481 451 1544 παίδων
474 1503 516 1544 τε.
554 1477 605 1545 τοὶ
627 1478 682 1545 καί
705 1484 769 1547 σὺν
792 1482 910 1567 μάχαις
1355 1501 1389 1548 46

170 1586 222 1664 δίς
244 1590 342 1652 πόλιν
371 1588 495 1673 Τρώων
517 1588 660 1673 πράθον,
684 1586 857 1673 ἑσπόμενοι

169 1693 345 1779 Ἡρακλῆι
367 1697 544 1780 πρότερον,

169 1799 223 1866 καλ
247 1804 311 1866 σὺν
332 1799 520 1887 Ἀτρείδαις.
567 1804 624 1866 ἔλα
647 1810 711 1867 νῦν
734 1826 789 1886 μοι
812 1804 966 1868 πεδόθεν.

172 1909 257 1993 λέγε,
280 1911 367 1984 τίνες
390 1909 540 1990 Κύκνον,
563 1910 650 1983 τίσιες
668 1906 808 1994 Ἕκτορα
831 1910 974 1994 πέφνον,

116 2054 327 2062 ——--—-——-

189 2125 232 2174 31.
251 2115 381 2187 κρατεροί
400 2117 497 2172 Trici:
523 2121 656 2188 καρτεροί
671 2119 734 2174 BD
753 2153 785 2160 —
806 2127 846 2175 36.
868 2119 1017 2191 ἑσπόμενοι
1036 2124 1075 2177 B:
1096 2119 1226 2193 ἑπόμενοι
1245 2122 1287 2189 Ι);
1307 2123 1390 2191 ἔτερα·

116 2196 173 2246 θον
192 2187 325 2259 σιτόμενοι
345 2188 416 2245 ocni.
431 2188 536 2259 Bergk3
556 2193 587 2244 at
601 2190 635 2244 cs.
650 2190 670 2245 1.
686 2210 713 2243 ιι
729 2208 761 2246 ιτ.
782 2191 812 2246 Ο.
828 2209 967 2247 ruriam
981 2211 1015 2248 aa.
1035 2193 1064 2248 P.
1080 2213 1107 2246 ιι
1121 2211 1148 2248 ιο
1163 2225 1195 2233 -
1211 2199 1253 2247 37.
1273 2194 1290 2263 ἡ
1309 2199 1393 2264 ακλῆῖ

117 2261 214 2317 Trici:
234 2262 349 2329 ἡρακλεῖ
362 2262 437 2326 BD;
453 2258 584 2328 Ἡρακλεῖ
601 2280 630 2316 τε
649 2258 786 2330 πρότερον
800 2263 872 2318 coni.
887 2263 1016 2335 Hartung
1029 2297 1064 2304 -
1078 2271 1119 2320 38.
1138 2267 1281 2335 ἀτρείδαις
1334 2265 1390 2321 ’ωλι

116 2331 289 2401 ἀτρείδαισιι
309 2333 336 2386 Β
348 2333 378 2386 D
398 2364 429 2371 -
448 2330 591 2387 παιδόθεν
610 2334 639 2388 D
660 2365 691 2373 -

116 2494 165 2530 cur
183 2475 236 2529 hoe
255 2474 380 2545 epitheto
399 2473 487 2528 tibiae
507 2474 658 2546 insignitae
678 2475 747 2543 sint,
771 2475 836 2531 vide
855 2477 892 2530 ad
911 2477 942 2532 0.
962 2497 1000 2531 ιιι
1020 2495 1057 2547 ιι,
1081 2479 1126 2533 cui
1144 2478 1206 2535 loco
1226 2479 1282 2533 iam
1301 2479 1390 2533 addas

116 2546 231 2601 Pindari
250 2548 344 2600 aetate
362 2545 543 2612 Pronomum,
567 2545 713 2601 tibicinem
731 2547 896 2602 Thebanum
919 2549 1118 2618 clarissimum,
1144 2551 1283 2618 floruisse,
1308 2568 1391 2619 quem

116 2618 203 2673 tibias
221 2616 405 2686 multiplices,
425 2616 462 2670 ad
482 2616 575 2671 varias
594 2617 755 2673 harmonias
775 2622 856 2689 aptae
875 2620 1015 2674 iuvenisse
1035 2620 1137 2676 docent
1156 2621 1237 2676 Paus.
1257 2640 1284 2675 rx
1304 2638 1337 2687 ιι,
1357 2638 1389 2677 ιι.

117 2691 181 2745 Ath.
201 2708 248 2743 ιιι
266 2708 293 2759 p.
308 2704 376 2742 aare.
409 2688 498 2742 Menti
518 2693 612 2743 autem
631 2692 732 2760 poetae
751 2708 807 2745 non
825 2690 1040 2746 Homeridarum
1058 2692 1235 2816 rhapsodiae,
1255 2692 1304 2747 sed
1322 2691 1390 2762 lyri-

117 2778 212 2817 corum
231 2759 329 2829 hymni
346 2761 376 2813 et
394 2759 568 2829 dithyrambi
587 2760 809 2816 obversabantur
824 2794 857 2802 -
872 2766 914 2817 28.
934 2772 1089 2833 σοφισταῖς·
1131 2763 1193 2818 nius
1212 2763 1332 2818 nominis
1347 2764 1390 2818 vis

117 2849 135 2886 a
153 2830 265 2887 nomine
283 2839 388 2900 σοφῶν,
407 2848 462 2899 quo
481 2848 499 2884 a
518 2831 639 2886 Pindaro
657 2835 757 2904 poetas
776 2832 929 2903 significari
948 2851 1032 2904 supra
1051 2835 1087 2887 ad
1107 2834 1138 2889 0.
1154 2853 1163 2886 1
1177 2851 1190 2886 a
1204 2834 1390 2915 exposuimus,

116 2902 188 2958 nihil
215 2902 283 2957 olim
312 2900 472 2970 differebat3
500 2902 535 2956 cf.
559 2903 623 2959 Eur.
648 2904 730 2957 Rhoe.
750 2920 789 2957 ιιι
817 2909 915 2976 κῖεινῷ
944 2913 1062 2986 σοφιστῇ
1091 2903 1181 2975 Θρῃκί
1209 2904 1268 2958 scil.
1287 2904 1390 2975 Ὀρφεῖ,

117 2973 227 3029 Aelian.
246 2972 311 3028 hist.
331 2990 376 3027 an.
398 2990 431 3041 11,
447 2992 456 3027 1
472 2983 526 3027 τῶν
546 2972 628 3041 ἱερῶν
646 2978 735 3044 μελῶν
754 2973 891 3043 σοφισταί.
930 2976 969 3030 De
989 2974 1145 3029 coniunctis
1163 2974 1243 3029 tibiis
1262 2979 1291 3030 et
1309 2976 1390 3046 phor-

117 3045 211 3116 minge
235 3048 264 3099 et
286 3043 424 3112 oratione,
451 3062 569 3113 quarum
594 3062 686 3099 rerum
712 3046 797 3100 tertia
822 3046 914 3101 verbis
938 3045 1055 3116 μελέταν
1074 3055 1213 3116 σοφιστῶν
1232 3046 1392 3101 declaratur

118 3117 163 3187 (cs.
184 3116 215 3171 Ο.
235 3135 281 3170 ιιι
301 3119 343 3184 ιι),
363 3115 458 3169 confer
477 3115 507 3170 0.
527 3134 559 3168 111
576 3133 589 3170 s
608 3114 748 3187 φόρμιγγά
767 3137 796 3172 τε
815 3114 1016 3187 ποικιλόγαρυν
1034 3119 1082 3172 καλ
1101 3116 1172 3191 βοὰν
1191 3118 1284 3172 αόλῶν
1302 3116 1392 3173 ἐτέων

116 3207 146 3243 τε
165 3187 248 3242 θέσιν
265 3219 302 3227 -
319 3191 361 3241 29.
383 3186 450 3249 Διὸς
469 3185 546 3241 ἕκατι
565 3186 748 3260 σεβιζόμενοι,
770 3189 845 3257 quod
864 3188 962 3244 heroes
980 3188 1045 3243 Iove
1064 3188 1119 3243 orti
1138 3191 1295 3259 (διογενεῖς)
1313 3193 1391 3256 sunt3

117 3258 157 3315 sic
176 3258 251 3313 enim
268 3258 448 3327 interpretari
473 3257 549 3312 malo
568 3275 653 3327 quam
672 3262 740 3321 Διὸς
759 3257 837 3314 έκατι
856 3277 918 3313 curn
937 3269 1082 3328 σοφισταῖς
1100 3256 1171 3329 πρόσ
1191 3264 1259 3315 αῖον
1278 3260 1391 3314 coniun-

117 3347 183 3403 gere
201 3333 230 3385 et
249 3330 283 3384 tle
302 3329 438 3383 facultate
457 3329 548 3399 poetis
567 3329 703 3384 divinitus
727 3331 804 3386 facta
822 3331 949 3401 accipere
968 3364 1001 3371 —
1021 3336 1063 3386 31,
1085 3331 1168 3386 Οἰνεῖ
1184 3350 1225 3385 αι·
1250 3330 1392 3402 Meleager

117 3403 233 3471 eiusque
258 3401 358 3455 fratres
381 3400 485 3455 honore
509 3400 671 3455 afficiuntur
693 3434 722 3441 -
743 3408 784 3456 33.
809 3402 840 3456 ἰν
858 3401 957 3472 Ἄργει·
981 3421 1038 3456 non
1061 3402 1090 3455 in
1113 3402 1182 3456 urbo
1201 3401 1274 3469 sola,
1294 3403 1344 3456 sod
1362 3402 1391 3457 iu

116 3476 178 3528 toto
192 3490 261 3544 agro
275 3472 389 3542 Argivo,
406 3471 633 3541 quandoquidem
647 3489 765 3544 regnum
778 3473 922 3542 Tirynthia
937 3477 967 3526 et
980 3473 1169 3542 Mycenarum,
1183 3490 1240 3528 nou
1254 3475 1392 3544 Argorum

117 3546 234 3600 Perseus
248 3543 316 3599 olim
330 3543 478 3598 obtinebat
492 3576 525 3583 -
541 3549 583 3599 34.
601 3544 726 3618 Οἰνώνᾳ·
741 3548 834 3599 vetere
849 3545 902 3598 hoc
915 3544 1028 3598 nomine
1043 3544 1152 3598 insulae
1169 3544 1292 3614 Aeginae
1307 3551 1392 3616 poeta

118 3616 205 3672 etiam
223 3615 257 3670 N.
272 3631 347 3669 ιιιιι
367 3632 433 3667 usus
451 3616 507 3680 est;
526 3615 624 3669 eadem
645 3614 772 3684 Oenopia
790 3617 809 3669 1.
825 3635 874 3669 vm
893 3633 917 3670 ar
937 3615 1040 3670 dieitur
1059 3648 1092 3656 —-
1112 3622 1154 3670 37.
1171 3614 1308 3686 Ἡρακλῆι·
1324 3614 1392 3685 πρό-

118 3706 208 3756 τερον,
223 3686 366 3753 Telamon,
386 3687 437 3740 σὺν
452 3683 608 3754 Ἀτρείδαις,
624 3686 797 3754 Aiaxatque
812 3686 928 3756 Teucer;
948 3688 1067 3741 candem
1086 3687 1256 3742 sententiam
1271 3687 1392 3742 artifices

117 3758 217 3830 templi
236 3757 393 3828 Aeginetici
417 3756 559 3811 Minervae
578 3757 667 3810 secuti
686 3760 884 3829 tympanorum
904 3758 933 3812 iu
957 3758 1046 3813 altero
1069 3775 1194 3829 pugnam
1218 3758 1345 3813 Herculis
1364 3761 1394 3813 at

118 3828 290 3896 Telamonis,
314 3829 344 3881 in
367 3827 457 3882 altero
480 3846 604 3898 pugnarn
622 3828 718 3882 Aiacis
742 3832 771 3883 et
789 3829 888 3884 Teucri
912 3834 1009 3884 contra
1027 3830 1163 3885 Troianos
1187 3834 1341 3900 posuerunt
1359 3860 1392 3870 -

119 3906 161 3957 38.
184 3898 320 3955 πεδόθεν·
348 3903 472 3953 veterum
496 3898 743 3969 grammaticorum
769 3900 819 3954 alii
845 3899 897 3955 ἀπ’
918 3902 1017 3971 ἀρχῆς,
1041 3901 1091 3955 alii
1118 3900 1163 3955 ἐπ’
1185 3899 1300 3964 εόθείας
1325 3901 1393 3956 ὁδοῦ

118 3973 167 4027 καλ
192 3970 232 4026 δι’
253 3971 358 4041 ὁμαλοῦ
384 3971 650 4041 interpretabantur.
691 3971 798 4026 Harum
823 3972 1086 4041 interpretationum
1112 3972 1233 4042 priorem
1259 3973 1314 4027 huc
1337 3990 1393 4027 non

117 4043 266 4115 pertinere,
280 4043 338 4096 iarn
352 4059 385 4096 ex
403 4059 435 4097 eo
454 4045 580 4114 apparet,
600 4042 723 4111 quadiu
742 4060 776 4097 ea
795 4059 868 4112 quae
887 4043 1015 4112 sequitur
1031 4047 1111 4113 parte
1131 4043 1262 4098 carminis
1282 4060 1299 4097 a
1317 4044 1392 4125 prin·

119 4113 882 4254 rzezciaraamaaerecreas
897 4114 1394 4255 αῖαῖαιιιυιῖαι

215 4230 220 4239 ·
613 4227 620 4252 ι
1386 4228 1393 4251 ι

119 4257 258 4328 quomodo
281 4257 416 4311 Homerus
439 4255 549 4311 πεδίοιο
573 4259 688 4311 δίεσθαι
707 4256 750 4323 (Il.
770 4276 837 4310 xxru
855 4260 905 4325 ιιι)
923 4260 953 4310 et
970 4254 1080 4310 πεδίοιο
1098 4258 1211 4310 διώκειν
1229 4255 1271 4324 (11.
1290 4275 1339 4308 xru
1358 4258 1394 4323 ιι)

119 4328 204 4397 dixit,
228 4346 264 4382 an
287 4332 319 4382 ut
337 4329 372 4381 de
391 4330 475 4382 humo
494 4328 523 4381 in
542 4327 631 4382 altum
651 4329 750 4382 tendat
768 4332 853 4398 poeta
871 4345 901 4383 se
920 4333 1107 4395 commoueat,
1132 4327 1177 4381 cui
1201 4325 1284 4380 alteri
1308 4327 1393 4380 inter·

139 4399 273 4454 retationi
294 4400 337 4453 vis
360 4399 557 4455 adverbiorum
580 4399 609 4452 iu
633 4431 665 4438 —
689 4404 745 4454 θεν
767 4399 859 4469 magis
883 4401 1013 4453 favet-
1032 4403 1074 4453 38.
1094 4395 1315 4466 τότ’λτρείδαες
1334 4397 1393 4452 scil.

119 4419 279 4542 δσπόμενον
299 4472 333 4526 cf.
348 4472 427 4526 Hom.
443 4488 482 4526 sae
499 4472 550 4526 obv
569 4468 596 4524 δ’
619 4469 706 4524 εἵπετ’
725 4469 871 4534 Ὀδυσσεύς
895 4502 927 4510 -
951 4475 985 4523 39
999 4487 1036 4526 es.
1059 4469 1288 4539 interrogationis
1312 4469 1394 4538 signa

119 4546 186 4613 poet
208 4541 367 4614 χαλκοάραν
389 4546 418 4597 et
442 4542 544 4613 ὄχθαις
568 4542 662 4614 posui,
689 4544 721 4596 ut
746 4545 823 4597 recta
849 4541 975 4596 oratioue
1013 4544 1107 4595 oetam
1126 4541 1168 4594 uti
1187 4539 1341 4594 indicarem
1362 4571 1392 4580 -

120 4621 162 4670 39.
183 4614 218 4669 de
237 4613 257 4668 C
277 4631 328 4669 eno
348 4618 376 4668 et
393 4614 541 4669 Memnone
560 4614 595 4669 cf.
611 4613 642 4668 0.
657 4632 677 4666 ιι
696 4630 729 4668 eo.
758 4613 912 4683 Telephum
931 4613 961 4666 in
1009 4612 1072 4681 ysia
1090 4613 1127 4666 ad
1146 4611 1261 4666 Caicum
1279 4610 1394 4665 flurium

121 4687 158 4742 ab
177 4633 286 4740 Achilie
305 4685 483 4740 vulneratum
501 4701 562 4740 esse
581 4687 679 4740 auctor
697 4684 861 4754 Cypriorum
880 4688 1057 4749 narraverat3
1076 4684 1110 4738 cs.
1130 4685 1161 4736 0.
1181 4701 1209 4735 rx
1228 4700 1260 4736 τι.
1290 4682 1395 4736 Eodem

121 4758 150 4811 in
173 4757 295 4812 carmine
314 4756 450 4826 Cycnum,
476 4756 601 4827 Neptuni
628 4756 730 4823 filium,
757 4774 820 4810 cum
840 4756 961 4811 Graecos
980 4755 1102 4810 'Troiano
1124 4753 1201 4808 litori
1221 4752 1395 4824 appellentes

121 4832 241 4897 arceret,
260 4828 297 4882 ab
317 4829 425 4883 Achille
445 4829 568 4883 occisum
586 4845 646 4882 esse
666 4827 786 4883 relatum
805 4832 867 4883 erat
886 4860 918 4868 —

1130 4914 1185 4970 2³*
