3442 5550
725 414 881 465 OleMPIA
901 416 936 467 Il.

351 570 427 654 ῥοαὶ
451 571 483 636 δ’
509 572 620 638 ἄλλοτ’
646 576 742 639 ἀλλαι

351 678 519 763 εὐθυμιᾶν
541 704 574 744 τε
598 679 677 764 μέτα
701 680 755 746 καὶ
777 685 892 747 πόνων
915 682 948 759 ές
970 684 1095 768 ἀνδρας
1117 687 1206 767 ἔβαν.

261 883 317 948 (35)
354 875 442 939 οὕτω
471 871 507 939 δὲ
530 875 647 959 Μοῖρ’,
671 878 692 941 ἀ
714 902 748 943 τε
771 879 941 962 πατρώιον
1166 877 1231 943 Ἐπ.
1255 878 1299 963 β’.
1346 897 1379 943 do

271 998 306 1044 40
351 980 452 1045 τῶνδ’
478 984 542 1065 ἔχει
565 985 625 1048 τὸν
647 985 700 1048 εό-

404 1112 514 1172 φρονα
536 1092 676 1176 πότμον,
698 1095 844 1176 θεόρ-τῳ
868 1095 932 1157 σὺν
955 1095 1042 1179 ὄλβῳ

352 1192 408 1258 έπί
428 1218 459 1258 τι
482 1194 537 1259 καλ
559 1195 640 1281 πῆμ’
666 1199 737 1280 ἀγει
760 1204 876 1263 παλιν-

403 1302 566 1386 τράπελον
589 1305 676 1392 ἀλλφ
700 1307 823 1392 χρόνῳ·

350 1406 383 1485 ἐξ
406 1405 508 1493 οὗπερ
532 1413 653 1476 ἔκτεινε
678 1416 770 1498 Λᾷον
793 1415 933 1497 μόριμος
955 1414 1029 1488 υίὸς

350 1519 608 1602 συναντόμενος,
632 1518 668 1583 ἕν
691 1516 728 1583 δὲ
753 1524 897 1584 Πυθῶνι
921 1518 1068 1602 χρησθὲν

259 1631 314 1698 (40)
350 1627 561 1708 παλαίφατον
583 1624 742 1692 τέλεσσεν.

270 1836 303 1881 lo
350 1820 461 1884 ἰδοῖσα
485 1819 516 1884 δ’
543 1820 620 1899 ὀξεῖ’
641 1821 794 1906 Ἐριννὺς
1151 1828 1231 1906 Στρ.
1256 1823 1298 1906 γ’.

349 1926 472 2011 ἔπεφνέ
491 1934 545 1991 ‚for
570 1931 634 1992 σὺν
657 1928 883 2016 ἀλλαλοφονίᾳ
905 1928 1001 2011 γένος
1024 1929 1153 2013 ἀρήιον·
1345 1949 1376 1995 75

349 2037 471 2117 λείφθη
495 2031 532 2098 δὲ
558 2034 769 2120 Θέρσανδρος
792 2035 936 2120 ἐριπέντι
962 2040 1123 2101 Πολυνεί-

400 2165 464 2224 κει,
488 2141 576 2218 νέοις
599 2141 634 2207 ἐν
658 2142 792 2219 ἀέθλοις

349 2246 385 2312 έν
407 2247 525 2332 μάχαις
548 2273 583 2313 τε
604 2248 749 2333 πολέμου

257 2365 313 2431 (45)
350 2356 545 2439 τιμώμενος,
565 2355 785 2440 Ἀδραστιδᾶν
808 2357 913 2432 θάλος
936 2356 1068 2441 ἀρωγὸν
1092 2358 1220 2440 δόμοις·
1342 2376 1376 2420 so

268 2480 302 2525 oo
349 2463 430 2527 ὅθεν
453 2461 637 2547 σπέρματος
660 2465 776 2546 ἔχοντα
799 2464 893 2548 ῥίζαν
915 2463 1030 2549 πρέπει

346 2570 405 2633 τὸν
430 2569 661 2653 Αίνησιδάμου

347 2675 518 2759 ἐγκωμίων
541 2699 574 2740 τε
597 2676 722 2761 μελέων
745 2682 852 2761 λυρᾶν
874 2700 909 2741 τε
933 2676 1143 2761 τυγχανέμεν.
1342 2695 1375 2740 so

256 2945 299 2996 et.
319 2939 347 2994 δ’
368 2940 473 2996 BOD:
492 2939 518 2994 τ’
539 2943 567 2996 A
587 2972 618 2980 -
639 2946 681 2996 40.
701 2939 780 2996 τόνδ’
799 2943 822 2996 0
829 2943 836 2973 ¹
856 2974 888 2981 —
908 2948 951 2996 41.
972 2941 1052 3004 ἄλλος
1071 2938 1171 3010 χρόνος
1184 2939 1222 2995 Αί
1237 2973 1270 2980 -
1290 2946 1332 2994 42.
1350 2939 1465 3010 μόριμος

187 3009 281 3066 Tricl:
300 3010 433 3082 μόρσιμος
451 3012 587 3079 ABOD,
605 3015 754 3081 utrumque
773 3017 930 3083 agnoscunt
949 3012 1035 3066 schol.
1061 3045 1092 3051 —
1117 3018 1159 3065 43.
1179 3013 1335 3081 συναντὼμ.
1357 3012 1412 3066 OD
1432 3044 1464 3051 -

187 3087 228 3135 44.
247 3079 372 3137 τέλεσσεν
391 3084 431 3138 B:
449 3081 558 3137 τέλεσεν
577 3083 665 3137 Ado
685 3116 718 3123 -
737 3090 779 3138 45.
800 3085 910 3153 ἐριννὺς
929 3085 989 3138 AB
996 3084 1064 3138 OD:
1085 3083 1178 3150 ἐρινὺς
1197 3084 1227 3137 Ε
1245 3116 1277 3122 -
1297 3089 1339 3137 46,
1360 3082 1464 3152 ἔπεφνε

186 3151 279 3208 Tricl:
304 3152 394 3223 πέφνε
419 3154 537 3223 (πέφνεν
560 3157 599 3218 Α)
622 3156 746 3209 ABOD
770 3188 802 3195 -
826 3160 868 3211 47.
895 3153 967 3209 νέων
991 3155 1063 3209 coni.
1083 3154 1252 3208 Herwerden
1279 3153 1465 3223 probabiliter

187 3254 218 3262 —
238 3230 279 3278 49.
297 3223 446 3293 Ἀδραστιδ.
466 3224 563 3282 Tricl:
581 3224 744 3293 Ἄδραστειδ.
765 3229 825 3281 AB
831 3228 887 3281 01)
902 3260 934 3267 -
950 3224 1048 3296 δόμοιο
1067 3228 1095 3280 Α
1111 3258 1142 3266 -
1159 3232 1202 3281 50.
1223 3225 1323 3295 ἔχοντα
1342 3224 1463 3278 Aristar·

186 3294 252 3348 chus
271 3298 293 3363 (t
312 3315 336 3349 v.
357 3296 453 3367 schol.)
473 3301 502 3351 et
521 3298 722 3367 E²N³P1022
743 3297 832 3368 ἔχοντι
852 3299 1011 3353 ABODE
1018 3299 1035 3365 ¹,
1054 3314 1138 3365 quem
1157 3296 1308 3351 lectionem
1327 3295 1463 3365 Didymus

184 3366 315 3436 probavit
333 3371 438 3437 puncto
457 3372 521 3438 post
539 3365 619 3438 ρ’ίζαν
638 3368 730 3438 posito
752 3402 783 3410 -
804 3377 845 3425 θλ.
866 3375 954 3437 λυρᾶν
972 3390 1047 3439 ton.
1067 3367 1170 3422 omisso
1189 3388 1219 3422 τε
1239 3369 1269 3422 D
1287 3400 1319 3407 —

184 3506 267 3564 ὁπότε
286 3510 351 3564 elici
370 3510 476 3580 nequit,
496 3529 582 3580 quare
598 3512 774 3582 ingeniosam
789 3517 817 3567 et
831 3512 944 3566 facilem
958 3512 1148 3565 coniecturum
1163 3510 1343 3565 Herwerdeni
1358 3507 1463 3578 πότερα

184 3581 373 3651 recipiendam
393 3583 521 3636 duximus
542 3616 574 3622 -
594 3589 636 3637 38.
657 3583 765 3652 ἄνδρας
783 3586 834 3639 hoc
854 3585 915 3638 loco
935 3584 1010 3637 idern
1025 3583 1100 3653 quod
1114 3584 1286 3651 ἀνθρώπους
1305 3581 1463 3652 significare

184 3655 276 3721 patet,
304 3670 377 3723 quae
400 3653 570 3725 significatio
596 3673 652 3709 uon
680 3654 771 3710 solum
799 3657 874 3727 opud
902 3658 1001 3726 poetas
1029 3656 1173 3722 frequens,
1202 3655 1252 3708 sed
1280 3670 1314 3707 ne
1339 3670 1356 3706 a
1379 3668 1463 3722 prosa

183 3723 297 3845 puidem
320 3725 447 3779 oratione
471 3724 565 3779 aliena
588 3729 632 3781 est
655 3759 687 3766 —
712 3734 754 3781 41.
776 3727 850 3797 ἄχει·
874 3744 909 3781 ne
933 3732 964 3780 tu
984 3727 1053 3795 ἄγεν
1072 3725 1268 3795 corrigendum
1287 3741 1348 3777 esso
1367 3723 1463 3792 ducas,

205 3810 272 3848 arca
290 3796 383 3865 gentis
402 3795 629 3850 Emmeuidarurn
648 3802 680 3852 ut
698 3799 859 3868 praeteritis
878 3798 1060 3868 temporibus,
1080 3796 1119 3850 sio
1139 3797 1226 3850 etiam
1244 3813 1318 3850 nuuc
1333 3795 1463 3848 secundis

181 3865 265 3919 rebus
284 3867 417 3921 adversas
438 3867 587 3936 admiscet3
612 3870 646 3923 of.
667 3870 698 3924 O.
718 3890 767 3923 rm
787 3888 825 3926 roo
844 3868 954 3940 δαίμων
972 3867 1117 3940 γενέθλιος
1141 3901 1173 3908 -
1198 3874 1240 3921 42.
1260 3865 1376 3937 μόριμος
1394 3864 1462 3934 υἱός,
1503 3923 1511 3942 ,

182 3936 318 4007 Oedipus,
343 3939 392 4008 qui
411 3942 444 3992 ut
462 3940 619 4009 oraculum,
643 3941 718 4009 quod
742 3942 810 3996 olim
828 3942 896 3996 Laio
915 3941 991 4012 patri
1010 3940 1126 4010 Delphis
1146 3939 1253 3993 editum
1272 3943 1346 4006 erat,
1370 3942 1462 3991 ratum

180 4006 293 4077 feceret,
313 4010 396 4064 fatali
414 4011 442 4064 vi
461 4009 506 4064 vel
525 4012 631 4065 invitus
650 4013 769 4067 adactus
784 4018 827 4068 est
846 4047 878 4054 -
897 4021 940 4067 45.
962 4013 1054 4066 ἰδοῖσα
1073 4010 1101 4065 δ’
1123 4009 1191 4077 ὀξεῖ’
1208 4009 1291 4064 metri
1306 4027 1398 4090 oausu⁴
1412 4027 1462 4078 pro

180 4079 274 4135 ἰδοῖσα
288 4081 338 4147 ὀξὺ
353 4081 459 4135 dietum
478 4085 535 4148 est;
555 4084 677 4138 Iurenka
691 4085 812 4139 eontulit
826 4086 903 4152 ὀξεῖα
917 4082 1050 4155 χρέμισαν
1065 4081 1148 4136 ἵπποι
1161 4082 1226 4135 Hos.
1242 4085 1302 4134 suut
1317 4099 1369 4147 sss,
1389 4080 1462 4134 rllud

180 4151 229 4217 ὀξὺ
244 4153 312 4207 ἰδών
327 4169 361 4206 ex
375 4153 467 4223 priseo
483 4154 532 4220 ὀξὺ
545 4155 640 4209 fidos
653 4160 751 4210 natum
766 4160 817 4211 est.
846 4156 923 4211 Conf.
935 4157 1018 4227 Soph.
1031 4155 1074 4209 Αἰ.
1085 4171 1125 4209 eoo
1139 4155 1182 4208 del
1199 4152 1228 4207 d'
1245 4153 1353 4220 ὁρώσας
1366 4150 1461 4206 πάντα

179 4224 232 4276 τάν
250 4225 360 4295 βροτοῖς
378 4223 461 4294 πάθη
480 4225 584 4295 σεμνὰς
600 4225 717 4296 Ἐρινῦς.
747 4228 849 4281 Furiae
868 4227 940 4281 filios
960 4226 1061 4298 Oedipi
1080 4224 1222 4280 Etooolom
1242 4226 1271 4278 et
1290 4222 1461 4306 Polynioem,

180 4297 212 4347 ut
231 4311 259 4348 se
278 4295 399 4350 invicem
418 4296 622 4365 interficerent,
645 4299 813 4367 compulisse
833 4298 976 4368 dicuntur,
996 4298 1072 4367 quod
1090 4297 1236 4351 Furiarum
1256 4298 1317 4349 onst
1343 4312 1460 4364 rmprum

180 4365 304 4419 animum
327 4367 448 4421 liliorum
472 4385 539 4439 erga
562 4372 672 4439 patrem
696 4369 833 4440 Oedipum
857 4370 1060 4424 ulcisci-47
1081 4366 1460 4435 ss.'lhers1mdrum,filium

179 4436 320 4506 Polynieis
339 4442 368 4493 ot
386 4439 462 4493 filiae
481 4441 604 4508 Adrasti,
624 4459 642 4494 a
660 4458 716 4509 quo
735 4459 822 4523 genus
842 4442 956 4496 Adrasti
981 4442 1072 4495 denuo
1096 4439 1249 4522 pullulavit
1272 4437 1461 4507 (Ἀδραστιδᾶν

178 4507 291 4578 θάλος),
314 4512 344 4564 et
367 4510 558 4582 Epigonorum
583 4516 612 4566 et
637 4512 752 4566 'l'roianr
779 4513 846 4567 belli
872 4513 1040 4583 participem
1063 4512 1150 4565 fursee
1174 4511 1303 4565 ferebant
1322 4514 1357 4578 (v.
1377 4509 1460 4590 lffeus.

179 4596 344 4647 rus,1.1x
364 4598 385 4650 o,
405 4586 436 4650 r),
462 4584 510 4637 sed
535 4600 590 4651 quo
615 4588 741 4653 tempore
766 4585 809 4639 vel
834 4584 895 4639 loco
916 4585 989 4639 idem
1008 4584 1139 4638 ludorum
1158 4581 1313 4637 certamina
1332 4580 1459 4659 subrerrt,

179 4650 252 4704 nihil
270 4650 392 4706 relatum
416 4656 471 4720 est3
495 4671 585 4723 neque
605 4655 663 4708 scio
683 4672 720 4709 an
738 4674 773 4709 ne
792 4656 931 4710 Pindarus
950 4655 1065 4727 quidem
1083 4656 1136 4709 hoc
1156 4651 1459 4732 tradituminrenerrt,

179 4722 229 4845 ped
247 4722 307 4793 ipse
325 4724 446 4793 finxerit,
466 4730 497 4778 ut
515 4729 659 4780 auctorem
677 4728 770 4795 gentis
790 4727 893 4781 bellica
912 4734 942 4783 et
960 4727 1070 4781 ludicra
1088 4725 1173 4780 laude
1187 4725 1323 4779 Theronis
1338 4719 1459 4774 srmrlem

192 4798 293 4849 aoeret.

251 4871 293 4920 50.
313 4867 349 4921 ad
369 4883 413 4921 res
431 4872 593 4938 praesentes
612 4869 695 4942 redit,
714 4870 833 4926 virtutes
852 4870 989 4926 Theronis
1010 4869 1126 4925 victoris
1145 4867 1299 4922 illustrans.
1320 4895 1352 4905 -

303 4964 314 4993 δ
1207 4964 1222 5012 2
1231 4959 1246 4992 ss
