3442 5550
323 406 425 461 XXXII
823 407 1100 459 Pnonuuonaun.

322 571 435 634 modos
459 569 705 654 partheniorum
728 573 761 633 et
784 568 921 654 grandes
950 568 1100 653 periodos
1131 569 1326 650 hymnorum
1350 573 1383 632 et
1406 568 1609 634 threnorum.

322 675 455 740 Etenim
478 675 532 739 ille
557 698 685 760 quoque
708 675 797 738 varia
825 675 973 758 exempla
1000 680 1144 756 secutuS,
1175 674 1209 737 in
1233 674 1305 739 eliis
1330 675 1528 741 carminibus
1556 677 1611 741 de-

325 804 433 846 corem
456 782 664 847 Aeolioorum
687 786 868 867 poetarum,
890 782 924 845 in
944 782 1017 846 aliis
1037 781 1231 867 gravitatem
1250 780 1362 846 Musae
1383 779 1610 848 Stesichoreae

323 889 504 954 aemulatus
525 893 584 953 est.
621 888 770 972 Namque
789 888 880 973 lbyci
901 894 934 952 et
953 888 1167 953 Anacreontis
1192 888 1306 953 molles
1329 888 1420 953 lusus
1444 893 1477 952 et
1496 911 1610 954 nomo-

323 1019 396 1060 rum
423 995 656 1079 dactylicorum
686 995 977 1080 prosodiorumque
1011 995 1290 1079 anapaesticorum
1322 995 1464 1059 ieiunam
1492 1018 1609 1079 aequa-

324 1103 485 1168 bilitatem
509 1124 642 1187 prorsus
665 1107 856 1186 aspemotus
880 1108 937 1168 cst.

412 1210 466 1274 De
494 1209 672 1299 versibus
700 1209 740 1273 in
766 1208 871 1272 iusta
901 1208 985 1273 cola
1016 1230 1090 1297 non
1124 1208 1352 1273 dividendis.
1403 1208 1493 1274 llaec
1520 1216 1610 1293 post

324 1296 478 1401 quam-in
502 1318 686 1382 universum
710 1316 748 1379 de
772 1306 846 1380 arte'
866 1314 1037 1380 Pindarica
1059 1315 1196 1380 metrica
1218 1315 1356 1399 praefati
1385 1338 1514 1400 sumus,
1540 1317 1609 1381 iam

324 1428 451 1508 tempus
475 1429 540 1505 est,
570 1428 606 1488 ut
630 1424 670 1488 ad
699 1423 814 1487 arduas
844 1422 1049 1505 quaestiones
1078 1422 1116 1486 de
1145 1423 1291 1487 versibus
1315 1423 1444 1487 Pindari
1473 1423 1507 1487 in
1535 1424 1610 1488 cola

323 1531 502 1595 dividendis
526 1536 737 1595 transeamus.
779 1527 925 1594 Primum
948 1535 1057 1593 autem
1080 1530 1175 1594 nobis
1200 1530 1417 1615 quaerendum
1441 1535 1505 1609 est,
1529 1553 1609 1595 num

324 1638 456 1702 omnino
480 1660 592 1702 versus
616 1635 776 1700 Pindarici
799 1635 834 1698 in
858 1635 929 1700 cola
957 1636 1055 1700 dividi
1083 1637 1211 1720 possint
1234 1642 1267 1701 et
1290 1638 1441 1721 debeant,
1469 1637 1555 1720 quod
1579 1638 1608 1702 si

324 1745 525 1829 quaerimus,
547 1743 681 1807 tertium
705 1764 833 1828 quoque
856 1743 927 1807 fieri
951 1765 1046 1826 posse
1070 1744 1224 1828 fatemur,
1246 1749 1284 1808 ut
1308 1743 1364 1808 ulii
1388 1767 1498 1809 versus
1522 1744 1609 1809 colo-

230 1920 235 1927 ,
322 1873 395 1914 rum
419 1851 609 1915 dirisioncm
629 1849 795 1933 recipiant,
819 1850 875 1914 alii
895 1855 1057 1934 respuant.
1097 1850 1202 1933 Atque
1222 1874 1318 1935 supra
1337 1851 1402 1916 iam
1422 1851 1608 1916 monuimus

324 1980 436 2022 versus
459 1963 497 2021 ut
521 1979 631 2020 omnes
654 1956 690 2019 in
712 1957 809 2040 pedes
833 1957 1021 2021 dividendos
1045 1979 1129 2040 esse,
1162 1956 1209 2021 ita
1231 1980 1298 2021 non
1326 1980 1437 2023 omnes
1465 1958 1500 2021 in
1527 1958 1608 2022 cola.

324 2066 432 2149 Atque
457 2064 485 2127 si
509 2064 564 2148 qui
588 2085 700 2127 versus
723 2086 762 2127 ex
786 2065 912 2128 duobus
937 2069 993 2127 aut
1016 2064 1122 2127 tribus
1142 2069 1198 2127 aut
1218 2069 1359 2148 quatuor
1379 2064 1514 2149 pedibus
1535 2086 1609 2129 oon-

325 2177 404 2254 stat,
438 2193 505 2236 non
536 2193 607 2235 esse
639 2175 730 2255 patet
758 2193 816 2235 cur
842 2171 877 2234 in
904 2171 975 2236 cola
1002 2193 1075 2235 eum
1104 2170 1236 2234 dividas
1287 2170 1489 2255 Quamquam
1522 2171 1609 2235 enim

325 2276 408 2342 tales
434 2278 582 2342 versiculi
605 2299 679 2342 raro
703 2277 737 2340 in
760 2276 892 2341 Pindari
917 2277 1114 2341 carminibus
1138 2283 1312 2342 occurrunt
1340 2282 1436 2362 atque
1463 2278 1609 2362 plerique

327 2405 440 2448 eorum
458 2407 525 2448 non
542 2384 761 2468 perfectorum
779 2407 930 2448 versuum
950 2385 1004 2448 sed
1024 2384 1221 2467 proodorum
1240 2384 1291 2448 vcl
1310 2385 1487 2468 epodorum
1505 2385 1610 2449 vicem

325 2491 489 2575 obtinent,
512 2495 622 2556 tamen
644 2495 754 2554 munet
777 2489 870 2574 illud,
893 2496 960 2555 tam
984 2491 1098 2555 breves
1122 2512 1233 2555 versus
1256 2491 1291 2555 in
1315 2492 1387 2557 cola
1417 2492 1515 2556 dividi
1543 2513 1610 2556 non

325 2620 429 2683 posse.
466 2596 578 2663 Simile
597 2603 705 2661 autem
723 2598 757 2661 in
776 2597 941 2683 longiores
961 2620 1089 2683 quoqne
1109 2620 1220 2663 versus
1239 2599 1326 2663 cadit
1340 2599 1387 2663 ita
1401 2599 1610 2683 compositos,

325 2710 362 2769 ut
391 2703 538 2791 singulae
566 2704 635 2769 eius
662 2709 771 2788 partes
803 2703 1060 2789 magnitudinem
1094 2705 1230 2769 duorum
1262 2705 1381 2789 pedum
1413 2705 1610 2789 simplicium

325 2812 376 2876 vel
400 2812 496 2893 nnius
516 2811 664 2894 dipodiao
686 2832 751 2875 non
773 2810 989 2895 egrediantur,
1012 2817 1048 2875 ut
1067 2811 1102 2874 in
1120 2835 1216 2876 versu
1236 2812 1406 2877 Pindarico
1427 2812 1608 2877 amatricis

326 2919 458 2983 laudato

732 3015 1206 3057 ῑ.υ--ἶυυ..υυ--ῑ.υ-

482 3094 596 3174 ὅςκαὶ
620 3094 730 3173 τυπεὶς
754 3096 845 3184 ἁγνῷ
869 3094 997 3160 πελέκει
1020 3095 1131 3161 τέκετο
1155 3096 1284 3174 ξανθὰν
1305 3094 1460 3161 Ἀθάναν.
1585 3080 1631 3137 '³¹⁴

326 3222 475 3306 Namque
498 3223 603 3287 tribus
627 3245 666 3286 ex
689 3223 838 3306 partibus
861 3223 947 3287 hunc
972 3244 1099 3287 versum
1122 3227 1280 3303 constare,
1304 3246 1342 3285 ex
1363 3223 1486 3287 variato
1505 3228 1610 3287 metro

327 3329 406 3394 satis
431 3329 550 3413 elucet3
574 3330 630 3393 sed
652 3350 756 3411 neque
779 3329 886 3413 prima
902 3350 1006 3412 neque
1026 3328 1124 3392 tertia
1142 3351 1218 3412 pars
1237 3329 1303 3392 vim
1322 3329 1401 3392 iusti
1421 3329 1483 3394 ooli
1503 3329 1611 3394 habet.

327 3435 450 3512 Quodsi
472 3435 576 3499 nihilo
601 3434 708 3499 minus
731 3434 870 3517 primam
895 3434 993 3499 arsim
1017 3434 1173 3519 cuiusque
1196 3436 1299 3519 partis
1326 3436 1452 3499 duobus
1480 3437 1611 3519 punctis

327 3543 462 3629 signavi,
486 3544 548 3606 hoc
572 3541 801 3607 concirnritatis
826 3564 923 3607 causa
945 3540 1016 3625 feci,
1039 3546 1077 3605 nt
1100 3542 1255 3624 cuiusque
1279 3542 1381 3624 partis
1404 3542 1510 3624 prima
1528 3541 1611 3605 arsis

326 3651 396 3736 pari
420 3650 517 3715 modo
541 3649 773 3734 designaretur.
816 3648 937 3713 Verum
967 3648 1087 3713 rectius
1111 3653 1146 3711 tu
1174 3647 1268 3711 illum
1291 3669 1419 3711 versum
1443 3647 1612 3711 extribus

326 3758 474 3842 partibus
498 3755 549 3821 vel
571 3755 750 3841 particulis,
772 3778 839 3820 non
862 3778 901 3820 ex
925 3754 1030 3820 tribus
1051 3755 1132 3820 colis
1151 3759 1299 3820 constare
1319 3753 1446 3838 dixeris,
1471 3754 1613 3838 quando·

328 3865 458 3948 quidem
482 3864 563 3928 (luae
590 3868 699 3946 partes
727 3863 815 3927 iusto
844 3863 916 3928 eolo
945 3862 1115 3927 inferiores
1145 3867 1178 3927 et
1206 3862 1310 3947 magis
1339 3862 1487 3947 dipodiae
1516 3884 1613 3947 quam

328 3972 391 4037 coli
415 3971 545 4036 nomine
570 3970 686 4056 dignae
710 3975 795 4035 sunt.
838 3970 961 4035 Similis
986 3974 1096 4034 autem
1119 3970 1204 4033 ratio
1231 3970 1391 4034 maximae
1419 3970 1522 4054 partis
1546 3992 1614 4033 vcr-

329 4101 424 4143 suum
448 4076 828 4162 dactylo-epitriticorum
852 4082 910 4160 est,
935 4082 971 4141 ut

593 4212 1031 4253 'o--.³w-oc..„‡
1086 4245 1101 4251 -
1169 4202 1231 4248 .’

588 4427 997 4468 ,ἱυα-υυ-...ἶ.υ-..

594 4536 874 4574 ammoc-
903 4566 919 4572 -
953 4533 1071 4571 tc--
1130 4503 1300 4589 (larva).

330 4630 444 4717 Neque
469 4631 496 4696 si
520 4631 575 4714 qui
599 4652 711 4695 versus
735 4630 891 4714 epitritici
914 4634 971 4693 aut
995 4627 1145 4711 dactylici
1169 4633 1226 4691 ant
1249 4628 1546 4714 dactylo-epitritici
1567 4628 1615 4692 ita

330 4738 510 4824 comparati
534 4743 618 4821 sunt,
641 4741 679 4800 nt
701 4743 810 4821 partes
835 4759 946 4800 eorum
971 4734 1165 4819 dignitatem
1188 4739 1221 4797 ot
1245 4735 1504 4820 magnitudinem
1528 4735 1613 4799 colo-

331 4870 403 4913 rum
427 4847 607 4924 obtineant,
629 4849 666 4908 ut
