3442 5550
835 975 979 1026 ontulit.
998 975 1039 1023 Z.

636 1136 958 1220 nlAFOPm
1000 1134 1230 1219 Ponitur

859 1331 1007 1381 ΙΙΤΚῚῊι,

814 3128 1056 3209 Argumentum.

384 3258 532 3335 Diagoras
560 3260 721 3338 Damageti
750 3259 828 3317 filius
856 3258 991 3318 Rhodius
1014 3277 1029 3315 e
1054 3257 1240 3316 nobilissima
1267 3259 1355 3334 gente
1379 3257 1574 3318 Eratidauum

295 3338 336 3426 (v.
348 3339 405 3426 93),
420 3367 497 3422 quae
508 3367 526 3405 a
536 3348 716 3425 Tlepolemo,
731 3347 869 3407 Herculis
883 3346 954 3422 filio,
969 3346 1115 3424 originem
1129 3346 1224 3422 duxit,
1235 3344 1279 3404 Ol.
1288 3349 1327 3405 79
1339 3371 1381 3402 =
1393 3349 1456 3406 464
1467 3366 1495 3406 a.
1505 3346 1573 3408 chr.

294 3434 435 3512 pugilatu
451 3433 609 3511 Olympiae
624 3437 705 3498 vicit.
733 3439 778 3496 Ex
792 3437 888 3494 tribus
904 3435 1078 3495 ciuitatibus
1092 3435 1209 3493 insulae
1223 3434 1320 3494 Rhodi
1335 3435 1478 3512 Ialysum,
1492 3439 1528 3494 ut
1542 3436 1574 3495 in

294 3542 355 3599 qua
369 3524 442 3582 urbe
458 3524 528 3583 olim
546 3526 732 3604 Darnagetus
751 3527 865 3604 regiam
884 3528 1064 3600 potestatem
1084 3523 1248 3583 exercuerit
1267 3517 1309 3603 (v,
1323 3523 1411 3583 Paus.
1426 3543 1457 3583 ιν
1473 3535 1516 3601 24,
1532 3516 1573 3604 1),

294 3612 424 3688 patriam
452 3613 575 3674 victoris
598 3616 690 3675 fuisse
715 3615 874 3676 verisimile
902 3616 955 3673 est.
1002 3613 1068 3689 Ipse
1096 3614 1195 3671 clarus
1219 3614 1297 3672 inter
1319 3631 1431 3689 pauoos
1454 3616 1575 3673 statura

294 3705 325 3760 et
345 3702 450 3761 robore
473 3704 605 3779 eorporis
628 3706 696 3783 fuit,
719 3706 842 3781 eiusque
866 3702 1009 3762 memoria
1028 3706 1059 3761 et
1076 3704 1132 3761 hae
1152 3703 1208 3763 oda
1231 3702 1263 3760 in
1285 3703 1398 3778 templo
1421 3702 1574 3763 Minervae

294 3790 420 3849 Lindiae
444 3793 543 3851 aureis
567 3794 675 3854 litteris
700 3797 822 3854 exarata
846 3796 877 3851 et
899 3794 1002 3850 statua
1025 3793 1094 3867 plus
1118 3795 1250 3868 quatuor
1276 3792 1447 3851 cubitorum
1470 3790 1574 3868 Olym·

293 3879 361 3956 piae
385 3881 485 3955 posita
508 3875 549 3963 (v.
565 3883 654 3942 schol.
675 3884 712 3942 ad
731 3884 863 3942 inseret
880 3881 1102 3959 Paus.V17,‘2)
1121 3881 1160 3939 ad
1179 3885 1313 3956 posteros
1332 3884 1501 3960 propagata
1519 3885 1574 3942 est.

293 3968 393 4027 Patris
425 3990 495 4030 vero
529 3973 629 4031 studia
659 3973 814 4051 pugilatus
844 3973 875 4029 et
905 3969 1053 4046 pancratii
1084 3970 1176 4029 etiam
1209 3970 1246 4027 ad
1278 3970 1355 4030 filios
1388 3974 1418 4029 et
1448 3973 1574 4047 nepotes

294 4059 448 4118 transiisse
472 4064 623 4120 testantur
646 4062 735 4121 schol.
760 4063 797 4120 ad
820 4062 906 4119 inser.
931 4063 962 4118 et
984 4059 1072 4117 Paus.
1093 4078 1124 4117 vn
1149 4070 1163 4117 7
1188 4062 1218 4117 et
1241 4058 1299 4117 Cio.
1324 4059 1411 4118 Tuae,
1435 4070 1512 4118 146.

383 4148 541 4226 Magnifioo
574 4151 738 4229 prooemio,
772 4171 831 4227 quo
864 4168 953 4207 suum
984 4166 1094 4205 munus
1127 4150 1217 4223 poeta
1249 4164 1317 4205 oum
1347 4150 1453 4224 patera
1481 4166 1574 4208 aurea

295 4235 373 4292 inter
395 4239 566 4296 convivium
595 4259 703 4316 genero
735 4241 837 4301 oblata
867 4237 1002 4313 apposite
1033 4237 1161 4313 confert,
1192 4237 1351 4314 consilium
1380 4236 1573 4312 praedicandi

294 4324 451 4384 victoriam
479 4327 629 4404 Diagorae
663 4330 760 4404 aperit
787 4319 914 4411 (1-19).
960 4326 996 4384 In
1025 4325 1186 4402 principali
1215 4329 1301 4401 parte
1334 4326 1408 4385 odae
1437 4319 1574 4407 (ao-uo)

295 4417 356 4473 tres
386 4415 506 4473 fabulas
535 4417 631 4476 Rhodi
664 4418 780 4478 insulae
810 4418 928 4492 namt,
952 4435 967 4474 e
992 4415 1101 4491 quibus
1131 4415 1228 4490 prima
1259 4418 1304 4473 est
1334 4416 1369 4473 de
1400 4415 1573 4492 Tlepolemo

293 4503 453 4562 Heraclida
485 4505 523 4562 ad
555 4506 732 4581 expiandam
760 4510 881 4568 caedem
912 4504 1060 4580 Licymnii
1088 4504 1118 4561 in
1147 4503 1289 4578 insulam,
1316 4504 1370 4562 ubi
1396 4505 1514 4580 Iupiter
1541 4504 1573 4563 in

294 4594 446 4652 natalibus
475 4593 626 4654 Minervae
657 4590 773 4655 aurum'
795 4597 933 4673 pluisset,
964 4592 1112 4652 coloniam
1142 4592 1286 4651 deducere
1316 4593 1398 4653 iusso
1427 4586 1573 4675 (to-38),

295 4681 391 4740 altera
418 4683 453 4741 de
481 4683 605 4743 Rhodiis
629 4705 647 4742 a
669 4685 804 4745 Minerva
831 4690 954 4764 propter
976 4700 1060 4740 sacra
1083 4682 1155 4740 deae
1180 4681 1209 4738 in
1234 4701 1300 4741 arce
1324 4683 1467 4742 instituta
1489 4683 1574 4743 miris

294 4770 427 4830 artificiis
451 4772 548 4831 auctis
567 4766 709 4854 (39—53),
734 4777 824 4835 tertia
848 4777 882 4836 de
906 4771 1010 4835 Rhodo
1035 4770 1134 4828 insula
1158 4773 1248 4829 antea
1271 4771 1302 4829 in
1326 4790 1455 4848 aequore
1479 4773 1574 4833 maris
