3442 5550
319 421 384 482 aad
789 423 937 473 emmiu
958 422 1124 473 errarem.

374 582 507 667 ίίρπαά,
537 582 649 665 ἔνεγκέ
669 607 702 648 τε
730 582 858 669 χρυσέῳ
888 583 1061 666 παρθένον
1092 581 1275 668 ἀγροτέραν
1304 582 1431 669 δίφρφ,
1466 585 1546 646 τόθι
1568 601 1605 646 ro

818 670 851 688 υ
1169 713 1226 753 νιν
1247 689 1442 772 πολυμήλου

373 777 429 844 καὶ
451 781 744 865 πολυκαρποτάτας

417 893 501 970 θῆκε
525 886 705 951 δέσποιναν
727 889 869 971 χθονός,

373 994 466 1080 ῥίζαν
490 992 627 1079 ἀπείρου
651 998 767 1078 τρίταν
789 994 952 1079 εὐήρατον
975 993 1161 1058 θάλλοισαν
1184 994 1296 1058 οἰκεῖν.

372 1226 530 1292 ὑπέδεκτο
555 1224 584 1290 δ’
613 1223 807 1312 ἀργυρόπεζ’
830 1224 1020 1311 Ἀφροδίτα

322 1350 355 1397 ro
373 1333 502 1398 Δάλιον
525 1332 648 1415 ξεῖνον,
672 1332 869 1417 θεοδμάτων

372 1440 477 1525 ὀχέων
500 1439 709 1525 ἐφαπτομένα
732 1437 804 1523 χερί
825 1439 949 1525 κούφᾳ·

374 1551 431 1613 καί
451 1565 533 1632 σφιν
557 1545 609 1612 ἐπὶ
633 1553 807 1632 γλυκεραῖς
831 1546 943 1622 εὐναῖς
967 1545 1086 1631 ε’ρατάν
1109 1546 1210 1629 βάλεν
1234 1547 1332 1628 αι’δῶ,
1568 1564 1605 1609 ao

372 1655 474 1733 ξυνὸν
497 1655 674 1739 ἁρμόζοισα
697 1661 766 1742 esp
790 1677 823 1718 τε
847 1655 954 1738 γάμου
977 1651 1138 1738 μιχθέντα
1162 1654 1267 1740 κούρᾳ
1289 1651 1327 1717 θ’
1348 1649 1468 1730 Ὑψέος
1490 1652 1547 1717 εὐ-

1171 1763 1284 1844 ρυβία·

373 1869 409 1946 ὃς
442 1874 601 1934 Λαπιθᾶν
631 1869 829 1955 ὑπερόπλων
862 1868 1013 1943 τουτάκις
1044 1862 1087 1950 ἦν
1118 1869 1291 1952 βασιλεύς,
1324 1866 1356 1944 έξ
1383 1865 1547 1931 Ὠκεανοῦ

1170 1974 1265 2057 γένος
1287 1975 1376 2060 ἥρως
1568 1994 1604 2039 aa

322 2085 353 2130 15
374 2068 540 2151 δεύτερος·
565 2066 605 2130 ὅν
627 2089 706 2129 ποτε
730 2067 813 2128 Πίν-

418 2175 480 2238 δου
504 2178 671 2248 κλεενναῖς
695 2170 732 2236 έν
754 2183 893 2255 πτυχαῖς

373 2282 461 2356 Ναῒς
484 2280 712 2363 εὐφρανθεῖσα
737 2283 884 2361 Πηνειοῦ
908 2276 992 2361 λέχει
1017 2276 1165 2363 Κρείοισ’
1192 2280 1331 2360 ἔτικτεν,

376 2514 477 2587 Γαίας
499 2513 662 2595 θυγάτηρ.
708 2511 725 2575 ὁ
751 2507 786 2575 δέ
810 2512 870 2575 τὰν
894 2510 1059 2575 εὐώλενον
1409 2506 1477 2574 Ἐκ.
1501 2508 1547 2573 α’.

392 2746 416 2794 6.
437 2738 564 2807 ίίρπασεν
583 2740 645 2794 BD
665 2771 696 2779 —
719 2737 812 2806 i'vsyae
828 2740 855 2792 Β
862 2740 925 2793 DE
930 2764 936 2794 :
957 2739 1045 2795 ἔνεικε
1065 2741 1100 2801 V;
1121 2740 1155 2794 cf.
1171 2758 1195 2793 v.
1212 2756 1237 2793 ao
1251 2743 1280 2793 et
1293 2754 1320 2794 aa
1334 2770 1367 2779 -
1384 2758 1429 2793 νιν
1444 2738 1473 2791 Ε
1487 2740 1517 2793 et
1534 2738 1601 2795 fort.

321 2813 395 2866 13³0:
421 2820 473 2866 νῦν
498 2812 601 2865 131th
625 2843 657 2850 -
682 2816 706 2864 8.
731 2810 828 2877 τρίταν
847 2811 887 2865 D:
914 2810 1047 2879 τριτάταν
1066 2814 1093 2865 Β
1112 2844 1145 2851 -
1166 2816 1207 2866 10.
1228 2809 1308 2875 ξένον
1328 2810 1357 2864 D
1378 2842 1410 2851 -
1429 2812 1603 2879 θεοδμάτων

320 2884 348 2938 Β
355 2882 395 2938 D:
410 2885 561 2938 θεοδότων
577 2884 612 2951 Ε,
629 2881 790 2936 θεοσδότων
806 2882 876 2935 V-
892 2889 933 2936 11.
949 2882 1043 2956 κοῦφα
1060 2883 1097 2937 G:
1113 2883 1207 2951 κούφα
1218 2883 1245 2935 Β
1250 2882 1318 2936 DE
1331 2914 1365 2921 —
1382 2887 1422 2935 12.
1440 2880 1545 2948 ἐρατὰν
1559 2882 1601 2936 B:

320 2954 424 3022 ἀρετάν
444 2956 472 3009 D
492 2988 524 2995 —
546 2961 586 3009 13.
606 2953 744 3024 μιχθέντα
764 2955 804 3008 B:
823 2951 953 3023 μιχθέντα
971 2954 1001 3007 D
1020 2986 1052 2993 -
1074 2960 1114 3009 16.
1136 2951 1258 3020 Κρείοισ’
1275 2953 1358 3023 Epa:
1378 2949 1484 3020 κρέοισ’
1501 2952 1603 3007 BDE

321 3058 352 3065 —
375 3032 415 3079 17.
442 3025 519 3094 γαίαι
541 3028 569 3080 D
588 3026 706 3079 sortasse
730 3029 817 3087 recte,
842 3026 876 3079 cf.
896 3024 929 3079 N.
951 3045 981 3077 m
1000 3043 1025 3079 m
1045 3058 1078 3065 —
1098 3026 1235 3079 εὐώλενον
1253 3024 1347 3079 codd:
1374 3024 1547 3079 λευκώλενον
1565 3040 1599 3078 ex

320 3098 487 3167 paraphrasi
508 3094 681 3166 λευκότηχυν
701 3096 860 3165 expiscatus
880 3100 923 3150 est
941 3097 1035 3164 Labra,
1055 3096 1241 3166 probabiliter
1262 3128 1292 3135 —

320 3238 519 3293 Telesicratem
539 3239 643 3293 fabulis
663 3256 725 3292 cum
746 3237 810 3291 aliis
830 3242 890 3291 tnm
909 3238 1055 3293 amatoriis
1074 3238 1194 3292 maxime
1213 3237 1344 3309 gavisum
1357 3254 1417 3292 esse
1432 3240 1553 3308 apparet
1569 3241 1598 3293 et

321 3310 398 3363 facta
417 3310 477 3363 eins
501 3328 598 3378 parum
623 3309 746 3380 amplam
771 3310 917 3362 materiem
941 3309 1060 3379 epinicia
1085 3309 1202 3364 carmini
1226 3308 1455 3379 suppeditabant.
1493 3308 1597 3364 Prioris

321 3382 434 3434 l'a-bulne
454 3385 648 3446 cinanmomum
669 3380 806 3433 Pindarus
827 3381 862 3434 ab
882 3381 998 3434 Hesiodi
1018 3381 1099 3435 Eoeis
1118 3380 1210 3450 petiit,
1228 3385 1261 3434 nt
1280 3398 1313 3434 ex
1332 3378 1445 3434 scholiis
1465 3380 1596 3435 certiores

321 3452 390 3505 faeti
415 3470 522 3513 sumus;
547 3453 594 3504 scd
621 3469 684 3503 num
709 3453 766 3505 iam
790 3452 928 3505 llesiodus
949 3452 1084 3520 Cyrenam
1109 3453 1145 3505 ah
1165 3452 1295 3521 Apolline
1319 3452 1348 3505 in
1366 3451 1485 3519 Libyam
1504 3455 1597 3506 trans-

320 3524 408 3576 latam
429 3523 577 3587 imhmerit,
597 3523 695 3575 rnerito
716 3523 829 3576 dubitat
848 3524 997 3591 Lnebbort,
1017 3524 1056 3578 llo
1074 3524 1189 3577 Pindari
1209 3524 1310 3577 studiis
1329 3522 1476 3577 llesiodeis
1496 3526 1526 3577 et
1543 3524 1596 3577 He·

320 3594 430 3647 maricis
455 3614 480 3664 p.
502 3611 520 3648 ῖ,
560 3594 668 3647 Fabula
691 3612 756 3647 rcro
781 3594 904 3663 Cyrenas
927 3594 1107 3649 'thessalicae
1133 3595 1274 3664 nimphae
1301 3594 1329 3648 in
1355 3593 1473 3663 Libyam
1501 3594 1596 3649 neseio

320 3684 356 3719 an
376 3668 513 3718 translata
534 3664 579 3725 sit,
599 3666 673 3733 quod
693 3666 799 3734 species
819 3666 954 3733 viraginis
974 3685 1036 3719 eum
1055 3666 1184 3720 leonibus
1203 3665 1355 3735 pugnantis
1372 3665 1478 3735 optime
1497 3665 1526 3719 in
1540 3669 1596 3721 ter·

320 3756 380 3789 nun
400 3737 510 3789 leonum
531 3737 667 3790 nutricem
686 3738 824 3804 ‹pradrare
844 3737 993 3791 ridebatur
1020 3770 1052 3778 -
1079 3746 1102 3791 6.
1129 3737 1284 3807 ἀγροτέραν
1307 3755 1363 3791 non
1386 3740 1539 3806 agrestem,
1566 3740 1597 3791 ut

320 3810 348 3863 l'.
370 3828 399 3860 m
423 3828 443 3867 ι,
471 3809 519 3861 sed
547 3807 729 3875 venatricem,
757 3812 788 3862 ut
812 3810 842 3863 0.
864 3829 883 3860 n
902 3826 928 3861 ni
948 3842 980 3849 -
1005 3818 1020 3863 8
1056 3805 1134 3878 ῥίζαν
1159 3807 1278 3876 ἀπείρου
1303 3808 1451 3877 τρίταν..
1473 3851 1478 3862 .
1500 3808 1595 3875 οἰκεῖν,

320 3880 360 3932 ibi
379 3879 517 3948 virginem
537 3879 685 3933 collocarit
706 3883 737 3932 ut
759 3880 914 3945 habitaret;
941 3882 975 3935 cf.
997 3880 1027 3934 0.
1048 3898 1108 3934 τοι),
1146 3880 1214 3934 Tres
1238 3880 1388 3947 Pindarus,
1414 3883 1447 3933 ut
1468 3879 1612 3949 plerique.

322 3951 470 4019 scriptores
490 3956 597 4004 retcrcs
621 3952 665 4004 (cl.
686 3952 787 4006 llerod.
807 3970 834 4003 iv
853 3956 902 4018 ιν),
929 3952 1099 4005 continentis
1125 3955 1218 4021 partes
1238 3968 1298 4006 esse
1318 3950 1430 4017 statuit,
1455 3951 1596 4022 Europam

321 4022 418 4075 Asiam
443 4022 571 4089 Libram,
591 4039 663 4089 ‹pnre
687 4040 749 4074 cum
769 4040 802 4075 cr
821 4024 959 4076 communi
985 4023 1071 4077 t'nndo
1096 4022 1182 4076 maris
1201 4021 1398 4077 mediterranei
1416 4022 1498 4090 quasi
1517 4022 1595 4077 nasei

319 4094 492 4151 riderentur.
517 4112 594 4146 onnn
615 4093 796 4160 (lyrcnaieam
815 4094 942 4146 radicem
959 4095 1073 4148 tertiam
1093 4094 1263 4147 continentis
1283 4093 1354 4147 dixit
1372 4126 1408 4133 —
1426 4092 1594 4149 θάλλοισαν·

320 4163 485 4228 δέσποιναν,
509 4181 564 4217 non
588 4161 679 4231 ῥίζαν,
703 4166 735 4217 ut
759 4182 794 4217 ne
814 4164 888 4218 iusto
907 4165 1034 4234 pluribus
1054 4165 1186 4234 epithetis
1206 4184 1291 4219 unum
1309 4182 1410 4218 nomen
1430 4169 1544 4220 ornetur
1562 4197 1594 4206 -

320 4246 344 4290 tl.
363 4235 513 4289 ὑπέδεκτο·
534 4236 729 4304 praeverbium
748 4236 802 4289 ὑπο
822 4239 851 4289 et
869 4237 1031 4290 amant-ibus
1050 4237 1236 4306 opitulantem
1252 4237 1387 4290 Venerem
1407 4236 1549 4305 signifieat
1567 4232 1596 4291 et

320 4309 355 4361 de
378 4324 460 4361 curru
484 4307 541 4359 alto
566 4307 635 4359 istos
659 4307 866 4367 sublevantem:
891 4310 924 4363 τί,
946 4309 1007 4362 llur.
1027 4308 1086 4378 lph.
1106 4307 1168 4361 Aul.
1189 4324 1227 4361 :aa
1246 4309 1324 4377 ὑμεῖς
1343 4306 1373 4361 δὲ
1398 4306 1527 4371 νεάνιδές
1550 4328 1595 4363 νιν

320 4380 455 4448 ἀγκάλαις
471 4377 513 4431 ἔπι
532 4380 535 4447 l
553 4375 672 4442 δέξασθε
688 4380 736 4432 καὶ
751 4378 900 4445 πορεύσατ’
919 4380 946 4445 ἐξ
961 4379 1108 4449 ὀχημάτων
1119 4412 1153 4419 --
1165 4377 1324 4447 ἈφροδίταΙ
1340 4379 1484 4447 Venerem,
1499 4396 1594 4448 quam·

319 4452 362 4504 ris
380 4468 436 4505 non
455 4450 606 4519 praecipuo
625 4449 701 4503 cultu
722 4450 751 4502 in
770 4449 860 4518 Libya
880 4452 1024 4518 frueretur,
1042 4454 1137 4505 tamen
1153 4451 1188 4504 ob
1204 4449 1403 4504 amoenitatem
1418 4449 1542 4540 regionis
1556 4450 1595 4505 ibi

321 4525 484 4592 regnantem
504 4525 588 4607 pocta
607 4521 681 4587 fecit,
701 4539 758 4589 qna
776 4522 810 4575 de
830 4540 859 4575 re
878 4524 912 4577 οῖ,
931 4522 961 4576 Ρ.
981 4542 998 4574 ν
1017 4539 1042 4576 ss
1065 4555 1100 4563 -
1124 4528 1164 4575 13.
1192 4525 1320 4576 construe
1339 4523 1425 4587 ξυνὸν
1443 4520 1595 4591 αρμόζοισα

321 4593 411 4662 γάμον
430 4598 568 4663 μιχθεντα
587 4596 646 4663 θεῷ
666 4612 694 4645 τε
714 4592 802 4665 κούρᾳ
822 4592 855 4645 θ’
873 4591 989 4655 Ὑψέος·
1014 4610 1072 4646 rcrn
1091 4592 1214 4645 illustrat
1235 4592 1334 4646 similis
1358 4592 1436 4646 locus
1459 4594 1489 4647 Ρ.
1510 4614 1538 4648 rr
1556 4610 1595 4649 ars

320 4663 495 4732 κοταίνηοάν
514 4683 541 4717 τε
562 4668 659 4717 κοινόν
678 4663 768 4733 γάμον
787 4665 891 4733 γλυκὺν
915 4664 944 4717 ἐν
963 4665 1104 4718 ἀλλάλοισι.
1123 4664 1197 4733 μῖξαι
1279 4671 1319 4719 15.
1343 4664 1486 4745 llppscnm
1511 4664 1595 4721 Penei

322 4735 411 4788 filium
422 4740 449 4789 et
461 4736 564 4789 Oceani
575 4737 714 4804 nepotem,
725 4736 785 4788 eins
796 4740 919 4789 ammam
930 4735 1062 4789 Creusam
1071 4735 1158 4788 filium
1169 4734 1289 4790 Telluris
1299 4735 1444 4805 perhibet3
1459 4755 1485 4792 v.
1496 4736 1595 4792 schol:

320 4807 431 4869 Ναίδος
449 4806 480 4860 δὲ
500 4808 548 4860 καί
563 4810 686 4875 Πηνειοῦ
706 4808 755 4859 τόν
771 4805 866 4869 ’Τψεά
882 4808 1046 4876 Φερεκύδης,
1065 4804 1243 4874 Ἀκέοανδρος
1257 4807 1287 4861 δὲ
1304 4806 1440 4874 Φιλλὺρας
1453 4816 1503 4879 τῆς
1520 4809 1594 4863 Ἀσω-

320 4886 375 4931 ποῦ
395 4879 442 4932 καί
462 4882 585 4947 Πηνειοῦ
605 4878 710 4947 ἱστορεῖ
726 4878 774 4932 τὸν
791 4875 884 4947 Ὑψέα
901 4910 934 4919 -
