3442 5550
759 393 890 443 PYTHIA
908 394 943 444 II.

269 557 353 639 μόνα
377 552 431 618 καὶ
454 557 573 639 μόνον,
596 551 668 618 οὔτ’
693 552 730 618 ἐν
753 552 809 618 ἀν-

313 661 412 745 δράσι
435 663 644 746 γερασφόρον
667 659 737 725 οὔτ’
754 702 768 709 -
783 660 819 726 ἐν
841 667 933 726 θεῶν
954 665 1082 746 νόμοις·

270 769 328 833 τὸν
350 768 491 853 ὀνύμαξε
515 779 678 853 τραφοῖσα
702 766 924 853 Κέν-ταυρον,
948 768 984 845 ὃς

216 893 250 939 45
270 876 397 940 ἵπποισι
422 876 717 958 Μαγ-νητίδεσσιν
741 873 890 959 ἐμίγνυτ’
916 875 952 940 ἐν
971 916 984 925 -
1003 879 1134 941 Παλίου

270 995 425 1068 σφυροῖς,
450 982 484 1046 ἐκ
507 981 539 1046 δ’
565 980 731 1065 ἐγένου-το
755 984 894 1064 στρατὸς

269 1093 475 1176 θαυμαστός,
499 1089 698 1176 ἀμφοτέροις

270 1197 377 1283 ὁμοῖοι
400 1207 546 1275 τοκεῦσι,
570 1198 609 1262 τὰ
632 1200 801 1283 ματρόθεν
823 1193 884 1281 μὲν

313 1306 415 1389 κάτω,
438 1306 478 1369 τὰ
502 1303 533 1369 δ’
558 1305 685 1388 ὕπερθε
708 1307 839 1390 πατρός.

270 1503 349 1578 θεὸς
372 1502 459 1566 ἅπαν
483 1500 535 1566 ἐπὶ
557 1502 746 1567 ίελπίδεσσι
771 1499 890 1588 τέκμαρ
914 1501 1064 1587 ἀνύεται,
1286 1509 1366 1591 Στρ.
1390 1504 1432 1588 γ’.
1456 1523 1490 1569 90

203 1624 251 1673 ’σο
269 1612 362 1692 θεός,
386 1608 403 1672 ὃ
427 1607 481 1673 καὶ
504 1609 670 1694 πτερόεντ’

314 1717 425 1781 αίετὸν
447 1721 531 1800 κίχε,
554 1715 608 1781 καὶ
632 1723 814 1783 θαλασσαῖ-

314 1847 354 1887 ον
376 1828 610 1909 παραμείβεται

270 1931 423 2015 δελφῐνα,
445 1929 500 1996 καλ
523 1931 723 2018 ὑψιφρόνων
746 1930 810 1997 τιν’
836 1935 973 2017 ἔκαμ-ψε
996 1935 1142 2018 βροτῶν,

273 2035 412 2123 ἑτέροισι
436 2035 472 2102 δὲ
495 2039 597 2116 κῦδος
620 2038 767 2126 ἀγήραον
789 2037 964 2125 παρέδωκ’.
1011 2036 1065 2124 ἐμὲ
1089 2037 1126 2104 δὲ
1148 2041 1255 2125 χρεὼν

272 2146 409 2230 φεύγειν
432 2145 532 2222 δάκος
556 2145 674 2211 ἀδινὸν
698 2157 908 2232 κακαγοριᾶν.

271 2247 361 2318 εἶδον
384 2254 447 2337 γάρ
472 2250 546 2330 ἑκὰς
569 2252 633 2317 ἐὼν
656 2252 791 2319 ταπόλλ’
817 2252 853 2318 ἐν
876 2253 1041 2342 ἀμαχανίᾳ

217 2378 250 2424 σο
270 2362 414 2447 ψογερὸν
434 2359 641 2447 Ἀρχίλοχον,

316 2470 516 2552 βαρυλόγοις
539 2508 553 2516 -
577 2471 711 2552 ἔχθεσιν

269 2577 496 2659 πιαινόμενον·
522 2576 558 2639 τὸ
581 2580 682 2639 πλου-

316 2692 384 2746 τεῖν
407 2678 444 2746 ol
467 2685 531 2747 σὺν
553 2683 636 2768 τύχᾳ
659 2686 785 2767 πότμου
809 2686 930 2767 σοφίας
953 2684 1097 2768 ἄριστον.

288 2864 330 2912 43.
350 2856 470 2926 ἀνδράσι
488 2859 567 2913 DE:
586 2859 761 2926 ἀνθρώποισι
786 2858 857 2913 0-
877 2865 919 2913 44.
939 2858 1058 2929 ὀνόμαζε
1080 2860 1153 2913 0-
1170 2867 1310 2926 τραφοῑσα
1332 2857 1437 2914 Mosch.
1457 2891 1492 2899 ·-

217 2935 259 2984 49.
278 2928 384 3015 τίκμονρ
401 2930 423 2983 0
440 2960 473 2969 -
493 2935 535 2983 50.
554 2930 602 2983 καλ
616 2946 669 2984 om.
685 2931 715 2983 D
734 2962 766 2969 -
787 2934 828 2984 53.
849 2928 1022 2999 κακαγορίαν
1037 2929 1150 2984 Schmid
1167 2960 1199 2968 —
1216 2935 1257 2983 54.
1277 2929 1389 3010 tvpaz.
1409 2931 1440 2985 D
1460 2963 1490 2971 --

217 3005 259 3054 55.
279 3002 443 3073 βαρολογοις
461 3001 544 3072 Bya:
564 2999 759 3073 βαρολόγοισιν
779 3000 837 3055 01)
856 3033 888 3041 -
909 3007 950 3055 56.
969 3001 1077 3071 πότμον
1097 2998 1198 3070 σοφίας
1216 2998 1241 3054 τ’
1260 3017 1331 3054 eom.
1346 3001 1439 3071 Bergk
1459 3034 1491 3042 -

289 3149 330 3198 46.
352 3140 480 3212 ἐγίνοντο
499 3141 626 3210 στρατός·
646 3146 788 3197 structura
806 3160 891 3213 quam
909 3144 1008 3197 dIcunt
1026 3142 1098 3197 κατὰ
1118 3141 1241 3198 σύνεσιν·
1261 3142 1378 3211 στρατὸς
1396 3146 1492 3198 autem

216 3215 271 3283 hic,
291 3220 323 3268 ut
342 3231 425 3284 saepe
444 3231 461 3268 a
482 3215 519 3267 ud
538 3215 690 3268 Pindarum
709 3219 745 3284 (v.
762 3214 792 3269 0.
808 3235 825 3269 v
841 3219 883 3285 ιε),
902 3232 959 3269 non
977 3214 1143 3282 exereitum,
1163 3214 1211 3268 sed
1230 3213 1365 3285 populum
1384 3214 1492 3284 signifi·

216 3290 265 3342 cat
278 3319 312 3326 —
327 3291 369 3340 48.
385 3234 528 3356 ματράθεν
541 3287 621 3341 iuxta
639 3285 744 3355 πατρός
762 3286 821 3340 vim
838 3286 964 3369 genetivi
980 3287 1080 3354 habet;
1100 3286 1135 3340 cf.
1151 3285 1182 3341 Ο.
1196 3304 1235 3338 vn
1249 3303 1275 3340 ιι
1290 3318 1325 3325 -
1339 3290 1381 3341 49,
1396 3302 1493 3349 veram

217 3375 277 3413 esse
301 3358 428 3412 fabulam
452 3359 486 3412 de
510 3359 575 3412 love
599 3357 783 3428 cupiditatem
809 3359 912 3412 Ixionis
935 3359 1087 3412 frustrante
1111 3360 1140 3411 et
1162 3357 1296 3428 puniente
1314 3360 1399 3427 posta
1418 3374 1492 3412 com-

217 3430 320 3501 probat
339 3446 447 3483 summa
466 3430 540 3484 Iovis
558 3429 687 3500 potentia
706 3433 735 3484 et
752 3429 908 3485 maiestate.

287 3507 329 3556 49.
349 3519 367 3556 a
386 3501 522 3556 fabulosis
542 3502 578 3554 ad
597 3504 758 3571 praesentes
776 3517 821 3556 res
839 3501 926 3569 redit,
946 3517 1025 3555 suam
1045 3518 1158 3555 causam
1177 3518 1241 3555 cum
1260 3500 1344 3555 laude
1362 3500 1493 3556 Hieronis

217 3573 335 3628 miscens
361 3605 394 3614 -
421 3572 466 3626 ἐπὶ
493 3570 643 3641 ἐλπίδεσσι,
669 3573 821 3627 secundam
848 3590 926 3627 suam
950 3572 1137 3639 voluntatem3
1164 3573 1335 3627 contrarium
1354 3575 1397 3628 est
1415 3573 1493 3641 παρὰ

217 3643 316 3698 ἐλπίδα
335 3644 366 3699 Ο,
382 3661 482 3712 1111833
503 3645 537 3697 cf.
553 3643 600 3698 ἐπ’
622 3645 688 3714 εόχᾶ
708 3645 867 3700 P.1xss—
884 3651 925 3699 50.
945 3642 1003 3715 κίχε
1020 3689 1045 3699 ..
1065 3643 1288 3717 ,παραμείβεται
1303 3688 1309 3698 .
1326 3687 1332 3699 .
1348 3688 1353 3698 .
1370 3643 1491 3714 ἔκαμψεΙ

217 3715 247 3769 in
266 3717 405 3770 sententia
424 3715 549 3785 generali
572 3700 680 3769 aoristo
700 3715 830 3807 gnomico
854 3715 992 3786 simulque
1015 3716 1158 3786 praesenti
1182 3715 1281 3770 Graeci
1304 3718 1433 3785 utuntur;
1458 3714 1492 3770 cf.

218 3786 252 3840 N.
267 3806 298 3839 m
312 3805 338 3842 ιο
358 3819 390 3827 -
411 3795 452 3842 51.
473 3785 641 3856 ὑψιφρόνων
659 3808 725 3854 τιν,
743 3804 799 3841 non
818 3790 925 3842 certum
944 3787 1067 3856 aliquem
1093 3787 1257 3856 superbum,
1282 3787 1332 3841 ssd
1355 3805 1440 3840 unum
1464 3792 1493 3841 et

217 3857 349 3926 altorum,
375 3861 407 3911 ut
433 3857 500 3912 olim
526 3858 664 3927 Ixionem,
690 3876 763 3913 nunc
782 3859 963 3925 Anaxilaum;
986 3859 1139 3914 cf.N.1os
1158 3891 1191 3898 -
1211 3865 1253 3912 θλ.
1278 3856 1324 3940 ἐμὲ
1349 3857 1380 3912 δὲ
1405 3860 1493 3929 χρεόν

217 3930 414 3985 κολοκυντίου
440 3929 475 3982 fri
498 3930 544 3984 'do
571 3930 709 3984 Pindarus
736 3930 838 3999 utitur,
863 3934 894 3985 ut
912 3948 929 3984 a
948 3930 1047 3984 fabula
1073 3929 1108 3984 de
1131 3929 1230 3983 fraude
1256 3929 1359 3983 Ixionis
1378 3931 1416 4002 ad
1435 3947 1493 3984 rem

216 4001 390 4072 propositam
413 4004 442 4055 et
489 4001 590 4055 'eronis
616 4001 728 4056 laudem
754 4019 783 4056 se
807 4006 931 4058 revocet:
958 4019 1038 4055 suum
1057 4018 1118 4056 esse
1137 4018 1237 4054 munus
1256 3999 1285 4053 in
1304 4000 1426 4054 carmine
1446 4018 1493 4054 en-

217 4072 316 4142 comio,
333 4076 435 4127 utnon
448 4090 525 4128 more
540 4072 700 4127 Archilochi
715 4073 745 4127 in
759 4073 841 4128 rebus
858 4073 988 4145 turpibus
1006 4073 1154 4127 narrandis
1174 4077 1203 4127 et
1220 4071 1414 4142 vituperandis
1433 4091 1492 4127 ver·

217 4147 305 4211 setur,
332 4145 380 4199 sed
404 4144 433 4198 in
458 4144 541 4198 rebus
567 4144 709 4215 praeclare
735 4145 823 4216 gestis
849 4144 1054 4215 praedicandis.
1092 4144 1207 4199 Somnia
1233 4148 1298 4197 sunt
1323 4143 1493 4199 scholiastae

216 4215 310 4270 ubivis
328 4215 492 4271 inimicitias
512 4215 627 4270 Pindari
647 4218 676 4270 et
694 4217 867 4271 aemulorum
886 4217 945 4271 eius
964 4216 1122 4284 odorantis,
1149 4234 1211 4270 cum
1230 4215 1268 4268 ad
1287 4214 1373 4278 δάκος
1392 4217 1493 4270 ἀδινὸν

217 4287 345 4343 adnotet:
365 4285 516 4342 αἰνίττεται
535 4286 566 4341 δὲ
587 4288 626 4350 εἰς
645 4286 833 4357 Βακχυλίδην·
854 4289 899 4342 ἀεὶ
918 4288 970 4357 γὰρ
986 4287 1073 4341 αὐτὸν
1087 4293 1125 4360 τῷ
1136 4286 1241 4356 Ἱέρωνι
1256 4285 1391 4355 διέσυρεν.
1420 4286 1492 4340 Illud

216 4357 409 4427 verisimilius,
435 4361 547 4429 poetam
566 4358 678 4412 nomine
697 4368 871 4428 κακαγοριᾶν
890 4363 919 4413 et
937 4360 1064 4430 exemplo
1084 4359 1245 4414 Archilochi
1264 4361 1338 4413 tecte
1357 4357 1440 4412 simul
1464 4375 1492 4412 se

217 4430 366 4485 defendere
390 4433 488 4484 contra
510 4429 666 4484 calumnias
690 4447 797 4498 eorum,
822 4431 870 4500 qui
893 4448 956 4485 oum
980 4448 1042 4485 eum
1066 4448 1122 4485 non
1146 4431 1237 4485 solum
1257 4429 1423 4499 veridicum,
1443 4430 1492 4484 sed

216 4502 304 4556 etiam
319 4500 507 4556 conviciorum
521 4503 664 4555 amantem
679 4501 897 4570 insimulassent,
912 4501 986 4572 regis
1000 4503 1130 4557 Hieronis
1145 4503 1270 4558 animum
1286 4500 1322 4554 ab
1338 4518 1370 4554 eo
1385 4501 1492 4555 abalie-

216 4574 325 4628 nabant
343 4605 376 4613 -
401 4578 442 4626 56.
469 4572 500 4626 τὸ
525 4576 655 4627 πλουτεῖν
683 4571 713 4626 δὲ
740 4575 791 4626 σὺν
816 4574 886 4647 niza
911 4575 1018 4643 πότμου
1044 4572 1145 4644 σοφίας
1164 4574 1290 4643 ἄριστον·
1310 4571 1412 4640 σοφία-ς
1431 4590 1492 4625 eum

216 4649 355 4712 πλουτεῖν,
373 4642 481 4714 πότμου
500 4661 562 4697 cum
581 4643 651 4718 τύχᾳ
671 4644 896 4716 coniungendam
915 4649 967 4713 est,
986 4648 1017 4698 ut
1036 4646 1176 4699 sententia
1195 4645 1300 4699 evadat
1317 4642 1432 4696 Pindari
1452 4643 1492 4696 fa-

215 4716 417 4783 miliarissima,
436 4733 575 4768 summum
593 4715 698 4769 bonum
717 4733 778 4770 esse
792 4716 955 4770 afluentiam
970 4733 1053 4786 opum
1068 4734 1130 4770 cum
1146 4715 1287 4787 sapientia
1301 4713 1492 4778 coniunctam

217 4789 293 4857 qnod
312 4786 469 4842 Boechhius
489 4787 602 4857 scripsit
621 4787 735 4856 πότμου,
756 4784 857 4856 σοφίας
876 4787 999 4855 ἄριστον,
1018 4787 1145 4843 homines
1165 4788 1267 4842 dirItes
1283 4784 1423 4855 sapientia
1438 4790 1492 4853 (oo-

217 4858 281 4935 φίᾳ)
298 4859 359 4914 fieri
376 4876 523 4929 perperam
541 4858 622 4927 ponit
642 4890 673 4898 -

1245 4947 1281 5003 9⁸
