3442 5550
753 1216 896 1268 ΟΛΤΜΠ.
915 1212 963 1265 IB'

487 1379 874 1462 ΕΡΓΟΤΕΛΕΙ
922 1376 1239 1462 ΙΜΕΡΑΙΩι

778 1574 940 1627 ΔΟΛῙΧΕΙ.

742 3408 984 3497 Argumentum.

309 3539 355 3599 De
383 3539 524 3618 Ergotele
552 3539 721 3599 Philauoris
749 3538 810 3599 filio
839 3538 1010 3616 Himeraea,
1038 3537 1124 3598 cuiue
1149 3536 1292 3597 victoriae
1317 3534 1502 3614 olympinae,

221 3647 311 3688 cursu
334 3629 424 3707 longo
445 3621 578 3714 (δολίχῳ)
598 3627 881 3689 01.77=—47.2a
898 3627 966 3688 Chr
984 3630 1097 3706 partae,
1117 3626 1173 3687 hoe
1192 3645 1310 3686 carmen
1329 3624 1502 3684 dedicatum

222 3722 275 3795 est,
299 3719 465 3777 Pausanias
488 3719 709 3795 u14‚11heee
732 3718 892 3778 memoriae
915 3718 1060 3801 prodidit:
1081 3707 1305 3795 Ἐργοτέληςδ’
1332 3709 1499 3775 δΦιλιίνο-

217 3829 269 3913 ρος
303 3806 421 3886 δολίχου
452 3807 507 3868 δύο
537 3804 569 3867 3v
594 3801 738 3890 Ὀλυμπίᾳ
768 3807 869 3883 νίκας,
898 3805 1042 3877 τοσαύτας
1073 3801 1104 3865 δέ
1135 3802 1223 3875 ἄλλας
1253 3806 1364 3863 Πυθοῖ
1388 3800 1438 3862 κοιλ
1468 3798 1502 3864 έν

217 3888 326 3978 Ἰσθμῷ
350 3917 378 3955 τε
401 3894 452 3956 καί
475 3893 650 3974 Νεμείων’
634 3893 830 3980 ανηρημένος,
854 3894 908 3974 οὐχ
927 3891 1069 3975 Ιμεραῖος
1088 3887 1164 3953 εἶναι
1182 3891 1215 3952 τὸ
1234 3889 1385 3972 έξᾶρχῆς,
1403 3891 1502 3952 καθοί-

217 4005 270 4092 ηερ
297 4006 329 4063 γε
353 3983 385 4044 τὸ
409 3983 445 4044 έιτ
435 3984 625 4096 ίγραμμοι
598 4008 630 4045 το
659 3957 704 4043 ἐπ’
730 3983 810 4044 αὐτῶ
838 4001 927 4062 φησι,
951 3982 1034 4063 Κρὴς
1059 3980 1090 4043 δέ
1113 3975 1243 4042 είναιέ
1213 3979 1323 4061 λέγεται
1346 3979 1498 4053 Κνώσιος·

218 4070 349 4133 ἐκπεσὼν
372 4071 443 4133 ‹ii‘
427 4073 486 4134 οιτὸ
509 4083 675 4134 στασιωτῶν
698 4071 730 4132 έκ
753 4076 880 4133 Κνωσοῦ
899 4071 997 4145 καλές
1017 4069 1167 4151 Ἱμέραν’
1151 4070 1333 4150 αφικόμενος
1350 4070 1498 4143 πολιτείας

217 4163 372 4242 τετύχηκεν
399 4186 450 4223 και
472 4161 565 4223 πολλὰ
588 4163 687 4242 εὕρετο
715 4159 787 4221 ἅλλα
810 4159 840 4233 ές
862 4161 960 4241 τιμήν.
1006 4162 1061 4221 Ηὶε
1089 4161 1200 4220 similia
1227 4160 1341 4220 scholia
1369 4160 1407 4218 ad
1435 4179 1499 4220 aar·

216 4253 305 4311 minis
333 4253 419 4314 inser.
442 4254 590 4313 referunt:
615 4245 785 4331 Ἐργοτέλης
809 4250 891 4331 Κρὴς
920 4247 973 4329 μέν
999 4243 1037 4330 ἦν
1061 4254 1101 4333 τῷ
1123 4246 1200 4329 γένει
1223 4248 1334 4320 πόλεως
1358 4251 1499 4327 Κνωσοῦ,

217 4337 249 4412 ὃς
269 4339 433 4421 ἠγωνίσατο
451 4339 506 4418 τὴν
522 4335 568 4412 οζ’
584 4334 765 4419 Ὀλυμπιάδα
783 4338 832 4400 καὶ
849 4338 905 4418 τὴν
924 4338 991 4418 ἑξῆς
1006 4338 1152 4399 Πυθιάδα
1169 4333 1232 4398 καθ’.
1270 4335 1498 4417 στασιαζομίνης

219 4427 250 4491 δέ
274 4439 326 4508 τῆς
349 4429 461 4502 πόλεως
484 4428 583 4509 φυγὰς
606 4429 648 4501 εἰς
674 4426 790 4508 Ἱμέραν
816 4427 903 4490 πόλιν
926 4427 1137 4504 Σικελιωτικὴν
1160 4425 1277 4506 ἀπῆλθε
1300 4424 1350 4486 καὶ
1372 4431 1498 4487 καταλα-

218 4518 281 4599 βὼν
311 4520 401 4579 πάλιν
434 4517 469 4578 τὰ
501 4516 533 4578 ἕν
562 4519 683 4602 Σικελίρι
714 4518 870 4598 πράγματα
901 4516 1111 4595 στασιαζόμενα
1141 4515 1215 4597 πρὸς
1247 4513 1382 4587 Γέλωνος
1415 4509 1499 4598 (fort

219 4603 376 4690 Θήρωνος)
405 4606 454 4668 καὶ
478 4604 611 4688 Ἱέρωνος
638 4606 829 4686 ἐκδεξάμενος
857 4605 980 4687 εἰρήνην
1010 4604 1154 4684 ἐνίκησεν.
1200 4606 1244 4665 De
1276 4624 1327 4664 sex
1356 4605 1499 4683 victoriiS,

218 4718 293 4774 quae
321 4699 487 4757 Pausaniae
516 4701 683 4775 enumerat,
711 4717 772 4756 una
797 4696 966 4775 Olympiae,
990 4696 1067 4755 duae
1090 4695 1248 4773 Pythicae,
1271 4713 1333 4753 una
1356 4695 1500 4756 Isthmiae

217 4787 278 4844 iam
302 4791 377 4864 tum,
401 4807 469 4846 cum
491 4787 639 4846 Pindarus
662 4787 718 4846 hoe
741 4806 860 4847 carmen
882 4786 1003 4862 scripsit
1020 4778 1110 4866 (717
1127 4777 1194 4865 7η),
1213 4786 1385 4861 reportatae
1405 4787 1500 4862 erant
