3442 5550
600 414 648 464 111.
672 414 722 464 DE
740 414 849 465 LUDIS
868 415 913 463 ET
933 414 1107 466 EPINICIIS.
1409 412 1495 466 XClll

340 574 508 659 ’Ἀνθηκεν
530 573 601 641 τόδ’
623 576 753 660 άγαλμα
777 577 962 660 Κορίνθιος
986 576 1085 661 ὅσπερ
1110 574 1201 640 ἐνίκα

394 682 430 747 έν
452 688 600 767 Δελφοῖς
622 704 700 747 ποτε
724 682 929 758 Νικολάδας,

351 788 405 853 καὶ
429 791 684 872 Παναθηναίοις
707 789 892 873 στεφάνους
914 790 993 874 λάβε
1017 788 1108 855 πέντ’
1130 789 1180 855 ἐπ’
1202 790 1337 866 ἀέθλοις

394 894 467 980 ἑξῆς
489 896 692 982 άμφιφορεῖς
715 895 841 962 ἐλαίου·

351 1002 486 1089 Ἰσθμοῦ
509 1002 541 1067 δ’
563 1003 600 1068 έν
624 1002 725 1091 ζαθέᾳ
747 1001 819 1088 τρὶς
842 1003 1002 1089 ἐπισχερὼ
1026 1003 1098 1070 ἄλλ’
1121 1005 1273 1088 ἐγένοντο

394 1110 473 1197 ἀκτῇ
498 1110 770 1195 Ποντομέδοντος
793 1105 895 1175 ἆθλα·

350 1217 403 1283 καί
427 1217 540 1306 Νεμέᾳ
562 1216 634 1303 τρὶς
658 1216 807 1301 ἐνίκησεν
829 1216 885 1282 καί
909 1218 1058 1304 τετράκις
1080 1221 1162 1285 ἄλλα

397 1326 568 1412 Πελλάνᾳ,
592 1326 653 1389 δύο
677 1322 709 1388 δ’
731 1324 767 1389 ἐν
786 1328 938 1413 Λυκαίῳ,

351 1431 405 1498 καὶ
429 1431 554 1519 Νεμέᾳ,
576 1430 631 1496 καὶ
655 1431 692 1496 έν
712 1434 849 1520 Αἰγίνᾳ,
873 1442 1014 1520 κρατερᾷ
1039 1431 1070 1497 δ’
1089 1431 1289 1522 Ἐπιδαύρῳ,

394 1539 448 1604 καὶ
474 1541 581 1626 Θήβᾳ,
606 1538 773 1624 Μεγάρων
796 1536 832 1604 δέ
857 1540 964 1627 δάμῳ·

350 1647 386 1713 έν
409 1644 445 1712 δὲ
471 1650 675 1734 Φλιουντείῳ
700 1648 823 1734 σταδίῳ
847 1647 888 1712 τά
911 1670 945 1712 τε
968 1645 1063 1712 πέντε
1086 1651 1265 1731 κρατήσας,

391 1756 565 1840 ηὔφρανευ
587 1753 734 1840 μεγάλαν
758 1755 943 1837 Κόρινθον.

307 1899 357 1963 Ex
379 1898 431 1962 his
454 1897 560 1962 titulis
585 1902 682 1982 atque
706 1895 952 1983 epigrammatis
976 1903 1008 1963 et
1032 1920 1071 1962 ex
1094 1897 1236 1985 iudicum
1257 1899 1498 1964 commentariis

218 2005 444 2093 (ὑπομνήμασι
467 2004 552 2069 Plut.
574 2002 638 2068 Sol.
662 2001 716 2091 11)
746 2003 888 2091 catalogi
917 2005 1184 2090 conficiebantur,
1212 2006 1329 2090 quibus
1354 2006 1409 2090 qui
1432 2006 1499 2070 vic·

219 2121 305 2178 tores
333 2112 470 2198 singulis
499 2111 532 2176 in
560 2110 792 2176 certaminibus
821 2111 976 2197 cuiusque
1001 2113 1075 2178 anni
1099 2113 1276 2178 renuntiati
1300 2117 1409 2177 essent
1430 2134 1499 2197 per-

220 2221 452 2286 scribebantur.
503 2218 597 2282 Tales
631 2219 720 2282 fuere
747 2215 993 2304 Ὀλυμπιονῖκαι
1019 2218 1159 2304 Hippiae
1193 2219 1372 2305 sophistae,
1405 2242 1499 2304 quem

217 2328 358 2412 primum
390 2326 529 2391 indicem
557 2325 857 2410 Olympionicarum
885 2325 1160 2414 (Ὀλυμπιονικῶν
1192 2324 1405 2413 ἀναγραφήν)
1437 2327 1501 2390 edi·

218 2434 302 2499 disse
329 2432 416 2498 Plut.
439 2433 536 2498 Num.
564 2437 579 2499 1
610 2433 725 2517 trust,
758 2438 790 2498 et
818 2431 1006 2499 Aristotelis
1033 2432 1280 2519 Ὀλυμπιονῖκαι
1307 2439 1341 2498 et
1369 2439 1499 2499 Πυθιο-

217 2554 322 2626 νῖκαι,
351 2563 489 2627 quorum
518 2540 675 2604 librorum
704 2540 822 2625 prioris
852 2541 1007 2607 memoria
1035 2540 1129 2627 plane
1157 2541 1323 2606 intercidit
1346 2539 1388 2627 (r.
1412 2540 1499 2605 Rose

219 2651 317 2715 Arist.
344 2648 545 2735 pseudepigr.
565 2647 660 2732 547),
687 2647 820 2712 alterius
848 2647 1032 2734 fragmenta
1059 2649 1184 2733 aliquot
1209 2648 1329 2734 partim
1352 2648 1386 2712 in
1409 2648 1500 2713 scho-

218 2757 271 2821 liis
298 2756 444 2841 Pindari,
471 2755 592 2841 partim
621 2754 662 2818 ab
691 2754 763 2818 aliis
792 2755 1006 2839 scriptoribus
1034 2760 1162 2820 servata
1189 2761 1319 2821 exstant
1348 2754 1500 2842 (Aristot.

218 2865 267 2929 ed.
285 2864 373 2929 acad.
393 2862 499 2927 Berol.
520 2867 543 2927 t.
561 2880 585 2926 v
607 2885 637 2946 p.
660 2859 769 2947 1578).
811 2861 983 2927 Praeterea
1006 2863 1040 2926 iu
1064 2886 1158 2928 usum
1178 2863 1500 2949 chronographorum

218 2970 399 3037 abbreviati
427 2969 568 3055 catalogi
596 2967 895 3054 Olympionicarum
924 2969 1062 3034 confecti
1091 2975 1180 3054 sunt,
1210 2971 1265 3055 qui
1294 2971 1364 3035 sola
1392 2971 1499 3035 stadio

218 3078 379 3145 victorum
398 3078 540 3163 nomina,
557 3077 641 3141 unde
661 3074 867 3160 Olympiades
887 3076 1034 3162 singulae
1053 3077 1261 3159 notabantur,
1279 3077 1499 3142 continebant.

217 3185 506 3251 Isthmionicarum
539 3205 666 3269 quoque
699 3183 840 3269 catalogi
872 3183 906 3247 in
935 3181 1067 3248 scholiis
1096 3181 1322 3248 Pind.l.111
1353 3183 1404 3267 (ἐν
1431 3195 1501 3260 ταῖς

215 3291 449 3377 Ἰσθμιονικῶν
468 3288 692 3377 ἀναγραφαῖς)
711 3295 1015 3374 commemorantur,
1037 3295 1071 3353 et
1090 3289 1360 3356 Nemeonicarum
1378 3290 1501 3356 indices

218 3423 239 3465 a
262 3398 484 3486 grammaticis
503 3397 696 3482 Asclepiade
720 3401 753 3461 et
771 3395 913 3482 Didymo
937 3396 1101 3462 adhibitos
1120 3420 1190 3463 esse
1210 3398 1334 3463 scholia
1352 3399 1391 3463 ad
1411 3399 1451 3463 N.
1467 3417 1502 3462 vr

217 3508 312 3572 inser.
337 3505 512 3571 etN.V111
536 3505 633 3573 inser.
657 3509 829 3569 testantur.
872 3503 935 3569 Sed
958 3508 1085 3569 mature
1107 3505 1225 3571 horum
1248 3504 1398 3570 ludorum
1418 3528 1502 3570 com·

219 3613 398 3679 menterios
421 3613 623 3679 intercidisse
647 3611 747 3676 tradit
765 3611 944 3676 Pausanias
968 3630 1005 3675 vr
1027 3613 1077 3696 13,
1096 3613 1129 3677 8:
1152 3613 1300 3699 τετράκις
1323 3613 1386 3698 γάρ
1406 3613 1447 3696 δη
1467 3612 1503 3678 ἐν

218 3720 362 3806 ἀνδράσι
386 3719 626 3805 κατεμαχέσατο
649 3719 667 3785 ὁ
692 3719 877 3804 Τίσανδρος
900 3719 1026 3794 πύκτας
1044 3718 1081 3783 έν
1097 3716 1266 3807 Ὀλυμπίῳ,
1289 3728 1446 3784 τοσαῦται
1465 3716 1500 3784 δὲ

218 3827 274 3894 καὶ
288 3833 410 3894 Πυθοῖ
427 3830 602 3910 γεγόνασιν
621 3827 709 3915 αὐτῷ
730 3838 833 3891 νῖκαι·
854 3828 1053 3910 Κορινθίοις
1072 3823 1107 3891 δὲ
1127 3828 1188 3892 οὐκ
1201 3822 1243 3910 ἦν
1257 3849 1307 3891 πω
1322 3834 1501 3911 τηνικαῦτα

217 3933 298 4001 οὐδὲ
318 3934 479 4021 Ἀργείοις
502 3934 536 4011 ἐς
559 3935 705 4010 ἅπαντας
726 3934 946 4019 ὑπομνήματα
969 3935 1048 4010 τοὺς
1066 3933 1177 4019 Νέμεα
1201 3945 1371 4011 νικῶντας.
1409 3933 1501 3998 Unde

218 4065 323 4128 nequa
356 4043 392 4106 in
423 4041 556 4107 scholiis
584 4040 716 4106 Pindari
744 4042 783 4106 de
810 4045 971 4126 tempore,
1003 4063 1067 4126 quo
1095 4041 1252 4107 Isthmica
1279 4047 1313 4106 et
1340 4041 1504 4106 Nemeaea

219 4149 362 4236 epinicia
389 4149 571 4234 composita
598 4149 679 4234 sint,
707 4148 883 4235 quidquam
912 4147 993 4214 certi
1020 4149 1159 4213 relatum
1186 4154 1249 4234 est,
1275 4171 1380 4234 neque
1407 4150 1443 4214 0.
1466 4166 1503 4212 lx

224 4259 287 4323 123
316 4257 357 4322 ad
384 4256 460 4322 lites
488 4255 775 4343 grammaticorum
803 4257 998 4321 dirimendas
1021 4256 1170 4321 Isthmici
1198 4255 1338 4342 catalogi
1364 4255 1502 4320 adhibiti

221 4371 308 4431 sunt.
355 4365 502 4450 Denique
525 4368 562 4429 ut
586 4365 747 4448 quomodo
770 4364 826 4428 isti
850 4362 992 4449 catalogi
1016 4363 1155 4428 confecti
1178 4363 1299 4428 fuerint
1322 4362 1504 4449 intellegas,

223 4472 415 4560 Phlegontis
443 4471 680 4539 Chronicorum
707 4472 816 4536 locum
845 4495 864 4535 a
891 4470 1011 4535 Photio
1039 4469 1117 4534 bibl.
1140 4470 1208 4534 cod.
1232 4471 1273 4533 97
1297 4494 1328 4555 p.
1348 4469 1502 4536 83Bekk.

224 4585 387 4646 arratum
406 4600 567 4664 apponere
586 4577 760 4665 expedit¹):
779 4578 816 4644 έν
834 4587 873 4664 τῇ
893 4576 961 4663 ροζ’
980 4575 1172 4662 Ὀλυμπιάδι
1192 4575 1283 4642 ἐνίκα
1297 4574 1502 4660 Ἑκατόμνως

226 4690 391 4771 Μιλήσιος
408 4687 545 4753 στάδιον
563 4685 617 4752 καί
637 4687 776 4751 δίαυλον
795 4685 863 4771 [καί
881 4686 1019 4769 ὁπλίτην
1034 4684 1129 4770 τρίςΙ,
1144 4680 1300 4766 Ὗψικλῆς
1315 4684 1503 4757 Σικυώνιος

228 4814 316 4823 ἡ.-
323 4816 436 4823 --.--—

310 4887 335 4952 1)
354 4882 456 4937 Confer
473 4898 547 4950 quae
566 4899 652 4952 supra
670 4900 697 4951 p.
712 4879 838 4934 axxvu
858 4880 893 4933 de
912 4880 963 4933 hoc
983 4878 1115 4947 catalogo
1136 4875 1352 4949 disputavimus.
