3442 5550
333 426 371 479 IV
870 430 1081 482 PRAEFATIO.

334 590 390 654 sed
415 589 588 654 editionem
610 591 736 675 qualem
755 615 840 657 nunc
860 592 925 656 iam
945 592 1049 678 magis
1069 614 1165 677 quarn
1184 592 1262 656 olim
1282 592 1441 678 philologi
1460 600 1614 677 cuperent

332 701 480 763 pararem
501 681 741 745 commentariis
760 682 924 767 perpetuis
939 682 1141 746 instructam.
1176 680 1283 765 Atque
1299 682 1416 746 dndum
1433 706 1484 747 me
1499 684 1610 747 biblio-

332 769 426 851 polae
446 768 667 833 honestissimi
683 771 841 853 adieraut,
857 777 893 834 ut
908 770 1049 834 llissenii
1065 771 1315 835 commentarios
1321 821 1329 851 ,
1347 793 1428 854 quos
1444 770 1613 836 Schneide-

332 857 436 922 winus
460 880 691 943 recognoscere
717 866 749 924 et
768 861 917 944 supplere
937 859 1108 943 coepisset,
1131 861 1244 943 plenos
1263 860 1329 923 iam
1348 883 1612 946 recognoscerem

333 956 366 1011 et
393 953 547 1031 provecto
577 948 652 1012 huic
681 948 781 1012 statui
807 949 995 1033 disciplinae
1019 948 1235 1034 philologicae
1259 952 1521 1014 accommodatos
1545 952 1613 1014 red-

332 1036 447 1100 derem.
496 1037 559 1099 Diu
589 1037 777 1122 refragator
804 1044 837 1102 et
864 1039 1038 1102 molestum
1062 1060 1143 1101 onus
1167 1038 1303 1101 infirmis
1328 1038 1408 1101 meis
1432 1040 1611 1103 cervicibus

330 1125 496 1210 imponere
515 1126 713 1190 dubitabam.
751 1126 836 1191 Nam
857 1126 999 1191 Dissenii
1019 1127 1257 1211 commentarii,
1281 1127 1426 1209 ‹puamvis
1446 1127 1611 1211 elegantes

330 1219 362 1279 et
391 1215 517 1299 diserti,
545 1216 656 1279 multis
685 1239 724 1279 ex
751 1216 899 1300 partibus
928 1216 1007 1279 mihi
1031 1216 1247 1299 displicebant
1270 1221 1302 1279 et
1325 1238 1427 1280 novos
1452 1240 1610 1280 (tommen-

329 1305 431 1368 tarios
469 1304 692 1369 conscribendi
725 1327 835 1370 curam
868 1310 900 1369 et
933 1304 1177 1369 Wilamowitzii
1214 1305 1396 1370 doctrinam
1429 1305 1610 1369 aenrulandi

329 1414 485 1457 conamen
509 1393 633 1457 viribus
655 1394 735 1458 meis
755 1396 880 1458 maiora
898 1415 968 1458 esse
987 1394 1145 1458 videbam.
1181 1393 1324 1458 Tandem
1344 1394 1516 1478 aliqnando
1537 1418 1610 1458 cum

328 1482 478 1547 laborum
506 1483 618 1568 fugam
646 1488 775 1568 turpem
803 1506 873 1547 esse
896 1487 1098 1568 reputassem
1122 1488 1155 1547 et
1178 1483 1275 1548 etiam
1299 1485 1475 1548 mediocres
1500 1484 1611 1548 diluci-

329 1571 475 1636 dationes
509 1572 621 1636 multis
655 1578 765 1657 gratas
798 1572 867 1636 fore
901 1594 1030 1656 sperare
1063 1573 1257 1657 coepissem,
1294 1578 1331 1636 nt
1367 1574 1449 1636 hanc
1483 1596 1610 1656 quoque

328 1668 453 1744 partem
478 1661 583 1725 iustae
612 1660 764 1725 editionis
792 1661 827 1724 in
855 1684 905 1725 me
933 1662 1109 1745 reciperem
1137 1667 1319 1727 commotus
1348 1685 1428 1726 sum.
1475 1661 1607 1745 Triplici

329 1755 437 1813 antem
467 1752 562 1814 modo
592 1773 722 1834 operam
752 1773 857 1814 meam
885 1751 1025 1834 partitus
1054 1773 1135 1815 sum.
1182 1750 1266 1815 Nam
1295 1773 1376 1834 quae
1405 1774 1455 1813 res
1479 1773 1544 1814 non
1568 1751 1607 1814 ad

329 1861 429 1903 unum
459 1840 600 1922 aliquem
629 1862 757 1903 versum
786 1840 841 1904 sed
868 1841 909 1903 ad
937 1841 1046 1904 omnia
1068 1839 1199 1904 Pindari
1227 1843 1369 1905 carruina
1392 1841 1609 1924 pertinebant,

328 1950 382 1992 eas
407 1929 440 1991 in
458 1927 768 2013 Prolegomenorum
792 1929 886 1993 libris
910 1930 1008 1994 tertio
1032 1933 1065 1993 et
1089 1931 1203 2012 quinto
1222 1929 1426 2013 pertractavi.
1464 1929 1608 2015 Singulis

328 2039 404 2081 vero
429 2018 626 2082 carminibus
649 2018 887 2082 introductoria
911 2023 1094 2083 commenta
1114 2019 1281 2104 praemisi,
1304 2019 1422 2102 quibus
1442 2041 1610 2103 argumen-

328 2111 398 2170 tum
422 2110 456 2170 et
479 2108 712 2171 sententiarum
736 2130 853 2171 nexum
878 2108 1036 2191 aperirem
1059 2114 1092 2172 et
1116 2132 1197 2192 (puae
1221 2110 1259 2172 do
1283 2108 1405 2173 victore
1429 2130 1556 2192 quoque
1576 2114 1608 2171 et

328 2195 460 2260 civitate
489 2196 617 2260 aliunde
646 2197 766 2261 tradita
791 2201 899 2262 esseut
923 2218 1158 2281 componerem.
1205 2197 1352 2280 Denique
1375 2198 1410 2261 in
1434 2197 1608 2283 exegeticis

327 2285 569 2350 commentariis
597 2285 702 2350 textui
730 2285 885 2350 subiectis
908 2286 1079 2370 perplexos
1102 2285 1192 2350 locos
1216 2287 1368 2369 enodare,
1396 2309 1502 2351 rernm
1526 2287 1608 2350 diffi-

326 2375 464 2439 cultates
492 2376 654 2460 expedire,
682 2375 808 2439 dicendi
836 2398 930 2439 usum
964 2375 1107 2457 artisque
1135 2397 1267 2439 veneres
1292 2375 1454 2440 illustrare
1488 2374 1607 2458 studui,

327 2469 364 2527 ut
388 2464 542 2547 quidquid
566 2464 687 2529 lumine
709 2463 989 2548 interpretationis
1007 2462 1182 2547 indigeret,
1206 2464 1291 2528 sicco
1310 2466 1390 2548 pede
1409 2464 1606 2529 transilirem

327 2553 418 2618 nihil.
464 2552 525 2617 His
557 2560 665 2618 antem
692 2553 727 2617 in
754 2554 850 2617 rebus
880 2554 1030 2617 omnibus
1058 2552 1201 2617 virorum
1230 2554 1412 2638 doctorum,
1444 2554 1500 2637 qui
1533 2559 1607 2617 aute

328 2664 378 2706 me
402 2641 533 2706 Pindari
557 2643 700 2707 carmina
723 2642 933 2707 commentati
952 2649 1057 2725 erant,
1082 2642 1235 2707 subsidiis
1255 2644 1381 2725 sedulo,
1404 2649 1441 2707 ut
1458 2666 1517 2727 par
1536 2643 1609 2725 fuit,

327 2753 405 2794 usus
435 2754 514 2795 sum.
561 2730 669 2815 Atque
696 2731 861 2815 profectus
890 2754 962 2795 sum
990 2754 1009 2795 a
1037 2732 1200 2795 veteribus
1229 2732 1375 2817 scholiis,
1407 2753 1543 2815 quorum
1572 2732 1607 2794 in

327 2821 424 2884 rebus
459 2820 624 2884 historicis
653 2821 753 2884 verba
779 2820 851 2904 ipsa
878 2821 988 2904 attuli,
1021 2823 1054 2884 et
1081 2822 1122 2884 ab
1151 2820 1360 2905 amplissimis
1389 2821 1546 2885 Boeckhii
1575 2827 1607 2884 et

326 2908 470 2973 Dissenii
503 2908 759 2992 commentariis,
792 2931 831 2973 ex
863 2909 981 2992 quibus
1013 2909 1166 2995 pleraque
1199 2932 1249 2974 me
1283 2916 1397 2974 mutua
1429 2910 1606 2994 sumpsisse

327 3003 421 3084 grato
446 2999 554 3063 animo
578 2999 744 3062 confiteor.
785 2996 848 3062 Sed
870 2999 973 3062 multa
992 2999 1091 3062 etiam
1112 2999 1192 3063 mihi
1211 3000 1459 3083 suppeditarunt
1478 3004 1606 3082 praeter

326 3088 485 3152 editiones
508 3094 541 3152 et
565 3087 855 3152 commentationes
880 3087 1008 3152 criticas
1033 3084 1076 3175 (v.
1095 3112 1125 3172 p.
1140 3086 1203 3151 XII
1219 3086 1272 3174 s),
1297 3088 1413 3171 quihus
1438 3092 1605 3170 tamqnam

326 3178 536 3242 laudamento
574 3200 685 3242 sanam
720 3176 1024 3261 interpretationem
1056 3177 1117 3241 uiti
1151 3181 1293 3261 oportet,
1330 3176 1471 3240 editores
1502 3175 1604 3239 Maur.

328 3264 476 3331 Schmidt
516 3268 632 3351 1869,
655 3266 789 3331 Fennell
814 3264 1058 3354 (1883),11111)1
1082 3264 1214 3355 (1890),
1238 3265 1453 3329 Gildersleeve
1478 3262 1605 3351 (1890),

326 3354 486 3420 Boehmer
517 3357 598 3421 1891
623 3357 839 3439 ,interpretes
853 3354 1010 3419 Thierseh
1025 3353 1354 3442 (1820),Ε100001011
1369 3351 1500 3440 (1892),
1520 3376 1604 3418 00111-

326 3448 523 3509 mentatores
557 3446 699 3530 hlezger,
734 3444 870 3508 Pindars
904 3444 1117 3530 Siegeslieder
1149 3443 1280 3531 (1880),
1317 3444 1414 3528 Leop.
1448 3442 1603 3527 Schmidt,

324 3532 460 3598 Pindars
488 3533 597 3598 Leben
633 3534 698 3597 und
729 3532 898 3618 Dichtung
925 3530 1066 3619 (1802),
1099 3534 1157 3597 Ed.
1185 3534 1363 3618 Luohbert,
1398 3532 1605 3597 Meletemata

325 3621 496 3687 Pindarica
540 3622 740 3709 1878-89),
767 3622 988 3705 Drachmann,
1017 3621 1065 3686 De
1093 3623 1308 3688 recentiorum
1336 3623 1604 3706 interpretatione

324 3710 496 3776 Pindarico
536 3710 651 3798 1891),
677 3712 769 3776 Tafel
797 3711 1037 3776 Rauchenstein
1064 3712 1290 3797 Furtwt'mgler
1318 3711 1356 3775 de
1379 3710 1490 3797 Jongh
1518 3710 1605 3774 Frie-

326 3801 453 3866 derichs
471 3801 631 3882 Jurenka,
651 3824 732 3886 quos
753 3823 863 3865 omnes
884 3823 921 3865 eo
941 3801 1046 3887 magis
1065 3802 1127 3866 hoc
1146 3802 1218 3866 loco
1238 3824 1311 3866 cum
1325 3801 1448 3864 honore
1461 3801 1606 3883 nomino,

326 3892 412 3975 quod
435 3913 516 3974 quae
540 3892 677 3978 singulis
700 3891 780 3957 locis
803 3891 844 3955 iis
868 3891 1017 3955 deberem
1041 3892 1160 3956 referre
1183 3890 1280 3954 nimis
1301 3890 1437 3975 longum
1456 3894 1488 3953 et
1508 3890 1606 3954 mole-

324 3984 413 4043 stum
436 4002 505 4044 esse
529 3980 614 4045 duxi.

413 4068 465 4132 Ad
488 4074 668 4134 extremum
692 4070 817 4152 amicis,
841 4068 896 4154 qui
915 4070 949 4133 in
968 4070 1068 4133 ardua
1087 4076 1119 4134 et
1139 4070 1247 4154 ampla
1265 4070 1326 4133 hac
1345 4091 1442 4153 opera
1461 4090 1512 4131 me
1530 4089 1605 4131 con-

324 4158 398 4223 silio
427 4158 557 4241 scriptis
585 4157 719 4223 monitis
750 4159 955 4242 adiuverunt,
988 4158 1111 4243 gratias
1139 4181 1202 4245 ago
1231 4182 1328 4243 quam
1357 4157 1526 4237 maximas,
1558 4157 1605 4219 in-

324 4247 438 4331 primis
466 4244 604 4311 0111010
634 4247 740 4313 Rack
767 4254 799 4312 et
828 4246 997 4333 Georgio
1025 4247 1126 4311 Karo
1154 4254 1187 4313 et
1216 4247 1352 4313 Ottoni
1377 4246 1604 4330 Schroeder,

325 4337 380 4421 qui
398 4335 478 4400 locis
498 4337 604 4402 dubiis
620 4337 745 4403 codices
760 4336 937 4401 Vaticanus
952 4342 985 4402 et
999 4336 1161 4401 hlediceos
1176 4338 1280 4402 denuo
1295 4338 1330 4402 in
1344 4359 1448 4401 meam
1463 4335 1604 4421 gratiam

324 4430 548 4511 excusserunt,
566 4431 599 4491 et
617 4427 746 4492 Iosefo
766 4427 931 4508 Hirmer,
951 4426 1006 4509 qui
1025 4426 1059 4489 in
1078 4427 1219 4512 plagulis
1238 4426 1438 4511 corrigendis
1458 4446 1603 4489 meorum

324 4514 492 4580 oculorum
515 4515 706 4602 languorem
730 4516 962 4580 humanissime
986 4515 1176 4579 sublevavit.

412 4657 617 4725 Monaohii.

1332 4754 1382 4823 W.
1403 4754 1523 4826 Christ.
