3442 5550
305 402 366 465 108
771 406 920 457 emnam
938 407 1104 458 ammom

304 590 414 646 pompa
438 571 586 629 cantando
611 572 699 630 unice
726 572 897 649 conveniat,
921 593 1007 632 omne
1032 593 1150 633 carmen
1176 575 1307 634 numeris
1331 577 1455 635 senariis
1479 570 1582 658 (ποσὶν

303 654 475 742 ἑξασήμοις)
495 661 656 736 temperari
674 661 736 720 veri
756 662 852 720 simile
871 668 924 721 est.
954 662 1020 733 Qua
1038 664 1073 722 dc
1093 682 1184 722 causa
1202 683 1305 723 versus
1324 666 1399 724 sexti
1418 686 1487 726 cum
1506 667 1581 727 dua-

302 768 369 807 rum
393 752 497 825 pateat·
520 751 569 808 via
593 750 773 809 divisionum

726 873 1153 922 ssat).vv-u-3-vv--

727 960 1154 1011 ssavxvssuwulL--

304 1071 472 1147 dipodicam
496 1070 671 1130 divisionem
699 1071 924 1147 praeferendam
948 1072 1032 1149 duxi,
1056 1072 1139 1130 etin
1164 1092 1251 1132 versu
1275 1075 1380 1150 quinto
1405 1076 1580 1136 dubitabam

303 1180 341 1219 au
365 1180 400 1218 ex
423 1160 515 1219 variis
538 1159 716 1219 lectionibus
739 1179 789 1220 eas
819 1162 993 1240 selegerem,
1024 1181 1101 1237 (puae
1124 1161 1293 1237 dipodicam
1316 1165 1502 1224 scansionem
1526 1166 1579 1225 ad-

302 1250 465 1309 mitterent..
511 1249 639 1309 Maiores
662 1270 732 1308 vero
756 1250 950 1309 difficultates
979 1250 1103 1327 pariunt
1126 1251 1273 1327 tripodiae
1297 1254 1489 1313 catalecticae
1512 1275 1579 1314 ver-

302 1358 390 1398 suum
419 1339 533 1416 quarti,
561 1339 693 1416 septimi,
722 1340 833 1418 octavi,
862 1359 990 1415 quorum
1017 1359 1158 1399 versuum
1185 1341 1299 1416 primus
1327 1346 1358 1402 et
1385 1343 1493 1402 tertius
1521 1345 1581 1403 nisi

303 1427 442 1487 inanibus
470 1428 654 1504 temporibus
683 1428 805 1487 adscitis
829 1432 884 1487 aut
906 1429 997 1506 longa
1019 1428 1103 1487 finali
1126 1429 1157 1486 in
1181 1430 1313 1505 spatium
1337 1449 1387 1490 sex
1411 1440 1581 1508 temporum

301 1518 448 1594 producta
472 1517 640 1593 dipodicam
664 1518 849 1576 scansionem
872 1537 930 1576 non
959 1518 1138 1595 admittunt,
1169 1518 1300 1578 medium
1323 1520 1378 1579 hoc
1402 1521 1489 1581 modo
1514 1542 1579 1598 per·

300 1607 474 1666 cutiendum
498 1606 586 1666 duco:

753 1720 770 1740 υ
789 1718 824 1740 -υ
842 1718 860 1740 υ
877 1712 911 1739 λ-
968 1720 1002 1740 -υ
1021 1718 1038 1739 υ
1065 1719 1081 1740 .·.
1111 1718 1126 1739 »ν

302 1804 402 1862 llinus
425 1803 502 1860 illud
525 1822 605 1880 curo,
628 1810 730 1861 utrum
754 1823 789 1861 ex
812 1802 929 1862 duobus
952 1803 1056 1879 primis
1080 1804 1234 1863 versiculis
1252 1824 1347 1864 unum
1366 1825 1484 1866 versum
1503 1806 1578 1867 duce

302 1892 432 1970 Berghio
456 1893 634 1970 faciendum,
658 1911 696 1950 au
720 1892 848 1951 Pindaro
873 1892 1025 1952 licentiam
1042 1911 1146 1952 versus
1170 1893 1200 1951 in
1225 1895 1399 1973 compagine
1421 1897 1579 1972 compositi

301 1981 431 2041 nominis
454 1974 694 2062 (φιλησί-μολπε)
717 1981 795 2040 finiti
823 1982 1049 2041 condonandam
1073 1985 1103 2040 et
1125 1982 1253 2057 primam
1281 1984 1402 2061 longam
1425 2004 1484 2043 non
1508 2004 1580 2045 ana-

302 2071 412 2130 crusim
433 2071 484 2130 sed
506 2076 623 2146 partem
646 2071 760 2146 primae
784 2070 921 2146 dipodiae
945 2064 997 2150 (cf.
1017 2071 1096 2129 Prol.
1115 2092 1143 2147 p.
1162 2068 1195 2151 u)
1219 2091 1281 2130 esse
1305 2073 1404 2132 ducas.
1439 2072 1578 2133 Ceterum

301 2160 444 2219 lectiones
468 2160 557 2218 huius
581 2160 729 2237 carminiS,
755 2180 823 2218 cum
847 2160 877 2218 in
901 2160 1010 2218 ultima
1032 2160 1144 2238 pagina
1167 2160 1276 2220 codicis
1300 2162 1454 2238 archetypi
1477 2182 1579 2222 exara-

303 2254 368 2307 tmn
389 2250 504 2325 fuisset,
529 2249 588 2306 iam
608 2249 778 2324 antiquitus
801 2250 874 2308 adeo
899 2249 1038 2308 turbatae
1062 2256 1156 2326 erant,
1179 2254 1214 2307 ut
1236 2251 1352 2310 metrici
1370 2255 1494 2330 veteres,
1518 2272 1580 2328 qua

303 2342 389 2397 erant
412 2338 525 2415 ingenii
548 2338 763 2416 imbecillitate,
787 2358 905 2397 carmen
927 2359 986 2397 non
1004 2338 1036 2396 in
1055 2340 1208 2414 stropham
1228 2342 1259 2398 et
1277 2340 1505 2417 antistropham,
1529 2343 1581 2401 sed

303 2427 332 2484 in
362 2427 437 2485 diras
465 2428 593 2504 impares
621 2429 759 2504 strophas
787 2427 961 2487 dividerent.
1007 2428 1144 2503 Denique
1172 2447 1277 2488 moneo
1306 2429 1445 2488 carminis
1468 2430 1580 2509 insigni

302 2516 448 2575 suavitati
472 2521 503 2575 et
525 2516 691 2592 Lydiorum
709 2517 865 2576 modorum
884 2517 983 2575 decori
1003 2510 1053 2596 (cl.
1069 2517 1160 2575 Arist.
1175 2518 1260 2593 polit.
1274 2537 1329 2576 nm
1347 2530 1361 2576 7
1378 2539 1406 2594 p.
1423 2509 1511 2577 laath
1529 2513 1578 2600 30)

303 2626 356 2664 nec
379 2626 440 2664 non
463 2606 587 2664 iuvenili
611 2606 705 2664 aetati
727 2606 849 2665 victoris
873 2626 1033 2681 puerorum
1058 2608 1181 2665 chorum
1204 2599 1334 2686 (παίδων
1354 2602 1456 2687 χορόν)
1480 2608 1578 2684 aptio-

302 2715 365 2753 rem
388 2695 480 2753 thisse
504 2714 595 2770 (paam
617 2696 750 2755 virorum
775 2692 908 2773 (ἀνδρῶν
931 2688 1042 2775 χορόν).

387 2854 394 2879 ’
463 2853 641 2933 Καφισίων
663 2849 796 2915 ὑδάτων
820 2855 969 2933 λαχοῖσαι
1272 2855 1352 2936 Στρ.
1376 2849 1419 2916 α’.

515 2959 584 3022 αῖτε
608 2960 715 3022 ναίετε
738 2961 948 3022 καλλίπωλον
971 2956 1087 3043 ἕδραν,

379 3056 395 3117 'f
463 3062 488 3130 ὦ
513 3071 653 3149 λιπαρᾶς
675 3065 821 3149 ἀοίδιμοι
844 3067 1007 3147 βασίλειαι

372 3166 381 3202 ²
463 3173 600 3256 Χάριτες
621 3171 828 3257 Ὀρχομενοῦ,
851 3175 1063 3254 παλαιγόνων
1087 3176 1226 3236 Μινυᾶν
1248 3171 1430 3254 ἐπίσκοποι
1475 3190 1491 3235 5

368 3334 385 3367 ·..
462 3278 566 3360 κλῦτ’,
590 3277 658 3344 ἐπεὶ
681 3280 830 3363 εὔχομαι·

517 3389 580 3451 σὺν
604 3387 666 3469 γὰρ
692 3387 748 3468 dp·
761 3410 819 3469 μιν
843 3385 882 3449 τά
905 3409 939 3450 τε
963 3385 1086 3468 τερπνὰ
1108 3383 1163 3450 καὶ

374 3597 454 3632 sama
473 3597 577 3632 nscrro.
607 3579 690 3632 luscr.
710 3595 763 3634 om.
784 3581 819 3647 B,
835 3577 972 3649 Ἀοωπίχω
990 3576 1122 3645 (Ἆσωπίω
1138 3579 1181 3647 Ε)
1196 3575 1363 3649 Ὀρχομενίαν
1377 3581 1485 3632 σταδιεῑ
1498 3578 1582 3632 παιδλ

305 3650 468 3718 Κλεοδάμου
490 3656 500 3699 t
506 3650 548 3703 'D
558 3651 598 3714 133
619 3652 765 3739 praeterea
784 3650 848 3706 add.
864 3636 977 3705 νικῶντι
995 3650 1046 3719 τὴν
1066 3636 1111 3715 ot‘
1128 3650 1166 3704 δλ.
1187 3651 1216 3704 D
1234 3662 1278 3717 (ε
1300 3656 1332 3717 Δ,
1346 3636 1399 3704 ὀς’
1419 3666 1453 3702 cx
1472 3650 1513 3714 αἶ’
1535 3654 1582 3716 Ξ),

304 3722 450 3790 νικήσαντι
473 3721 524 3790 τὴν
548 3723 594 3783 ο;’
616 3722 776 3790 ολνμπιιίδα
800 3723 830 3776 Ε
847 3755 879 3762 -
899 3721 1004 3777 Schol:
1031 3718 1112 3783 οὗτος
1136 3719 1244 3790 ἐνίκησε
1267 3721 1319 3790 τὴν
1343 3721 1389 3782 ο;’
1407 3718 1581 3789 Ὀλυμπιάδα

303 3792 405 3865 σταδίῳ
420 3826 454 3833 -
471 3800 493 3846 1.
513 3811 625 3860 καφισσ.
642 3793 672 3846 D
687 3826 718 3833 -
734 3792 794 3846 αἵτε
809 3793 905 3848 codd:
924 3791 1000 3847 ταλτε
1021 3793 1121 3859 Bergk,
1140 3797 1274 3862 λαχοΐοαν
1288 3791 1348 3845 αι’τε
1368 3791 1490 3859 Boeckh‚
1509 3792 1582 3845 veri·

304 3864 433 3918 similiter
459 3897 489 3903 —
514 3862 687 3917 καλλίπωλον
709 3866 737 3918 Β
745 3866 828 3920 λλἸλε
858 3863 1027 3936 καλλίβωλον
1051 3865 1097 3932 0¹,
1122 3868 1270 3932 utrumque
1294 3862 1379 3917 schol.
1405 3895 1436 3902 —
1462 3869 1486 3917 3.
1509 3861 1581 3933 Ὀρχ.

304 3937 439 3991 Βο])Ε;
455 3934 530 4006 Ἐρχ.
546 3954 579 3989 cx
598 3954 667 3991 recc.
683 3936 763 3991 codd.
779 3936 904 3997 Boeckh;
924 3937 959 3989 cf.
974 3936 993 3989 l.
1009 3955 1017 3987 1
1038 3953 1076 4002 aa,
1096 3936 1241 4003 antiquam
1261 3935 1380 3988 tonnam
1396 3932 1470 4003 Ἐρχ.
1485 3933 1582 4001 fuisse,

304 4012 444 4061 recentem
464 4005 536 4077 Ὀρχ.
561 4008 590 4060 in
619 4007 715 4060 Attica
746 4011 846 4075 quarto
877 4006 989 4060 saeculo
1020 4010 1086 4061 autc
1117 4006 1178 4061 Chr.
1203 4010 1294 4059 ortam
1325 4022 1385 4058 esse
1411 4005 1493 4058 docet
1518 4004 1581 4060 Joh.

305 4078 433 4133 Schmidt
451 4078 483 4132 K.
500 4080 527 4133 Z.
548 4079 580 4133 N.
598 4078 626 4133 F.
646 4099 685 4131 111
699 4097 738 4132 :no
758 4111 790 4118 —
810 4086 834 4132 4.
858 4079 940 4149 ὔμμιν
960 4078 1114 4133 Hermann:
1142 4079 1205 4146 ὑμῖν
1224 4077 1334 4144 1301),
1353 4077 1405 4129 σὺν
1424 4075 1509 4145 ὔμμιν
1528 4076 1582 4145 γὰρ

304 4149 375 4204 coni.
394 4150 521 4218 Bocchh,
548 4151 611 4205 side
636 4150 746 4204 antistr.
767 4182 799 4190 -
820 4150 854 4203 τά
877 4169 905 4203 τε
928 4148 1034 4214 τερπνὰ
1059 4149 1129 4203 coni.
1149 4150 1303 4203 Hemrann:
1327 4147 1362 4201 τὰ
1382 4148 1487 4215 τερπνὰ
1506 4148 1582 4216 BD,

376 4312 564 4347 counnsramn
602 4312 627 4347 v.
649 4299 671 4348 1.
696 4290 844 4361 Καφισίων
860 4338 864 4347 .
882 4336 887 4345 .
904 4335 909 4345 .
926 4291 1024 4359 ἕδραν·
1045 4309 1117 4360 ‹piac›
1137 4292 1231 4345 sedem
1251 4291 1280 4343 in
1298 4289 1367 4360 ripis
1386 4289 1513 4359 Cephissi
1532 4289 1582 4343 flu·

304 4364 387 4418 minis
406 4365 523 4418 sortitae
542 4363 664 4419 incolite.
694 4365 869 4419 Sententiam
888 4364 975 4431 igitur
993 4365 1130 4433 optimam
1149 4363 1233 4416 lectio
1251 4367 1377 4432 λαχοῖσαι
1392 4361 1518 4431 praebet,
1533 4361 1582 4414 sed

304 4440 393 4490 metro
413 4441 439 4490 ct
460 4435 539 4488 hiatu
564 4436 698 4489 orationis
718 4436 880 4489 coniectura
900 4435 1035 4489 Boeclrhii
1055 4440 1189 4503 λαχοῖσαι
1208 4433 1419 4488 commendatur
1437 4464 1472 4472 —
1491 4430 1582 4485 καλλί-

304 4512 411 4561 πωλον·
437 4506 547 4577 epinico
571 4507 689 4560 carmini
709 4507 801 4559 minus
821 4506 977 4560 fertilitatis
996 4503 1187 4576 (καλλίβωλον)
1207 4506 1269 4558 laus
1288 4504 1420 4558 convenit
1438 4520 1521 4572 quam
1541 4502 1582 4556 rei

304 4578 449 4647 equestris.
488 4578 579 4633 Simili
603 4579 728 4647 epitheto
753 4581 877 4633 stublon
901 4579 944 4632 usi
966 4584 1032 4631 sunt
1050 4578 1129 4632 Hom.
1148 4581 1170 4630 E
1189 4594 1236 4631 aa.
1257 4580 1283 4628 ll
1302 4592 1354 4641 aaz,
1374 4575 1457 4644 Soph.
1474 4574 1527 4628 OC.
1543 4590 1581 4627 m:

304 4684 339 4690 -
357 4657 381 4705 3.
402 4648 581 4718 παλαιγόνων
600 4654 729 4703 Μινυᾶν·
751 4650 861 4717 Minyas
880 4649 986 4719 priscos
1008 4648 1115 4701 incolas
1135 4647 1302 4701 Orchomeni
1321 4650 1403 4715 pocta
1427 4645 1508 4712 dixit,
1527 4644 1582 4698 llo·

304 4722 437 4777 maricam
456 4724 488 4791 (B
503 4726 553 4775 aiil
568 4719 736 4790 Ὀρχομενὸν
756 4722 895 4775 Μινύειον
914 4724 1033 4774 secutus.
1072 4719 1231 4787 llinyarum
1251 4722 1345 4771 nutem
1365 4717 1500 4786 populum
1514 4715 1582 4770 olim

303 4793 361 4847 late
385 4812 435 4864 pcr
457 4791 565 4846 insulas
589 4796 617 4845 et
641 4810 718 4846 oram
741 4792 876 4847 Graeciae
901 4792 1032 4845 diffusum
1057 4791 1143 4844 fuisse
1167 4794 1196 4843 ct
1222 4808 1285 4843 cnm
1309 4788 1366 4842 alia
1390 4789 1494 4858 oppida
1523 4790 1584 4841 tum

305 4863 509 4919 Orchomenum
528 4867 558 4918 et
575 4865 681 4919 Iolcum
700 4864 824 4919 tenuisse
843 4864 981 4918 Pindarus
1001 4863 1116 4931 eiusque
1135 4862 1268 4931 aequales
1288 4859 1439 4915 credebant
1459 4891 1493 4900 -
