3442 5550
595 367 744 417 rssnms
763 366 814 417 vn
833 364 903 434 [vn.

113 544 147 590 ει
166 528 345 610 χάλκασπις
368 520 394 615 ᾧ
417 530 544 613 πότμον
566 525 626 612 μέν
651 527 752 612 ’Ἆρης
774 528 896 613 ἔμιξεν,

166 636 242 718 τιμά
266 633 295 698 δ’
326 634 504 717 ἀγαθοῖσιν
527 634 714 700 ἀντίκειται.

168 746 246 806 luzo
270 743 333 824 γάρ
357 739 460 827 σαφές
483 743 572 819 ὅστις
595 741 631 807 έν
654 744 756 830 ταύτᾳ
778 741 900 829 νεφέλᾳ
923 742 1064 826 χάλαζαν

211 849 347 932 αἵματος
369 851 432 932 πρὸ
456 854 556 934 φίλας
578 850 704 936 πάτρας
727 850 898 934 ἀμύνεται,

168 1046 282 1127 λοιγὸν
305 1048 387 1111 ἀντα
410 1045 523 1130 φέρων
546 1046 684 1134 ἐναντίῳ
708 1056 853 1134 στρατῷ,

167 1151 276 1217 ἀστῶν
299 1163 395 1240 γενεᾷ
417 1152 587 1237 μέγισ-τον
609 1153 702 1230 κλέος
725 1155 835 1232 αὔξων

114 1275 149 1322 30
169 1261 259 1337 ζώων
282 1258 311 1324 τ’
337 1259 400 1325 ἀπὸ
424 1258 478 1325 καί
501 1263 625 1326 θανών.

168 1369 208 1430 τὺ
232 1365 282 1448 δέ,
306 1368 485 1432 Διοδότοιο
508 1380 582 1450 παῖ,
605 1369 752 1452 μαχατάν

168 1472 288 1537 αἰνέων
311 1473 520 1559 Μελέαγρον,
543 1473 665 1538 αἰνέων
689 1471 724 1538 δέ
747 1473 801 1539 καί
826 1472 968 1560 Ἕκτορα

166 1579 383 1665 Ἀμφιάρη-όν
405 1606 454 1664 τε,

167 1686 301 1752 εὐανθέ’
327 1688 547 1765 ἀπέπ-νευσας
570 1689 701 1755 ἁλικίαν

115 1901 149 1948 35
168 1884 346 1968 προμάχων
370 1883 418 1949 ἀν’
448 1886 579 1970 ὅμιλον,
602 1883 675 1951 ἔνθ’
701 1888 829 1971 ἀριστοι
1192 1889 1272 1970 Στρ.
1291 1883 1333 1968 γ’.

168 1994 264 2075 ἔσχον
286 1990 441 2076 πολέμοιο
464 2005 572 2069 νεῖκος
595 1992 744 2076 ἐσχάταις
767 2034 780 2041 -
805 1992 941 2058 ἐλπίσιν.
1353 2009 1388 2056 σο

182 2190 224 2239 25.
248 2185 329 2254 ἀρηςε
355 2183 402 2252 ἀρ’
424 2185 453 2239 D
472 2216 504 2224 -—
525 2191 566 2240 λδ.
590 2185 656 2255 τιμὰ
680 2190 709 2240 et
730 2191 796 2260 τιμᾷ
820 2188 847 2241 Β
872 2188 901 2239 et
924 2185 1008 2240 schol.
1029 2218 1063 2225 —
1082 2191 1124 2239 27.
1149 2183 1207 2248 ὅτις
1231 2185 1259 2239 D
1280 2218 1311 2225 —
1331 2185 1386 2251 πρὸ

111 2256 180 2310 coni.
201 2257 326 2311 Schmidt
352 2257 421 2325 πρὸς
445 2257 524 2311 codd.
552 2288 585 2297 -
612 2263 653 2312 ⁸28.
681 2258 753 2312 ἄντα
777 2256 872 2326 φέρων
898 2273 931 2312 ex
957 2256 1071 2311 scholiis
1094 2256 1242 2311 Thiersch:
1270 2256 1385 2327 ἀμύνων

111 2328 186 2395 BD,
213 2326 372 2396 ἀντιφέρων
397 2328 501 2400 Bergk,
528 2326 685 2383 ἀντιπνέων
705 2328 831 2383 Wolfflin
855 2328 926 2382 Phil.
946 2345 967 2396 7,
986 2344 1025 2383 νον
1046 2360 1078 2369 -
1098 2335 1140 2382 33.
1167 2326 1333 2398 ἀμφιάραόν
1355 2348 1384 2383 τε

111 2400 180 2465 BD,
199 2397 247 2453 ἀν’
265 2397 290 2453 'A
335 2399 442 2468 ιάρειον
461 2399 530 2454 coni.
546 2399 638 2471 Bergk
657 2433 689 2439 -
709 2406 751 2455 34.
773 2399 913 2455 εὐανθέαε
932 2399 995 2454 fort.
1011 2401 1178 2468 λευκανθέα,
1199 2401 1231 2452 nt
1249 2400 1304 2454 duo
1324 2400 1386 2455 cola

111 2470 210 2524 ultima
229 2458 281 2540 epd
302 2471 313 2523 i
331 2471 360 2523 in
379 2488 464 2523 unum
483 2488 594 2525 versum
612 2472 744 2544 coniungi
763 2471 884 2541 possint,
904 2470 938 2526 cf.
954 2471 988 2525 N.
1003 2490 1032 2523 11
1046 2488 1072 2526 aa
1086 2503 1121 2511 —
1140 2477 1181 2525 36.
1203 2470 1267 2541 ἔχον
1285 2470 1387 2525 maluit

110 2541 223 2596 Schmid
249 2574 283 2582 —
310 2541 438 2612 ἐσχάταις
462 2547 559 2611 (oum
584 2544 623 2611 D)
650 2541 695 2597 ἐπ’
717 2546 774 2598 έλτ.
795 2544 876 2611 BD,
903 2541 947 2595 ἐπ’
969 2542 1035 2597 eiec.
1056 2543 1099 2598 ed.
1119 2542 1197 2597 Rom.
1223 2575 1256 2583 -
1280 2540 1386 2597 ἐλπίσιν

109 2615 176 2683 Βμτ.
197 2616 226 2666 et
243 2613 347 2667 lemma
366 2613 395 2667 in
415 2615 455 2669 B:
475 2612 582 2668 ἐλπίσ..
603 2615 639 2684 Β,
660 2613 768 2669 ἐλπίσιν
788 2617 817 2669 D
840 2647 869 2653 —

109 2760 169 2828 τεῷ,
191 2755 377 2829 Θρασύβουλε,
398 2755 498 2810 κοινάν
515 2776 545 2812 τε
564 2762 648 2832 γενεᾷ
667 2755 758 2826 νίκαν,
778 2757 809 2812 0.
824 2776 845 2810 rr
862 2772 896 2826 aa,
914 2756 945 2811 P.
960 2775 978 2809 v
994 2773 1039 2811 roa.
1078 2754 1254 2825 Quamquam
1274 2755 1386 2810 facilius

110 2826 213 2881 cumlis
228 2827 362 2881 victoriae
386 2828 470 2882 decus
495 2846 558 2882 cum
582 2829 638 2883 alio
658 2829 858 2883 communicari
876 2827 971 2898 potuit
989 2845 1072 2896 quam
1092 2827 1241 2897 pancratii,
1260 2828 1384 2896 quando-

109 2898 222 2966 quidem
245 2899 276 2953 in
299 2899 442 2953 curulibus
471 2900 671 2954 certaminibus
697 2900 745 2969 qui
770 2905 897 2970 sumptus
916 2916 1050 2968 equorum
1070 2899 1234 2952 alendorum
1253 2899 1385 2967 fecerant,

109 2986 211 3023 corona
230 2970 416 3037 ornabantur,
440 2971 469 3024 in
493 2972 640 3041 pancratio
660 2972 717 3025 suis
736 2971 843 3026 viribus
862 2972 997 3026 victorem
1015 2969 1069 3023 niti
1089 2970 1244 3039 oportebat.
1283 2971 1386 3024 Verum

110 3041 266 3095 cumidem
284 3059 385 3096 nomen
404 3043 542 3096 avunculo
566 3046 595 3097 et
618 3042 676 3097 filio
700 3043 803 3098 sororis
826 3042 926 3097 victori
950 3041 1062 3109 inisset,
1089 3041 1152 3111 ipsa
1176 3041 1384 3096 renuntiatione

110 3112 231 3165 nominis
241 3113 355 3167 victoris
370 3114 453 3167 simul
468 3114 603 3169 memoria
617 3114 748 3168 avunculi
762 3113 913 3168 clarissimi
927 3112 1051 3167 excitata
1065 3115 1122 3180 est,
1136 3114 1283 3182 praeterea
1298 3130 1385 3166 arun·

109 3183 202 3237 culum
221 3184 308 3238 filium
335 3185 436 3240 sororis
463 3186 540 3240 lucta
558 3185 715 3240 instituisse
734 3188 763 3239 et
786 3185 816 3239 in
837 3185 958 3239 victoria
975 3183 1054 3254 pueri
1074 3182 1220 3237 recitanda
1238 3185 1383 3252 tamquam

110 3253 229 3324 aliptam
239 3273 302 3309 cum
316 3257 420 3310 honore
435 3260 682 3312 commemoratum
696 3273 757 3311 essa
767 3256 827 3310 reri
842 3257 933 3311 simile
948 3255 1019 3310 duco
1030 3289 1062 3297 -
1073 3261 1115 3308 25.
1127 3253 1217 3325 Ἄρης
1232 3254 1385 3308 infaustam

108 3343 232 3397 pugnam
251 3328 287 3380 ad
308 3327 474 3398 Oenophyta
501 3332 623 3399 spectat,
650 3328 680 3382 in
706 3345 763 3397 qna
788 3328 964 3398 Strepsiades
990 3326 1079 3380 maior
1099 3326 1128 3380 in
1146 3327 1237 3397 prima
1256 3325 1316 3380 acie
1335 3342 1385 3395 pro

108 3397 202 3467 patria
221 3398 373 3453 fortissime
391 3418 520 3471 pugnans
540 3400 643 3454 cecidit
662 3433 694 3440 -
714 3405 756 3453 27.
775 3400 864 3474 ταύτᾳ
883 3398 995 3472 νεφέλᾳ,
1015 3398 1045 3451 in
1063 3398 1124 3466 hac,
1144 3416 1229 3468 quam
1248 3398 1384 3452 translate

108 3468 179 3536 dixi,
199 3473 380 3540 tempestate,
407 3471 436 3524 id
455 3472 531 3541 quod
549 3489 605 3525 non
624 3472 707 3542 longe
726 3472 808 3526 abest
826 3489 844 3525 a
863 3471 979 3525 τοιαύτά
997 3468 1112 3544 νεφέλᾳ·
1141 3468 1241 3523 similis
1260 3470 1303 3525 vis
1322 3488 1384 3540 pro-

109 3541 229 3594 nominis
254 3538 334 3604 οὗτος
357 3546 401 3596 est
424 3543 457 3596 N.
477 3563 505 3595 11
525 3560 563 3610 νος
588 3542 623 3597 de
641 3543 670 3597 ri
694 3543 834 3597 manslata
852 3525 984 3597 vocabuli
1003 3541 1121 3611 νεφέλας
1139 3542 1211 3596 cons.
1231 3540 1322 3610 φόνου
1341 3561 1384 3596 νε-

108 3610 198 3680 φέλαν
217 3613 250 3666 N.
270 3632 298 3666 rx
316 3631 342 3668 ss
360 3645 395 3653 —
414 3612 538 3682 χάλαζαν
557 3613 685 3684 αἵματος,
705 3618 850 3669 cruentam
868 3613 1047 3684 grandinem3
1072 3613 1106 3666 cs.
1126 3613 1146 3668 l.
1166 3632 1183 3666 v
1202 3630 1228 3666 so
1246 3616 1276 3667 et
1300 3613 1383 3684 Soph.

110 3683 165 3738 ΟΒ.
182 3701 234 3739 1279
248 3684 318 3754 ὁμοῦ
332 3685 415 3754 μέλας
430 3685 532 3811 ἀμχλρος
545 3687 664 3756 χαλάζης
678 3685 804 3756 αἰμάτων
819 3685 942 3756 ἐτέγγετο
959 3718 992 3724 -
1011 3689 1053 3739 28.
1073 3684 1167 3754 λοιγὸν
1186 3683 1257 3738 ἀντα
1277 3683 1383 3752 φέρων·

108 3755 142 3809 ci.
162 3754 248 3825 epigr.
269 3756 323 3810 AP.
343 3775 382 3809 vn
399 3774 438 3812 4³8
476 3758 559 3826 ριμὺν
583 3756 627 3811 ἐπ’
649 3758 778 3821 Αἰτωλοῖς
797 3755 955 3826 ἀντιφέρων
974 3753 1095 3825 πόλεμον
1114 3788 1146 3795 -
1167 3762 1208 3809 29.
1229 3756 1320 3811 ἀστῶν
1339 3774 1383 3826 γε·

108 3831 166 3900 νεᾴ,
186 3830 218 3880 ut
234 3832 350 3894 Λοκρῶν
370 3830 470 3897 γενεάν
489 3828 520 3883 Ο.
536 3847 564 3881 x1
583 3843 608 3883 ισ
627 3860 660 3869 -
680 3834 723 3884 30.
742 3829 799 3883 ἀπὸ
818 3831 866 3883 καλ
885 3829 986 3883 θανών
1011 3844 1060 3897 pro
1087 3827 1135 3880 nel
1158 3827 1327 3881 ἀποθανών·
1348 3827 1382 3882 cs.

108 3897 139 3951 0.
154 3917 203 3950 vrn
219 3916 243 3952 ιο
259 3931 289 3938 -
310 3904 352 3954 31,
373 3899 521 3954 Διοδότοιο
540 3908 601 3967 παῖ,
619 3900 709 3970 patris
728 3900 842 3955 Diodoti
861 3900 973 3955 nomine
992 3898 1167 3967 Strepsiadcs
1186 3897 1276 3951 maior
1295 3916 1312 3952 a
1331 3900 1383 3952 mi-

108 3986 174 4023 nore
193 3969 354 4040 Strepsiade
380 3970 516 4042 distingui
543 3971 666 4040 ridetur,
690 3971 758 4025 licet
779 3972 842 4041 quis
868 3972 951 4025 huius
974 3968 1090 4022 minoris
1114 3967 1283 4037 Strepsiadis
1302 3974 1384 4039 pater

109 4041 194 4094 fuerit
211 4040 350 4095 nescimus
371 4075 402 4082 -
424 4050 465 4096 32.
485 4040 650 4112 Μελέαγρον
668 4043 820 4112 perniciem
839 4060 856 4095 a
875 4042 968 4112 patria
987 4039 1115 4093 Aetolica
1138 4038 1167 4091 in
1191 4038 1266 4093 bello
1287 4045 1384 4094 contra

107 4112 220 4166 Curetes
246 4112 382 4167 avertisse
407 4131 440 4167 ex
463 4114 582 4168 Homero
606 4113 638 4168 ll.
657 4133 685 4167 rx
704 4130 743 4170 sao
758 4132 793 4168 ss.
812 4114 949 4167 norimus.
987 4110 1080 4164 Etiam
1104 4109 1199 4179 aptius
1225 4112 1382 4180 exemplum

107 4183 234 4237 Hectoris
253 4183 308 4237 fuit
326 4202 376 4254 pro
396 4185 490 4255 patria
507 4202 558 4238 sua
572 4185 723 4240 fortissime
738 4187 854 4238 mortem
869 4182 1075 4247 occumbentis,
1095 4184 1193 4235 contra
1212 4182 1303 4235 minus
1322 4182 1383 4236 ido-

106 4272 190 4308 neum
208 4254 365 4325 exemplum
384 4255 550 4326 Amphiarai
574 4260 629 4324 est,
655 4260 752 4326 utpote
772 4255 820 4324 qui
838 4272 894 4308 non
913 4253 1034 4324 patriam
1053 4270 1134 4306 suam
1152 4252 1313 4319 defendens,
1333 4255 1382 4307 sed

106 4324 213 4380 bellum
231 4326 372 4380 Thebanis
391 4328 512 4381 inferens
532 4326 693 4394 occidisset;
720 4328 821 4382 sedne
841 4326 931 4381 hostis
950 4325 1064 4395 quidem
1087 4324 1284 4378 fortitudinem
1302 4325 1383 4394 probi

106 4396 231 4452 homines
247 4401 441 4465 contemnunt,
461 4403 607 4469 praeterea
622 4398 759 4469 suspicari
772 4398 840 4452 licet
858 4397 1049 4468 Strepsiadem
1064 4413 1174 4465 qnoque
1188 4400 1282 4450 ratem
1297 4395 1383 4450 luisse

107 4468 227 4537 ideoque
240 4468 443 4539 Amphiaraum
459 4473 552 4524 vatem
567 4487 669 4539 magno
684 4470 713 4523 in
728 4470 831 4523 honore
846 4470 987 4523 habuisse.
1007 4468 1143 4538 Berghius
1163 4471 1195 4521 ut
1212 4485 1247 4521 ne
1266 4467 1383 4537 Amphi-

107 4556 204 4593 araum
229 4542 339 4609 patriae
365 4541 558 4595 defensoribus
584 4541 766 4607 immisceret,
791 4539 838 4595 ἀν’
858 4540 1034 4610 Ἀμφιάρεων
1059 4538 1184 4609 scripsit,
1210 4556 1265 4608 quo
1290 4538 1383 4593 locum

107 4611 150 4678 (cf.
171 4611 262 4666 Strab.
281 4632 309 4664 rx
328 4632 354 4681 p.
374 4630 421 4667 aas.
440 4617 503 4681 ωε),
527 4613 575 4667 ubi
600 4612 775 4682 Strepsiades
798 4629 927 4682 pugnans
953 4614 1071 4665 mortem
1095 4610 1284 4679 occubuisset,
1310 4610 1382 4663 indi-

106 4684 195 4750 caret,
220 4685 251 4735 at
269 4684 369 4751 putida
388 4684 456 4737 haec
481 4684 630 4754 diligentia
649 4683 838 4754 geographica
857 4687 932 4738 esset
951 4683 980 4736 in
1000 4686 1085 4753 poeta
1104 4699 1156 4750 res,
1176 4699 1248 4750 quae
1267 4682 1303 4735 ad
1323 4681 1383 4735 ani-

105 4771 181 4807 mum
201 4755 430 4808 commovendum
450 4755 521 4809 nihil
540 4757 666 4825 afferant,
686 4772 736 4809 suo
756 4755 814 4808 iure
833 4754 1000 4827 neglegente
1015 4787 1049 4794 —
1066 4760 1108 4809 36.
1128 4753 1259 4823 πολέμοιο
1278 4762 1382 4816 νεῖκος·

106 4827 140 4881 cf.
160 4825 240 4880 Hom.
261 4828 290 4878 N
309 4842 347 4880 εει
367 4835 458 4890 νεῖκος
477 4826 615 4897 πολέμοιο,
635 4847 650 4881 ο
669 4844 717 4884 τοι.
736 4848 758 4881 ω
777 4844 825 4883 σεε.
855 4826 939 4883 Arist.
960 4826 1042 4896 Vesp.
1061 4843 1109 4882 sas.

159 4925 284 4966 anninus
299 4926 334 4966 sd.
349 4926 453 4966 Christ.
1136 4921 1171 4969 ‘24
