3442 5550
773 1221 932 1274 NEllEON.
952 1215 995 1273 B'.

500 1382 890 1468 TlMOAHMo.
932 1381 1271 1466 ΑΘΗΝΑΙΩι

735 1577 1037 1628 ΠΛΓΚΡΑΤΙΑΣΤΗι.

341 2637 465 2696 Carmen
484 2638 539 2697 hoo
558 2637 748 2697 inhonorem
768 2638 932 2696 Nemeaeae
951 2637 1094 2696 victoriae
1114 2635 1288 2712 Timodemi,
1308 2636 1445 2695 Timonoi
1464 2637 1526 2713 lilii,

251 2727 473 2803 pancratiastas
501 2727 645 2803 seriptum
674 2730 726 2785 est.
777 2727 807 2785 ls
835 2747 870 2785 ex
892 2727 995 2785 Attica
1024 2728 1113 2803 gente
1142 2725 1414 2784 Timodemidarum
1443 2729 1526 2785 ortus

251 2817 331 2876 inter
358 2817 484 2876 maiores
512 2835 580 2876 suos
607 2816 720 2875 multos
743 2817 871 2876 victores
894 2815 1033 2874 ludorum
1060 2814 1291 2874 domesticorum
1314 2833 1526 2890 sacrorumque

213 2913 226 2935 ⁰
251 2905 367 2966 habuit.
412 2906 494 2965 Idem
522 2910 623 2965 autem
650 2905 731 2982 quod
758 2909 789 2964 et
812 2904 961 2963 Salamine
985 2907 1016 2961 et
1039 2903 1186 2962 thamis
1209 2907 1299 2973 natus
1322 2904 1358 2960 ad
1383 2903 1527 2962 virtutem

252 3013 315 3054 esse
339 2994 449 3055 dieitur
472 2987 513 3075 (v.
539 3007 579 3055 13.
606 2989 663 3075 16),
686 2995 747 3052 iam
770 2996 883 3054 veteres
907 2992 1024 3052 criticos
1048 2994 1188 3069 exercuit,
1212 3011 1340 3069 quorum
1364 2993 1527 3051 sententias

252 3083 326 3160 ipsis
350 3085 529 3143 scholiorum
553 3085 650 3143 verbis
679 3084 787 3142 referre
811 3082 941 3158 expedit:
972 3082 1096 3158 ζητεῖται
1125 3079 1174 3140 διὰ
1201 3081 1231 3140 τί
1252 3079 1380 3157 δήποτε
1405 3079 1438 3139 τὰ
1462 3079 1528 3160 περὶ

252 3174 409 3251 Σαλαμῖνα
433 3173 475 3244 εἰς
494 3173 562 3244 τοὺς
580 3170 647 3249 περὶ
667 3170 838 3250 Τιμόδημον
856 3169 962 3250 λόγους
981 3179 1156 3249 προσῆκται·
1181 3168 1217 3229 οὐ
1236 3167 1292 3249 γὰρ
1311 3168 1408 3246 δήπου
1428 3173 1527 3229 Σαλα-

254 3262 352 3340 μίνιος
374 3254 427 3340 ην·
451 3259 591 3340 άντικρυς
614 3259 669 3341 γάρ
692 3259 784 3320 αὐτὸν
800 3254 937 3338 Ἀχαρνέα
956 3259 1032 3337 φησί
1055 3259 1105 3320 τὸν
1130 3259 1233 3338 δῆμον.
1268 3253 1451 3338 Ἀρίσταρχος
1474 3256 1528 3338 μὲν

254 3341 310 3411 οὖν
328 3359 381 3429 τῆς
396 3351 556 3422 Αἰαντίδος
576 3355 674 3428 φυλῆς
698 3343 787 3427 εἶναι,
811 3348 866 3410 οὐκ
888 3346 988 3428 ὀρθῶς
1012 3347 1044 3408 δέ
1062 3363 1168 3425 φησιν·
1194 3349 1225 3408 οἱ
1239 3347 1294 3428 γὰρ
1310 3341 1458 3428 Ἀχαρνεῖς
1477 3357 1529 3426 τῆς

256 3439 400 3518 Οἰνηίδος
418 3445 515 3516 φυλῆς
535 3440 617 3498 εἰσιν.
655 3439 686 3500 οί
702 3435 733 3498 δὲ
756 3437 823 3516 περὶ
834 3431 1051 3516 Ἀσκληπιάδην
1066 3439 1169 3516 φασίν,
1188 3436 1231 3497 ὅτι
1246 3437 1323 3509 ειίιός
1341 3436 1418 3497 ἔστιν
1438 3436 1529 3498 αὐτὸν

253 3521 330 3588 εἶναι
344 3537 401 3588 τῶν
415 3527 469 3605 τὴν
479 3532 635 3606 Σαλαμῖνα
649 3527 985 3607 κατακληρουχησάντων
998 3521 1180 3606 Ἀθηναίων·
1196 3525 1274 3598 εἰκὸς
1288 3517 1344 3586 οὖν
1359 3525 1450 3587 αὐτὸν
1463 3550 1528 3607 γεν-

254 3615 387 3696 νηθέντα
399 3611 545 3695 Ἀθήνησι
560 3611 647 3698 (corr.
661 3610 830 3697 Ἀχάρναις)
849 3616 1022 3696 τεθράφθαι
1039 3615 1072 3676 ἕν
1087 3620 1250 3695 Σαλαμῖνι·
1275 3615 1407 3694 Δίδυμος
1426 3634 1530 3694 φησιν,

255 3705 299 3768 ὅτι
313 3707 383 3779 ἴσως
398 3704 519 3783 άμεινον
535 3705 637 3786 λέγειν,
651 3705 696 3766 ὅτι
710 3705 751 3778 εἰς
767 3706 882 3765 Αἴαντα
896 3703 1019 3785 ἀνέφερε
1034 3705 1065 3766 τὸ
1080 3705 1177 3785 γένος,
1191 3704 1287 3783 ὥσπερ
1302 3706 1347 3768 καὶ
1360 3705 1530 3783 Μιλτιάδης

254 3795 305 3857 καί
319 3796 424 3875 Κίμων
438 3795 488 3855 καί
503 3792 689 3874 Ἀλκιβιάδης
707 3793 756 3855 καί
773 3795 963 3873 Θουκυδίδης
978 3791 993 3854 ὃ
1009 3795 1196 3875 συγγραφεὺς
1216 3789 1291 3855 δὈλ
1302 3795 1371 3873 τρου.
1396 3794 1530 3865 Quarum

255 3886 347 3945 trium
371 3886 585 3945 sententiarum
608 3885 738 3944 mediam
760 3886 846 3944 unice
865 3885 1103 3960 amplectendam
1122 3905 1184 3945 essa
1204 3885 1430 3961 comprobatum
1449 3889 1495 3944 est
1513 3904 1531 3942 a

255 3975 486 4036 Wilamowitzio
507 3974 607 4033 Herm.
620 3987 661 4051 12,
671 3986 731 4033 342.
763 3974 925 4033 Cantatum
944 3992 1006 4033 esse
1026 3976 1081 4034 hoo
1101 3995 1218 4034 carmeu
1233 3974 1368 4050 Athenis,
1387 3973 1531 4050 incapite

255 4065 321 4144 agri
348 4064 456 4140 Attici,
489 4084 524 4123 ex
556 4064 728 4123 laudatione
757 4063 838 4122 urbis
869 4064 1056 4122 Athenarum
1083 4058 1124 4144 (v.
1145 4058 1175 4145 8)
1204 4063 1281 4122 effici
1308 4062 1435 4122 videtur.
1487 4064 1531 4122 De

255 4157 397 4230 tempore,
421 4173 480 4229 quo
504 4153 649 4229 seriptum
674 4153 721 4229 sit,
745 4153 819 4210 nihil
842 4152 916 4211 certi
938 4155 1099 4213 memoriae
1122 4153 1268 4211 traditum
1287 4155 1340 4210 est.
1378 4152 1533 4231 Sagaoiter

256 4247 357 4303 autem
384 4243 530 4301 Ernestus
564 4243 650 4319 Graf,
683 4241 759 4300 Pind
795 4241 854 4319 log.
878 4241 997 4317 Stroph.
1029 4263 1056 4318 p.
1080 4254 1128 4319 39,
1161 4261 1196 4300 ex
1227 4244 1392 4301 metrorum
1423 4242 1532 4318 indole,

257 4351 333 4410 quae
353 4332 459 4390 similis
478 4336 523 4390 est
542 4332 708 4391 carminum
724 4329 757 4391 Ο.
772 4349 803 4387 rx
819 4338 849 4388 et
863 4331 895 4389 P.
910 4349 965 4389 vm
981 4352 998 4389 a
1013 4335 1102 4407 poeta
1116 4332 1175 4388 iam
1191 4334 1359 4390 senescente
1375 4332 1533 4406 factorum,

255 4423 310 4482 hoo
335 4440 454 4498 quoque
474 4441 592 4480 carmen
612 4422 649 4480 ad
668 4419 834 4496 posteriora
855 4424 991 4495 tempora
1010 4423 1197 4483 ress—451
1220 4439 1245 4477 a.
1266 4413 1332 4499 ch.)
1352 4421 1532 4480 reiciendum

256 4529 319 4570 ease
334 4510 452 4569 statuit
480 4512 558 4569 Nam
574 4511 653 4587 quod
667 4510 872 4568 Fraooarolius
887 4529 922 4568 ex
941 4529 984 4586 eo,
1000 4509 1080 4585 quod
1100 4508 1260 4568 Salaminis
1278 4510 1346 4568 laus
1361 4528 1379 4567 a
1392 4509 1532 4586 mythiois

256 4599 450 4677 temporibus,
473 4621 531 4658 non
557 4621 575 4658 a
598 4599 764 4658 clarissima
787 4598 953 4657 Salaminia
975 4598 1101 4657 victoria
1124 4599 1225 4658 navali
1247 4602 1441 4676 repeteretur,
1464 4602 1533 4657 ante

257 4688 340 4749 illam
365 4709 499 4767 pugnam
524 4690 585 4747 sive
609 4691 678 4746 ante
703 4706 729 4745 a.
748 4698 800 4746 480
820 4706 845 4745 a.
865 4686 931 4745 Chr.
951 4706 1069 4746 carmen
1093 4689 1291 4765 compositum
1314 4707 1376 4748 esse
1400 4687 1534 4766 coniecit,

256 4778 312 4840 hoo
341 4779 440 4837 minus
468 4778 562 4853 valet,
591 4777 616 4835 si
644 4778 774 4835 multum
802 4776 944 4851 temporis
973 4776 1162 4837 interiectum
1191 4779 1263 4856 luit;
1290 4781 1444 4854 praeterea
1468 4779 1534 4837 vide

257 4872 361 4928 uotam
386 4868 424 4926 ad
446 4889 473 4927 τ.
501 4879 540 4925 16.
589 4866 725 4924 Ceterum
750 4866 862 4924 Nemea
885 4865 1020 4945 secundi,
1047 4887 1107 4926 non
1135 4869 1236 4945 quarti
1259 4869 1330 4927 anui
1350 4866 1536 4945 Olympiadis

1272 4967 1323 5023 10*
