3442 5550
217 365 282 428 216
684 367 832 418 prunam
850 366 1009 419 araurem

217 538 373 595 cantatum
396 554 457 594 esse
481 534 649 594 Boeclrhius
672 534 788 611 statuit,
808 553 869 610 qua
887 537 987 593 tannen
1006 534 1041 593 de
1064 553 1165 593 reme
1189 553 1248 593 non
1272 532 1492 593 adsentientem

216 625 263 684 vir
285 624 474 684 doctissimus
496 624 594 683 habet.

305 714 468 773 Exorditnr
485 716 575 789 poeta
594 732 612 770 a
630 715 711 772 clara
729 715 817 791 gente
836 713 1080 789 Heraclidamm,
1104 712 1253 771 Thessalis
1277 732 1371 789 aeque
1396 715 1492 789 atque

218 803 459 862 Lacedaemoniis
482 802 720 878 imperitantium
743 794 851 883 (1-3).
898 802 955 861 Sed
985 801 1088 860 statim
1111 801 1148 860 ab
1171 802 1228 861 hac
1250 822 1294 879 re,
1324 804 1360 859 ut
1389 800 1494 861 aliena

218 892 377 952 aconsilio
400 891 456 950 sibi
480 892 640 968 proposito,
664 910 694 950 se
718 894 838 950 revocat
860 891 898 949 ad
921 891 1133 967 praedicandos
1151 890 1303 949 Alcuadas
1324 892 1356 951 et
1373 889 1494 967 Hippo-

218 983 305 1059 clem,
330 981 383 1057 qui
406 981 507 1040 diaulo
531 981 627 1041 victor
649 981 773 1056 Delphis
796 980 986 1039 renuntiatus
1013 980 1120 1057 patris,
1149 980 1270 1057 quibis
1294 977 1438 1056 Olympia
1463 984 1496 1039 ct

218 1071 308 1130 semel
336 1070 447 1147 Pythia
469 1070 586 1148 vicerit,
615 1070 743 1147 vestigia
765 1070 848 1147 legat
871 1073 901 1128 ct
924 1089 979 1145 ope
1003 1069 1126 1128 deorum
1150 1068 1241 1128 ctiam
1270 1069 1360 1146 plura
1382 1069 1496 1129 decora

218 1162 432 1220 consecuturus
459 1160 511 1235 sit3
542 1160 622 1219 omni
650 1159 770 1235 quidem
798 1178 833 1217 ex
860 1161 944 1235 parte
967 1158 1087 1218 beatam
1109 1158 1204 1217 vitam
1228 1158 1406 1217 mortalibus
1431 1178 1495 1219 non

219 1268 387 1309 concessam
417 1267 479 1309 esse
507 1268 602 1325 neque
630 1249 710 1308 viam
739 1248 777 1306 ad
804 1248 1063 1324 Hyperborcorum
1090 1247 1210 1306 beatam
1237 1252 1357 1326 gentem
1385 1250 1496 1323 patere

219 1332 344 1421 (4-30).
389 1339 467 1398 Hinc
495 1339 645 1414 profectus
672 1337 807 1397 fabulam
834 1337 999 1415 subtexuit,
1026 1337 1110 1395 tenui
1142 1336 1192 1396 filo
1219 1337 1304 1395 illam
1333 1355 1403 1396 curn
1434 1336 1496 1415 Py·

219 1429 299 1488 thice
317 1428 443 1487 victoria
466 1428 680 1504 cohaerentem,
695 1427 730 1485 de
744 1427 860 1503 Perseo,
880 1427 1002 1484 Danaae
1020 1424 1092 1503 filio,
1110 1445 1205 1502 usqne
1225 1427 1263 1485 ad
1281 1425 1497 1502 Hyperboreos

218 1519 393 1594 penetrante
416 1520 446 1576 et
470 1520 580 1575 sortem
603 1516 804 1575 felicissimam
827 1517 940 1575 visente
964 1515 1051 1574 istius
1074 1515 1185 1592 gentiS,
1213 1534 1291 1591 <qnae
1315 1515 1370 1573 sub
1393 1514 1498 1575 tutela

219 1606 368 1683 Apollinis
392 1605 501 1666 morbis
520 1608 550 1664 et
569 1606 729 1665 senectutis
747 1604 834 1665 malis
858 1607 958 1664 carcat
981 1606 1011 1662 et
1034 1604 1146 1663 choreis
1170 1604 1497 1681 comissationibusquc

220 1714 328 1755 vacans
355 1695 551 1756 laetissimam
576 1694 671 1753 vitam
699 1695 789 1773 degat
817 1685 960 1774 (31-66).
1006 1693 1120 1753 Iterum
1147 1712 1165 1752 a
1192 1698 1280 1772 grata
1309 1693 1365 1752 bac
1393 1694 1497 1770 specie

220 1786 367 1861 perfectae
395 1784 549 1843 felicitatis
577 1801 607 1843 se
634 1802 776 1844 revocans
806 1783 843 1841 ad
871 1782 1026 1859 Hippoclis
1049 1786 1235 1859 praesentem
1258 1782 1414 1843 fortunam
1438 1801 1499 1842 sua

220 1876 306 1933 llusa
325 1874 533 1933 illustrandam
553 1873 630 1932 redit
649 1865 793 1953 (tl—63).
828 1872 890 1931 Sub
909 1871 997 1931 finem
1016 1891 1035 1930 a
1049 1872 1190 1949 Thorace,
1208 1891 1268 1931 unc
1288 1892 1323 1931 ex
1337 1871 1499 1951 Aleuadis,

220 1964 258 2022 ad
281 1983 398 2023 carmen
423 1962 590 2022 laciendum
614 1962 775 2022 invitatum
800 1981 830 2020 se
854 1980 916 2021 esse
940 1961 1098 2036 profitetur
1121 1965 1151 2020 et
1168 1961 1266 2039 gentis
1285 1960 1500 2022 Aleuadarurn

218 2052 358 2130 regimen,
382 2070 442 2128 qno
466 2051 675 2110 Thessalorum
698 2070 744 2109 res
769 2051 880 2127 optime
904 2050 1157 2128 administrentur,
1181 2049 1304 2111 candide
1327 2050 1445 2109 laudat

307 2142 454 2200 Pindarus
478 2140 637 2199 admodum
660 2140 776 2200 iuvenis
800 2141 854 2199 hoc
878 2157 995 2197 carmen
1019 2141 1131 2217 panxit,
1156 2140 1207 2198 sed
1226 2139 1285 2197 iam
1304 2139 1333 2198 in
1353 2139 1411 2198 hoc
1430 2158 1500 2200 car·

219 2232 310 2307 nune,
341 2231 473 2289 omnium
504 2230 726 2306 antiquissimo,
757 2228 874 2306 egregie
906 2231 1001 2287 artem
1031 2229 1227 2305 epiniciorum
1254 2228 1422 2288 carminum
1448 2249 1502 2289 ex·

219 2320 334 2395 pressit.
380 2318 480 2378 Habes
503 2319 637 2377 fabulam
660 2318 828 2378 laudationi
852 2318 1010 2395 intextam,
1039 2318 1204 2378 orationem
1227 2317 1391 2393 splendidis
1416 2337 1502 2379 com·

220 2408 426 2485 parationibus
445 2414 502 2488 (³27.
523 2421 565 2468 61.
585 2419 626 2465 64.
647 2408 695 2489 67)
716 2407 939 2483 audacibusque
958 2407 1140 2483 metaphoris
1164 2409 1345 2484 exornatam,
1369 2407 1504 2469 chorum

220 2504 320 2573 laertes
352 2501 457 2573 poetae
486 2518 545 2557 non
578 2516 648 2555 suas
680 2500 827 2573 tuentem,
860 2496 987 2572 denique
1016 2496 1179 2556 sententias
1207 2496 1330 2555 deorum
1356 2516 1503 2557 reveren·

221 2587 294 2645 tiam
319 2578 376 2665 (⁶20.
397 2597 437 2645 ⁶27.
458 2598 500 2644 lt.
520 2580 569 2668 47)
598 2588 628 2644 et
656 2586 848 2661 optimatium
877 2585 1011 2644 favorem
1040 2578 1084 2665 (71
1108 2578 1165 2668 sq.)
1190 2585 1346 2662 spirantes,
1388 2586 1505 2647 Altera

221 2696 255 2734 ex
278 2679 363 2751 parte
392 2696 450 2735 non
481 2675 588 2733 desunt
614 2676 683 2733 hnic
707 2675 830 2733 carmini
854 2674 993 2732 iuvenilis
1017 2675 1130 2735 ardoris
1154 2679 1184 2734 et
1207 2675 1350 2734 audaciae
1373 2674 1504 2757 indicia,

220 2765 298 2823 unde
328 2764 408 2840 qnod
435 2764 520 2822 filum
548 2764 690 2823 orationis
718 2763 804 2823 modo
834 2763 1006 2822 inchoatum
1035 2756 1075 2843 (v.
1101 2758 1132 2843 l)
1163 2764 1329 2840 abruperit,
1358 2763 1504 2827 fabulum

221 2853 482 2930 Hyperboreorum
505 2874 539 2912 cx
563 2853 760 2912 remotissimo
784 2853 848 2911 loco
872 2852 1059 2912 arcessiverit
1077 2846 1118 2930 (v.
1138 2865 1168 2911 31
1191 2846 1253 2933 ss),
1273 2853 1412 2931 regiones
1432 2874 1505 2933 sep·

221 2943 415 3003 tentrionales
443 2948 473 3002 ct
501 2943 696 3002 occidentales
724 2942 954 3001 commutaverit
990 2962 1030 3001 iv.
1056 2936 1119 3024 46),
1147 2942 1275 3018 denique
1310 2942 1440 3021 frigidas
1470 2950 1506 3005 ct

221 3033 453 3109 dithyrambicas
482 3032 663 3091 elocutiones
692 3031 961 3108 descriptionesque
992 3051 1051 3091 non
1079 3032 1192 3109 fugerit
1219 3024 1260 3111 (v.
1280 3042 1323 3090 36.
1343 3024 1407 3109 64),
1435 3023 1504 3095 iam

221 3126 356 3181 vetemm
380 3122 551 3181 criticorum
575 3122 605 3179 in
628 3120 869 3196 reprehensiones
892 3120 1026 3179 incurrit.
1046 3152 1081 3161 -
1105 3122 1153 3179 Ad
1175 3124 1359 3196 postremum
1382 3121 1505 3185 adnoto

223 3216 354 3286 quatuor
382 3210 591 3287 antiquissima
619 3209 748 3286 epinicia
775 3209 897 3267 Pindari
921 3210 1022 3268 omnia
1049 3210 1160 3285 Pythia
1183 3229 1244 3269 esse
1269 3209 1315 3287 (P.
1336 3228 1505 3273 x.x11.vr.

222 3293 290 3375 66),
313 3300 393 3375 quod
417 3320 450 3357 cx
476 3300 581 3358 intima
604 3298 820 3375 familiaritate,
845 3317 906 3374 qna
924 3303 1014 3374 poeta
1032 3318 1100 3358 cum
1120 3298 1322 3359 sacerdotibus
1341 3299 1505 3377 Delphicis

223 3388 400 3447 coniunctus
424 3393 496 3465 erat,
520 3388 727 3464 explicandum
751 3406 813 3447 csse
836 3387 962 3446 videtur.

765 3541 809 3606 De
832 3543 953 3607 matris.

312 3655 458 3713 Carminis
481 3656 580 3733 huius,
604 3657 683 3732 quod
707 3656 854 3715 Pindarus
876 3656 993 3715 iuvenis
1015 3656 1128 3733 panxit,
1147 3656 1263 3715 numeri
1283 3662 1353 3715 sunt
1372 3656 1505 3739 Aeolici,

224 3746 392 3803 exult-antes
416 3744 461 3803 illi
485 3748 515 3802 et
537 3746 598 3803 ritu
621 3765 770 3821 paeonum
789 3745 879 3803 libere
898 3748 1052 3822 vagantes,
1070 3750 1106 3803 ut
1125 3764 1211 3821 saepe
1232 3756 1260 3803 et
1280 3745 1506 3810 sententiarum

224 3840 255 3892 ct
272 3852 464 3892 numerorum
483 3837 582 3893 rectus
602 3835 672 3894 ordo
692 3835 877 3910 interruptus
901 3833 948 3894 sit.
986 3834 1102 3894 Divisio
1121 3854 1262 3894 versuum
1281 3835 1311 3894 in
1330 3836 1397 3895 cola
1415 3835 1506 3899 haud

224 3922 385 3983 mediocres
409 3923 602 3982 difficultates
625 3924 756 4002 praebet,
779 3924 954 4000 praesertim
978 3944 1046 3982 cum
1069 3924 1154 3982 iuxta
1176 3942 1291 4002 versus,
1316 3924 1369 4000 qui
1391 3928 1506 4000 procul

225 4011 314 4071 dubio
339 4012 369 4069 in
393 4011 528 4088 dipodias
551 4013 702 4072 dividendi
725 4017 796 4071 sunt
815 4004 880 4094 (str.
906 4026 929 4071 1.
950 4025 974 4089 ⁶2,
994 4033 1039 4088 ep.
1059 4025 1082 4072 1.
1103 4008 1142 4095 6),
1162 4013 1215 4071 alii
1234 4017 1398 4091 occurrant,
1423 4036 1506 4092 quc·

225 4121 290 4160 rum
321 4101 497 4175 tetrapodiis
527 4102 672 4179 tripodias
702 4102 876 4162 commixtas
906 4121 968 4161 esse
998 4101 1091 4180 vulgo
1122 4105 1262 4161 statuunt
1294 4096 1359 4183 (str.
1383 4114 1408 4163 3.
1429 4116 1456 4163 4.
1477 4116 1507 4184 6,

226 4210 269 4266 cp.
291 4182 330 4269 6).
372 4190 484 4249 Verum
512 4192 638 4251 audacia
666 4192 690 4251 si
718 4192 774 4251 tibi
801 4212 860 4252 non
889 4191 995 4267 deerit,
1024 4210 1125 4251 omnes
1152 4210 1256 4251 versus
1283 4212 1331 4251 me
1359 4192 1434 4252 duce
1463 4194 1508 4255 ad

226 4278 395 4355 dipodicam
422 4280 605 4340 scansionem
635 4282 680 4339 ita
709 4281 873 4359 revocabis,
903 4286 939 4339 ut
968 4280 1106 4356 tripodiis
1136 4281 1194 4339 nisi
1222 4281 1253 4340 in
1276 4280 1333 4341 fine
1356 4300 1506 4345 versuum

226 4370 310 4428 locus
329 4387 388 4427 non
407 4369 602 4445 relinquatur.
640 4370 704 4430 Hoc
724 4371 843 4447 quidem
863 4374 977 4430 semiim
996 4388 1058 4429 esse
1078 4370 1161 4447 duco,
1181 4370 1328 4447 syllabam
1351 4370 1505 4433 initialem

226 4457 314 4533 epodi
337 4475 478 4516 versuum
506 4459 588 4517 tertii
617 4460 717 4535 quarti
742 4459 841 4536 quinti
863 4479 923 4519 non
947 4459 1099 4517 anacrusis
1122 4460 1184 4519 vim
1205 4460 1327 4536 habere,
1358 4460 1408 4519 sed
1432 4480 1505 4538 par-

227 4550 288 4605 tem
311 4546 424 4622 primae
450 4547 587 4623 dipodias
614 4548 741 4625 efficere,
770 4549 870 4608 minus
894 4548 951 4607 hoc
975 4548 1048 4606 mihi
1075 4552 1204 4625 constat,
1231 4552 1334 4608 utrum
1360 4550 1505 4626 strophae

227 4655 329 4695 versus
358 4638 484 4712 quartus
513 4641 543 4695 et
571 4638 695 4713 quintus
723 4658 741 4696 a
768 4638 973 4715 monosyllaba
1000 4656 1037 4695 an
1068 4637 1105 4696 ab
1133 4638 1261 4698 iambica
1289 4638 1428 4698 anacrusi
1457 4641 1504 4699 in-

228 4725 348 4800 cipiant.
372 4756 415 4766 -
439 4725 563 4785 Poetam
590 4727 696 4788 victori
720 4748 851 4805 carmen,
880 4727 960 4804 quod
987 4727 1094 4786 chorus
1117 4727 1250 4787 virorum
1272 4728 1504 4804 Ephyraecrum

229 4813 260 4871 in
283 4815 490 4874 comissatione
514 4820 633 4876 caneret
656 4808 697 4898 (v.
718 4829 742 4878 6.
762 4810 820 4898 66),
843 4816 957 4876 misisse
981 4816 1065 4893 duco,
1089 4836 1282 4895 quamquam,
1300 4817 1325 4874 si
1345 4818 1414 4894 quis
1431 4839 1503 4895 pcc-
