3442 5550
321 401 381 462 ll4
788 404 937 455 PINDARI
955 404 1122 457 EPINICIA.

317 568 360 627 ita
383 571 504 627 tantum
528 569 677 647 differunt,
700 574 736 627 ut
758 569 811 627 alii
834 570 1010 628 Kireherum
1034 569 1131 645 ipsum
1156 568 1311 627 falsarium
1339 587 1403 629 esse
1428 569 1598 647 opinentur,

317 657 378 734 alii,
403 658 485 733 iique
509 658 703 734 probabilius
727 659 823 717 multo
847 662 916 717 ante
935 658 1111 717 Kircherum
1129 658 1279 718 hominem
1298 657 1431 717 musicae
1450 660 1597 735 antiquae

316 746 397 804 haud
420 747 595 822 imperitum
618 767 683 806 eam
707 752 908 806 commentum
931 766 994 807 esse
1017 750 1131 822 putent.

405 935 535 1021 Χρυσεά
559 936 718 1022 φόρμιγξ,
740 936 944 1013 ’Λπόλλωνος
967 935 1021 1001 καί.
1046 938 1256 1022 ἰοπλοκάμων
1358 942 1438 1023 Στρ.
1462 935 1505 1003 α’.

405 1044 565 1108 σύνδικον
589 1048 724 1109 Μοισᾶν
747 1043 897 1109 κτέανον·

448 1160 507 1228 τᾶς
529 1150 641 1216 άκούει
665 1148 725 1235 μὲν
748 1152 859 1234 βάσις,
882 1150 1021 1234 ἀγλαΐας
1043 1150 1142 1234 άρχά,

403 1261 580 1322 πείθονται
604 1256 635 1321 δ’
662 1256 771 1322 άοιδοὶ
794 1258 951 1341 σάμασιν,

404 1362 613 1448 ἁγησιχόρων
636 1364 761 1429 ὁπόταν
784 1368 969 1448 προοιμίων

449 1470 595 1555 ἀμβολὰς
618 1472 734 1555 τεύχῃς
757 1468 970 1554 ἐλελιζομένα.

336 1595 346 1607 ·
404 1574 458 1641 καὶ
482 1579 541 1641 τὸν
565 1578 727 1661 αἰχματὰν
750 1579 913 1662 κεραυνὸν
936 1579 1107 1660 σβεννύεις

405 1684 527 1748 ἀενάου
549 1687 667 1768 πυρός·
690 1684 743 1748 εύ-

449 1792 498 1854 δει
523 1788 554 1854 δ’
581 1790 644 1855 ιἰνά
667 1790 799 1878 σκάπτῳ
823 1792 907 1867 Διὸς
929 1793 1052 1875 αἰετός,
1076 1792 1167 1856 ὠκεῖ-

449 1921 491 1961 αν
514 1895 650 1981 πτέρυγ’
675 1897 866 1982 άμῳοτίρω-
881 1881 945 1962 θεν
968 1897 1122 1980 χαλάξαις

404 2092 505 2177 άρχὸς
528 2094 673 2176 οἰωνῶν,
696 2097 896 2158 κελαινῶπιν
920 2090 951 2155 d’
978 2091 1034 2157 ἐπί
1053 2099 1108 2156 sos
1132 2092 1275 2178 νεφέλαν
1354 2091 1437 2157 Ἀντ.
1460 2092 1505 2158 α’.

405 2198 537 2286 ἀγκύλῳ
562 2203 675 2283 κρατί,
699 2200 875 2284 γλεφάρων
1561 2216 1593 2265 ιο

449 2304 515 2370 ἁδὺ
538 2310 729 2391 κλαΐστρον,
752 2280 982 2390 κατέχεον.
1007 2304 1042 2370 δὲ
1065 2308 1226 2372 κνώσσων

389 2517 469 2551 vinni
489 2518 592 2553 nacrro.
630 2500 713 2552 lusor.
748 2496 853 2567 Ἱέρωνι
879 2499 998 2571 Αἰτναίῳ
1025 2497 1041 2567 ἦ
1061 2496 1244 2573 Συρακουσίῳ
1270 2497 1372 2569 ἅρματι
1398 2500 1500 2555 Πύθια
1526 2500 1593 2565 Οὓς

317 2569 345 2623 P.
361 2589 418 2621 1-11
433 2587 458 2623 οι
478 2569 558 2624 deest
576 2569 604 2622 in
620 2571 655 2633 B,
674 2587 786 2639 prorsus
806 2570 902 2624 deficit
915 2572 950 2636 A,
971 2570 1066 2638 utqui
1086 2570 1146 2624 sola
1165 2570 1290 2625 carmina
1309 2576 1340 2624 0.
1355 2590 1431 2623 r-xrr
1450 2571 1595 2625 contineat

318 2673 351 2680 —
372 2640 476 2695 Schola
501 2638 609 2709 ἐνίκησε
629 2640 659 2694 δὲ
680 2639 804 2708 ὁἼέρων
826 2641 878 2710 τὴν
901 2640 952 2709 μὲν
976 2641 1103 2710 εἰκοστὴν
1126 2640 1209 2711 ἕκτην
1233 2642 1372 2697 Πυθιάδα
1395 2643 1443 2696 καλ
1461 2642 1514 2712 τὴν
1532 2642 1595 2711 ἑξῆς

317 2712 417 2780 κέλητι,
437 2712 488 2781 τὴν
507 2710 538 2765 δὲ
559 2712 686 2781 εἰκοστὴν
705 2711 825 2780 ἐννάτην
844 2713 955 2780 ἅρματι,
975 2713 1014 2775 εἰς
1031 2712 1067 2781 ἣν
1082 2712 1097 2766 ὀ
1112 2711 1295 2783 ὑποκείμενος
1314 2711 1438 2777 ἐπίνικος
1456 2714 1594 2769 τέτακται.

317 2816 350 2823 -
371 2789 394 2837 o.
415 2783 537 2838 άεννάον
558 2783 613 2838 OD
631 2816 665 2822 —
685 2784 766 2845 άετὸς
785 2784 814 2837 1)
834 2816 864 2822 -
885 2792 910 2836 8.
930 2787 1065 2850 κλεῖστρον
1086 2785 1158 2840 G-

390 2944 579 2979 cosmnrrmu.
621 2943 646 2979 v.
669 2932 763 2980 1-12.
792 2925 956 2979 obversatur
984 2925 1077 2980 anirno
1105 2929 1207 3007 poetae
1234 2925 1394 2981 convivium
1423 2926 1539 2981 deorum
1566 2926 1595 2981 in
1680 2940 1683 2945 ’

317 2996 445 3067 Olympo,
465 2997 549 3065 quale
567 2996 702 3051 describit
720 2997 856 3052 Homerus
875 2997 906 3051 ll.
921 3016 932 3049 1
946 3014 984 3052 oua
999 3014 1044 3065 ss,
1063 2997 1112 3051 ubr
1132 2997 1270 3052 citharam
1284 2996 1449 3052 modulante
1462 2998 1594 3069 Apolline

316 3070 459 3122 Musarum
484 3068 584 3122 chorus
607 3069 697 3137 canit,
721 3069 755 3123 cf.
777 3069 810 3122 N.
826 3088 843 3121 v
857 3084 890 3125 κι,
914 3069 1126 3123 Haerentem
1149 3100 1185 3108 -
1209 3075 1232 3123 1.
1259 3066 1361 3139 χρυσέα
1385 3068 1489 3123 dicitur
1511 3069 1593 3139 phor-

317 3140 402 3209 minx,
417 3156 471 3194 non
486 3139 561 3208 quod
578 3157 647 3193 auro
662 3144 763 3193 ornata
777 3139 823 3207 sit,
838 3140 886 3193 sed
901 3140 975 3208 quod
990 3156 1034 3193 res
1049 3138 1187 3210 pretiosas
1202 3139 1340 3194 Pindarus
1355 3139 1481 3209 epitheto
1497 3157 1594 3195 aurea·

319 3230 379 3265 rum
399 3228 498 3265 ornare
518 3210 602 3277 solet3
622 3213 657 3264 ci.
673 3211 704 3266 0.
720 3230 768 3263 vrn
784 3228 794 3265 1
815 3243 847 3251 -
867 3217 892 3266 2.
911 3212 992 3283 βάσις
1007 3254 1012 3264 .
1030 3255 1035 3265 .
1053 3255 1058 3264 .
1073 3209 1179 3264 ἀοιδοί·
1199 3211 1254 3264 duo
1269 3227 1386 3265 munera
1399 3211 1497 3265 fidium
1511 3214 1597 3283 poeta

317 3283 464 3353 particulis
491 3281 542 3351 μὲν
558 3327 563 3336 .
580 3326 585 3336 .
603 3325 607 3334 .
624 3281 654 3336 δὲ
682 3281 843 3349 distinguit,
870 3286 901 3335 ut
924 3286 953 3335 et
974 3282 1107 3335 intrantis
1129 3282 1361 3351 procedentisque
1386 3281 1465 3337 chori
1482 3298 1594 3353 gressus

316 3354 476 3407 moderetur
490 3358 519 3406 ct
533 3352 645 3407 canenti
660 3354 743 3407 choro
758 3353 882 3421 aecinat;
897 3352 1065 3423 principium
1082 3352 1197 3423 (ἀρχὰν)
1214 3358 1309 3407 autem
1324 3353 1491 3407 festivitatis
1505 3354 1594 3409 inees-

317 3442 378 3477 sum
388 3424 492 3497 (βάσιν)
503 3423 580 3490 dicit,
590 3441 646 3478 non
656 3425 730 3493 quod
745 3423 897 3493 praecipua
911 3442 975 3494 pars
986 3424 1219 3478 sollemnitatium
1230 3425 1274 3493 sit,
1286 3425 1335 3478 sed
1345 3426 1420 3493 quod
1434 3423 1594 3493 choreutas,

318 3496 482 3563 priusquam
501 3511 599 3548 canere
619 3495 765 3565 incipiant,
784 3495 913 3549 sollemni
931 3512 1028 3565 gressu
1047 3496 1159 3549 fidicine
1178 3498 1331 3565 praeeunte
1346 3497 1384 3549 ad
1397 3512 1477 3550 suam
1495 3496 1594 3551 statio-

317 3583 380 3620 nem
399 3566 526 3621 teudunt.
562 3566 642 3619 Nihil
661 3570 756 3620 tamen
775 3570 837 3621 erat
855 3583 965 3634 causae,
984 3584 1033 3619 eur
1051 3583 1084 3620 ex
1103 3566 1147 3620 his
1166 3566 1259 3621 verbis
1279 3570 1376 3621 auctor
1394 3566 1595 3623 Kircherianae

316 3637 464 3705 melodiae,
484 3636 654 3691 scholiastae
672 3638 760 3691 verba
779 3636 838 3705 (διὰ
856 3638 888 3691 τὸ
903 3638 952 3692 τὸν
968 3636 1122 3692 Ἀπόλλωνα
1140 3638 1348 3709 προκατάρχειν
1365 3647 1416 3693 τοῦ
1435 3647 1521 3709 χοροῦ
1539 3648 1594 3693 τῶν

316 3712 450 3777 Μουσῶν)
464 3708 538 3761 male
557 3707 767 3777 interpretatus,
786 3709 856 3762 duos
875 3709 979 3778 primos
998 3725 1095 3762 versus
1110 3726 1127 3761 u
1142 3709 1201 3763 solo
1216 3710 1374 3780 coryphaeo
1389 3712 1519 3764 cantatos
1533 3726 1594 3765 esse

317 3779 424 3834 atinde
439 3778 555 3832 atertio
571 3795 653 3831 versu
673 3779 784 3833 demum
804 3781 919 3834 chorum
937 3796 1047 3834 omnem
1067 3779 1241 3835 concinuisse
1260 3780 1487 3835 concluderet-
1503 3786 1527 3834 3.
1547 3779 1594 3835 σά-

317 3869 413 3920 μασιν·
434 3849 524 3903 acutis
539 3848 717 3919 gravibusve,
736 3850 820 3905 lentis
836 3851 1008 3905 celeribusve
1024 3851 1108 3921 sonis,
1123 3851 1224 3919 quibus
1239 3852 1340 3906 fidicen
1354 3868 1452 3906 vocem
1466 3854 1594 3907 cantato·

317 3940 378 3975 rum
397 3923 538 3990 temperat
557 3920 722 3990 signumque
737 3922 899 3992 incipiendi,
914 3922 1087 3991 intendendi,
1102 3922 1265 3977 remittendi
1279 3940 1375 3977 vocem
1390 3923 1487 3976 dat-
1503 3928 1528 3978 4.
1543 3924 1593 3992 άμ-

318 3992 414 4066 βολάς,
438 3991 578 4062 principia
610 3997 721 4061 cantus,
750 3994 902 4047 seeundum
932 3994 1110 4048 Homericum
1129 3988 1191 4062 ἦτοι
1217 3993 1231 4048 ὁ
1258 3992 1400 4063 φορμίζων
1426 3992 1594 4067 ἀνεβάλλετο

315 4063 401 4117 καλόν
420 4061 527 4117 ἀείδειν
546 4070 575 4131 (α
590 4066 647 4132 ras),
664 4067 695 4117 ut
708 4065 854 4133 genetivus
873 4063 1027 4134 προοιμίων
1046 4083 1102 4120 nou
1120 4067 1212 4118 totum
1230 4065 1378 4135 significet,
1395 4064 1474 4119 cuius
1493 4070 1589 4146 partes

317 4136 454 4207 άναβολαλ
475 4134 540 4202 sint,
560 4136 608 4188 sed
628 4136 764 4223 ἀναμολαλ
785 4154 827 4189 ros
847 4154 906 4190 esse
927 4136 1127 4206 significentur,
1146 4153 1219 4204 quae
1234 4136 1263 4190 in
1277 4136 1428 4207 prooemiis
1447 4136 1544 4203 insrnt,
1563 4139 1596 4191 ut

317 4205 347 4258 in
370 4205 517 4260 notissimo
541 4204 621 4274 laroc
644 4206 768 4261 ἰδοντων
791 4240 825 4247 -
848 4206 982 4277 προοίμια
1006 4225 1067 4261 oum
1091 4207 1202 4277 proprie
1225 4208 1374 4278 praeludia
1399 4206 1467 4261 solis
1489 4207 1594 4262 fidibus

317 4277 458 4346 pulsanda
480 4277 585 4331 fuerint
606 4284 642 4345 (v.
659 4278 729 4332 rhet.
744 4297 784 4347 gr.
800 4298 808 4330 1
822 4295 871 4347 aar,
887 4297 911 4332 ru
927 4280 972 4347 Sp.
988 4277 1090 4346 κυρίως
1107 4277 1242 4349 προοίμια
1261 4279 1355 4349 ἔλεγον
1374 4278 1400 4332 ol
1419 4280 1535 4333 natatui
1559 4278 1594 4333 τὰ

316 4356 372 4402 τῶν
391 4351 579 4421 κιθαρῳδῶν),
598 4348 717 4417 primam
737 4367 847 4418 quoque
865 4352 974 4420 partem
994 4349 1124 4404 carminis
1145 4368 1162 4403 a
1181 4350 1264 4403 choro
1283 4350 1428 4404 occinente
1447 4350 1510 4419 lyra
1528 4367 1593 4404 oau-

317 4420 434 4472 tandam
453 4419 614 4488 significant
633 4453 664 4459 —
686 4428 709 4475 6.
735 4424 800 4475 ante
819 4422 915 4476 oculos
933 4423 1019 4490 poeta
1036 4420 1137 4474 habuit
1155 4421 1229 4475 Iovis
1248 4424 1373 4475 statuam
1392 4426 1545 4490 sceptrum,
1564 4421 1594 4475 in

317 4494 395 4544 cuius
419 4490 540 4543 eulmine
565 4491 661 4559 aquila
685 4491 814 4559 sedebat,
838 4510 923 4546 manu
947 4493 1081 4559 tenentis3
1101 4492 1135 4545 cf.
1151 4492 1235 4561 Soph.
1250 4494 1282 4547 fr.
1297 4509 1336 4547 ιον
1355 4492 1370 4546 6
1389 4491 1595 4566 οκηπτοβάμων

317 4562 409 4626 αἰετὸς
428 4562 503 4616 κύων
523 4560 598 4625 Διός.
634 4562 781 4617 Praeclare
805 4567 900 4618 autem
922 4567 1008 4633 poeta
1031 4563 1060 4615 in
1083 4562 1207 4633 imagine
1231 4563 1343 4631 aquilae
1367 4563 1443 4617 sonis
1467 4563 1594 4618 citharae

318 4633 481 4704 consopitae
497 4633 683 4687 describenda
697 4634 808 4703 longius
823 4634 996 4701 immoratur,
1011 4638 1043 4687 ut
1057 4634 1199 4688 contraria
1218 4634 1255 4687 sit
1268 4651 1302 4689 ea
1316 4634 1435 4706 imagini
1450 4633 1593 4705 Typhonis

316 4710 406 4759 terrae
421 4704 530 4759 viscera
544 4704 753 4759 commoventis.
782 4705 858 4761 Conf.
874 4708 970 4761 Horat.
986 4706 1013 4760 Ο.
1029 4724 1050 4757 rr
1065 4722 1098 4773 ra,
1113 4722 1151 4759 ar:
1171 4708 1340 4761 corrninibmr
1352 4714 1464 4776 stupens
1477 4708 1595 4761 demittit

316 4779 489 4831 οἰνοποιίαν
516 4778 649 4845 ceriticeps
673 4794 753 4831 nares
778 4809 809 4817 -
834 4783 857 4833 7.
884 4777 969 4848 ἀρχὸς
991 4777 1110 4831 οἰωνῶν·
1135 4775 1169 4830 de
1193 4777 1304 4832 nomine
1327 4794 1391 4831 cum
1414 4775 1543 4847 emphasi
1565 4776 1594 4831 in

316 4847 484 4917 principium
511 4864 601 4901 novae
625 4847 756 4917 strophae
780 4852 871 4904 tracto
894 4868 920 4904 v.
939 4849 969 4906 P.
985 4867 1024 4901 111
1043 4865 1068 4903 rr
1091 4880 1126 4888 -
1150 4847 1197 4902 οἰ.
1214 4892 1219 4902 .
1237 4846 1339 4919 ,κρατί
1361 4850 1453 4903 toturn
1477 4853 1507 4903 et
1528 4866 1594 4919 pars
