<?xml version="1.0" encoding="UTF-8"?>
<!DOCTYPE html PUBLIC "-//W3C//DTD XHTML 1.0 Transitional//EN"
    "http://www.w3.org/TR/xhtml1/DTD/xhtml1-transitional.dtd">
<html xmlns="http://www.w3.org/1999/xhtml" xml:lang="en" lang="en">
 <head>
  <title>
</title>
<meta http-equiv="Content-Type" content="text/html;charset=utf-8" />
  <meta name='ocr-system' content='tesseract 3.04.00' />
  <meta name='ocr-capabilities' content='ocr_page ocr_carea ocr_par ocr_line ocrx_word'/>
</head>
<body>
  <div class='ocr_page' id='page_1' title='image "./pindaricarminap00chrigoog_0026.png"; bbox 0 0 3442 5550; ppageno 0'>
   <div class='ocr_carea' id='block_1_1' title="bbox 463 405 1399 463">
    <p class='ocr_par' dir='ltr' id='par_1_1' title="bbox 463 405 1399 463">
     <span class='ocr_line' id='line_1_1' title="bbox 463 405 1399 463; baseline -0.002 -3"><span class='ocrx_word' id='word_1_1' title='bbox 463 411 500 463; x_wconf 90' lang='lat'>11.</span> <span class='ocrx_word' id='word_1_2' title='bbox 527 410 576 461; x_wconf 85' lang='lat' dir='ltr'>DE</span> <span class='ocrx_word' id='word_1_3' title='bbox 595 411 688 460; x_wconf 81' lang='lat' dir='ltr'><strong>ARTE</strong></span> <span class='ocrx_word' id='word_1_4' title='bbox 707 409 868 461; x_wconf 73' lang='lat' dir='ltr'>navales</span> <span class='ocrx_word' id='word_1_5' title='bbox 885 409 1042 462; x_wconf 83' lang='lat' dir='ltr'><strong>PINDARI.</strong></span> <span class='ocrx_word' id='word_1_6' title='bbox 1321 405 1399 459; x_wconf 87' lang='lat' dir='ltr'>XVII</span> 
     </span>
    </p>
   </div>
   <div class='ocr_carea' id='block_1_2' title="bbox 115 568 1403 1409">
    <p class='ocr_par' dir='ltr' id='par_1_2' title="bbox 115 568 1403 1409">
     <span class='ocr_line' id='line_1_2' title="bbox 115 568 1399 658; baseline -0.003 -20"><span class='ocrx_word' id='word_1_7' title='bbox 115 595 254 658; x_wconf 88' lang='lat' dir='ltr'>rumque</span> <span class='ocrx_word' id='word_1_8' title='bbox 278 572 457 637; x_wconf 73' lang='lat' dir='ltr'>editionum</span> <span class='ocrx_word' id='word_1_9' title='bbox 480 572 516 635; x_wconf 93' lang='lat' dir='ltr'>in</span> <span class='ocrx_word' id='word_1_10' title='bbox 539 572 651 636; x_wconf 84' lang='lat' dir='ltr'>dextro</span> <span class='ocrx_word' id='word_1_11' title='bbox 675 571 822 656; x_wconf 84' lang='lat' dir='ltr'>margine</span> <span class='ocrx_word' id='word_1_12' title='bbox 844 569 1013 635; x_wconf 89' lang='lat' dir='ltr'>numeravi</span> <span class='ocrx_word' id='word_1_13' title='bbox 1036 574 1070 634; x_wconf 89' lang='lat' dir='ltr'>et</span> <span class='ocrx_word' id='word_1_14' title='bbox 1093 569 1129 632; x_wconf 90' lang='lat' dir='ltr'>in</span> <span class='ocrx_word' id='word_1_15' title='bbox 1152 568 1399 655; x_wconf 86' lang='lat' dir='ltr'>diagrammatis</span> 
     </span>
     <span class='ocr_line' id='line_1_3' title="bbox 116 675 1399 763; baseline -0.003 -17"><span class='ocrx_word' id='word_1_16' title='bbox 116 681 262 746; x_wconf 82' lang='lat' dir='ltr'>metricis</span> <span class='ocrx_word' id='word_1_17' title='bbox 294 680 414 746; x_wconf 89' lang='lat' dir='ltr'>lineola</span> <span class='ocrx_word' id='word_1_18' title='bbox 446 677 592 743; x_wconf 89' lang='lat' dir='ltr'>verticali</span> <span class='ocrx_word' id='word_1_19' title='bbox 623 677 710 742; x_wconf 88' lang='lat' dir='ltr'>inter</span> <span class='ocrx_word' id='word_1_20' title='bbox 737 682 835 743; x_wconf 89' lang='lat' dir='ltr'>notas</span> <span class='ocrx_word' id='word_1_21' title='bbox 862 677 1051 763; x_wconf 88' lang='lat' dir='ltr'>prosodicas</span> <span class='ocrx_word' id='word_1_22' title='bbox 1079 675 1201 762; x_wconf 89' lang='lat' dir='ltr'>posita,</span> <span class='ocrx_word' id='word_1_23' title='bbox 1233 700 1296 761; x_wconf 88' lang='lat' dir='ltr'>quo</span> <span class='ocrx_word' id='word_1_24' title='bbox 1327 679 1399 743; x_wconf 92' lang='lat' dir='ltr'>loco</span> 
     </span>
     <span class='ocr_line' id='line_1_4' title="bbox 117 784 1400 874; baseline -0.002 -23"><span class='ocrx_word' id='word_1_25' title='bbox 117 792 245 852; x_wconf 88' lang='lat' dir='ltr'>veteres</span> <span class='ocrx_word' id='word_1_26' title='bbox 265 785 470 874; x_wconf 82' lang='lat' dir='ltr'>grammatici</span> <span class='ocrx_word' id='word_1_27' title='bbox 484 808 614 850; x_wconf 89' lang='lat' dir='ltr'>versum</span> <span class='ocrx_word' id='word_1_28' title='bbox 631 807 789 869; x_wconf 88' lang='lat' dir='ltr'>quemque</span> <span class='ocrx_word' id='word_1_29' title='bbox 804 784 999 869; x_wconf 89' lang='lat' dir='ltr'>finivissent,</span> <span class='ocrx_word' id='word_1_30' title='bbox 1018 784 1268 870; x_wconf 87' lang='lat' dir='ltr'>significandum</span> <span class='ocrx_word' id='word_1_31' title='bbox 1282 785 1400 849; x_wconf 88' lang='lat' dir='ltr'>curavi.</span> 
     </span>
     <span class='ocr_line' id='line_1_5' title="bbox 117 890 1400 976; baseline -0.003 -17"><span class='ocrx_word' id='word_1_32' title='bbox 117 895 299 960; x_wconf 86' lang='lat' dir='ltr'>Maximum</span> <span class='ocrx_word' id='word_1_33' title='bbox 318 898 425 958; x_wconf 88' lang='lat' dir='ltr'>autem</span> <span class='ocrx_word' id='word_1_34' title='bbox 446 892 618 958; x_wconf 77' lang='lat' dir='ltr'>discrimen</span> <span class='ocrx_word' id='word_1_35' title='bbox 637 890 755 957; x_wconf 87' lang='lat' dir='ltr'>veteris</span> <span class='ocrx_word' id='word_1_36' title='bbox 775 896 808 956; x_wconf 89' lang='lat' dir='ltr'>et</span> <span class='ocrx_word' id='word_1_37' title='bbox 826 914 928 956; x_wconf 88' lang='lat' dir='ltr'>novae</span> <span class='ocrx_word' id='word_1_38' title='bbox 948 891 1156 957; x_wconf 90' lang='lat' dir='ltr'>colometriae</span> <span class='ocrx_word' id='word_1_39' title='bbox 1174 891 1209 955; x_wconf 94' lang='lat' dir='ltr'>id</span> <span class='ocrx_word' id='word_1_40' title='bbox 1228 897 1291 973; x_wconf 90' lang='lat' dir='ltr'>est,</span> <span class='ocrx_word' id='word_1_41' title='bbox 1314 892 1400 976; x_wconf 91' lang='lat' dir='ltr'>qnod</span> 
     </span>
     <span class='ocr_line' id='line_1_6' title="bbox 119 998 1400 1088; baseline -0.002 -23"><span class='ocrx_word' id='word_1_42' title='bbox 119 1008 245 1067; x_wconf 88' lang='lat' dir='ltr'>veteres</span> <span class='ocrx_word' id='word_1_43' title='bbox 269 1001 473 1088; x_wconf 81' lang='lat' dir='ltr'>grammatici</span> <span class='ocrx_word' id='word_1_44' title='bbox 497 1000 665 1084; x_wconf 75' lang='lat' dir='ltr'>stropham</span> <span class='ocrx_word' id='word_1_45' title='bbox 687 998 777 1064; x_wconf 92' lang='lat' dir='ltr'>illico</span> <span class='ocrx_word' id='word_1_46' title='bbox 800 998 835 1063; x_wconf 94' lang='lat' dir='ltr'>in</span> <span class='ocrx_word' id='word_1_47' title='bbox 858 998 930 1063; x_wconf 90' lang='lat' dir='ltr'>cola</span> <span class='ocrx_word' id='word_1_48' title='bbox 954 998 1152 1083; x_wconf 82' lang='lat' dir='ltr'>dividebant,</span> <span class='ocrx_word' id='word_1_49' title='bbox 1175 1020 1236 1062; x_wconf 92' lang='lat' dir='ltr'>nos</span> <span class='ocrx_word' id='word_1_50' title='bbox 1258 999 1400 1083; x_wconf 91' lang='lat' dir='ltr'>primum</span> 
     </span>
     <span class='ocr_line' id='line_1_7' title="bbox 119 1105 1403 1194; baseline -0.003 -20"><span class='ocrx_word' id='word_1_51' title='bbox 119 1108 290 1194; x_wconf 85' lang='lat' dir='ltr'>stropham</span> <span class='ocrx_word' id='word_1_52' title='bbox 304 1109 464 1172; x_wconf 90' lang='lat' dir='ltr'>inversus</span> <span class='ocrx_word' id='word_1_53' title='bbox 480 1107 546 1172; x_wconf 91' lang='lat' dir='ltr'>sive</span> <span class='ocrx_word' id='word_1_54' title='bbox 561 1106 721 1192; x_wconf 84' lang='lat' dir='ltr'>periodos,</span> <span class='ocrx_word' id='word_1_55' title='bbox 735 1106 848 1170; x_wconf 92' lang='lat' dir='ltr'>deinde</span> <span class='ocrx_word' id='word_1_56' title='bbox 862 1105 1013 1190; x_wconf 89' lang='lat' dir='ltr'>periodos</span> <span class='ocrx_word' id='word_1_57' title='bbox 1027 1105 1061 1170; x_wconf 91' lang='lat' dir='ltr'>in</span> <span class='ocrx_word' id='word_1_58' title='bbox 1077 1106 1148 1171; x_wconf 89' lang='lat' dir='ltr'>cola</span> <span class='ocrx_word' id='word_1_59' title='bbox 1157 1106 1317 1191; x_wconf 90' lang='lat' dir='ltr'>pedesque</span> <span class='ocrx_word' id='word_1_60' title='bbox 1328 1106 1403 1170; x_wconf 89' lang='lat' dir='ltr'>diri-</span> 
     </span>
     <span class='ocr_line' id='line_1_8' title="bbox 119 1212 1402 1297; baseline -0.004 -15"><span class='ocrx_word' id='word_1_61' title='bbox 119 1217 254 1282; x_wconf 88' lang='lat' dir='ltr'>mendas</span> <span class='ocrx_word' id='word_1_62' title='bbox 274 1238 344 1281; x_wconf 90' lang='lat' dir='ltr'>esse</span> <span class='ocrx_word' id='word_1_63' title='bbox 363 1215 596 1280; x_wconf 84' lang='lat' dir='ltr'>existimamus.</span> <span class='ocrx_word' id='word_1_64' title='bbox 629 1212 700 1290; x_wconf 83' lang='lat' dir='ltr'>Qua</span> <span class='ocrx_word' id='word_1_65' title='bbox 718 1214 756 1278; x_wconf 94' lang='lat' dir='ltr'>de</span> <span class='ocrx_word' id='word_1_66' title='bbox 776 1235 874 1279; x_wconf 89' lang='lat' dir='ltr'>causa</span> <span class='ocrx_word' id='word_1_67' title='bbox 891 1213 925 1277; x_wconf 91' lang='lat' dir='ltr'>in</span> <span class='ocrx_word' id='word_1_68' title='bbox 943 1212 995 1277; x_wconf 91' lang='lat' dir='ltr'>his</span> <span class='ocrx_word' id='word_1_69' title='bbox 1014 1235 1140 1297; x_wconf 93' lang='lat' dir='ltr'>quoque</span> <span class='ocrx_word' id='word_1_70' title='bbox 1159 1213 1402 1279; x_wconf 90' lang='lat' dir='ltr'>commentariis</span> 
     </span>
     <span class='ocr_line' id='line_1_9' title="bbox 120 1319 1402 1409; baseline -0.002 -21"><span class='ocrx_word' id='word_1_71' title='bbox 120 1324 264 1409; x_wconf 87' lang='lat' dir='ltr'>primum</span> <span class='ocrx_word' id='word_1_72' title='bbox 282 1323 320 1387; x_wconf 93' lang='lat' dir='ltr'>de</span> <span class='ocrx_word' id='word_1_73' title='bbox 337 1322 498 1407; x_wconf 91' lang='lat' dir='ltr'>versibus,</span> <span class='ocrx_word' id='word_1_74' title='bbox 516 1322 628 1386; x_wconf 89' lang='lat' dir='ltr'>deinde</span> <span class='ocrx_word' id='word_1_75' title='bbox 646 1321 685 1386; x_wconf 92' lang='lat' dir='ltr'>de</span> <span class='ocrx_word' id='word_1_76' title='bbox 698 1320 835 1406; x_wconf 89' lang='lat' dir='ltr'>pedibus</span> <span class='ocrx_word' id='word_1_77' title='bbox 850 1326 883 1385; x_wconf 90' lang='lat' dir='ltr'>et</span> <span class='ocrx_word' id='word_1_78' title='bbox 897 1319 976 1385; x_wconf 91' lang='lat' dir='ltr'>colis</span> <span class='ocrx_word' id='word_1_79' title='bbox 991 1320 1146 1385; x_wconf 88' lang='lat' dir='ltr'>disserere</span> <span class='ocrx_word' id='word_1_80' title='bbox 1160 1322 1255 1386; x_wconf 89' lang='lat' dir='ltr'>nobis</span> <span class='ocrx_word' id='word_1_81' title='bbox 1269 1321 1402 1407; x_wconf 84' lang='lat' dir='ltr'>placuit.</span> 
     </span>
    </p>
   </div>
   <div class='ocr_carea' id='block_1_3' title="bbox 638 1457 875 1575">
    <p class='ocr_par' dir='ltr' id='par_1_3' title="bbox 638 1457 875 1575">
     <span class='ocr_line' id='line_1_10' title="bbox 638 1457 875 1575; baseline -0.004 -2"><span class='ocrx_word' id='word_1_82' title='bbox 638 1457 695 1574; x_wconf 22' lang='lat' dir='ltr'>’De</span> <span class='ocrx_word' id='word_1_83' title='bbox 718 1508 875 1575; x_wconf 89' lang='lat' dir='ltr'>versibus.</span> 
     </span>
    </p>
   </div>
   <div class='ocr_carea' id='block_1_4' title="bbox 121 1642 1441 4940">
    <p class='ocr_par' dir='ltr' id='par_1_4' title="bbox 121 1642 1441 4940">
     <span class='ocr_line' id='line_1_11' title="bbox 214 1642 1402 1728; baseline 0.001 -19"><span class='ocrx_word' id='word_1_84' title='bbox 214 1644 267 1709; x_wconf 86' lang='lat' dir='ltr'>De</span> <span class='ocrx_word' id='word_1_85' title='bbox 290 1666 421 1709; x_wconf 87' lang='lat' dir='ltr'>versus</span> <span class='ocrx_word' id='word_1_86' title='bbox 445 1643 532 1708; x_wconf 87' lang='lat' dir='ltr'>fine.</span> <span class='ocrx_word' id='word_1_87' title='bbox 570 1642 709 1707; x_wconf 87' lang='lat' dir='ltr'>Versum</span> <span class='ocrx_word' id='word_1_88' title='bbox 732 1643 804 1708; x_wconf 92' lang='lat' dir='ltr'>dico</span> <span class='ocrx_word' id='word_1_89' title='bbox 829 1643 972 1708; x_wconf 91' lang='lat' dir='ltr'>ordinem</span> <span class='ocrx_word' id='word_1_90' title='bbox 996 1644 1216 1728; x_wconf 89' lang='lat' dir='ltr'>rhythmicum</span> <span class='ocrx_word' id='word_1_91' title='bbox 1240 1642 1402 1710; x_wconf 86' lang='lat' dir='ltr'>continuis</span> 
     </span>
     <span class='ocr_line' id='line_1_12' title="bbox 123 1733 1403 1835; baseline -0.001 -19"><span class='ocrx_word' id='word_1_92' title='bbox 123 1750 267 1817; x_wconf 81' lang='lat' dir='ltr'>numeris</span> <span class='ocrx_word' id='word_1_93' title='bbox 289 1733 522 1816; x_wconf 47' lang='lat' dir='ltr'>&#39;decurrentem&#39;</span> <span class='ocrx_word' id='word_1_94' title='bbox 542 1755 574 1814; x_wconf 88' lang='lat' dir='ltr'>et</span> <span class='ocrx_word' id='word_1_95' title='bbox 597 1773 699 1835; x_wconf 89' lang='lat' dir='ltr'>pausa</span> <span class='ocrx_word' id='word_1_96' title='bbox 722 1751 859 1815; x_wconf 91' lang='lat' dir='ltr'>finitum.</span> <span class='ocrx_word' id='word_1_97' title='bbox 904 1751 955 1814; x_wconf 86' lang='lat' dir='ltr'>Ex</span> <span class='ocrx_word' id='word_1_98' title='bbox 979 1750 1039 1815; x_wconf 93' lang='lat' dir='ltr'>hac</span> <span class='ocrx_word' id='word_1_99' title='bbox 1063 1754 1180 1815; x_wconf 89' lang='lat' dir='ltr'>natura</span> <span class='ocrx_word' id='word_1_100' title='bbox 1202 1773 1314 1815; x_wconf 90' lang='lat' dir='ltr'>versus</span> <span class='ocrx_word' id='word_1_101' title='bbox 1339 1752 1403 1816; x_wconf 93' lang='lat' dir='ltr'>duo</span> 
     </span>
     <span class='ocr_line' id='line_1_13' title="bbox 124 1857 1403 1943; baseline -0.002 -19"><span class='ocrx_word' id='word_1_102' title='bbox 124 1859 326 1924; x_wconf 89' lang='lat' dir='ltr'>consectaria</span> <span class='ocrx_word' id='word_1_103' title='bbox 353 1863 443 1942; x_wconf 89' lang='lat' dir='ltr'>sunt,</span> <span class='ocrx_word' id='word_1_104' title='bbox 470 1857 624 1943; x_wconf 91' lang='lat' dir='ltr'>primum,</span> <span class='ocrx_word' id='word_1_105' title='bbox 652 1862 689 1922; x_wconf 90' lang='lat' dir='ltr'>ut</span> <span class='ocrx_word' id='word_1_106' title='bbox 715 1880 827 1922; x_wconf 89' lang='lat' dir='ltr'>versus</span> <span class='ocrx_word' id='word_1_107' title='bbox 855 1858 890 1921; x_wconf 93' lang='lat' dir='ltr'>in</span> <span class='ocrx_word' id='word_1_108' title='bbox 913 1857 1019 1922; x_wconf 90' lang='lat' dir='ltr'>media</span> <span class='ocrx_word' id='word_1_109' title='bbox 1045 1880 1123 1923; x_wconf 91' lang='lat' dir='ltr'>voce</span> <span class='ocrx_word' id='word_1_110' title='bbox 1152 1858 1238 1922; x_wconf 90' lang='lat' dir='ltr'>finiri</span> <span class='ocrx_word' id='word_1_111' title='bbox 1264 1863 1403 1943; x_wconf 89' lang='lat' dir='ltr'>nequeat</span> 
     </span>
     <span class='ocr_line' id='line_1_14' title="bbox 123 1964 1403 2049; baseline -0.001 -19"><span class='ocrx_word' id='word_1_112' title='bbox 123 1988 229 2049; x_wconf 92' lang='lat' dir='ltr'>neque</span> <span class='ocrx_word' id='word_1_113' title='bbox 257 1964 425 2030; x_wconf 89' lang='lat' dir='ltr'>elisionem</span> <span class='ocrx_word' id='word_1_114' title='bbox 453 1964 574 2029; x_wconf 88' lang='lat' dir='ltr'>vocalis</span> <span class='ocrx_word' id='word_1_115' title='bbox 603 1964 636 2028; x_wconf 93' lang='lat' dir='ltr'>in</span> <span class='ocrx_word' id='word_1_116' title='bbox 665 1987 724 2029; x_wconf 88' lang='lat' dir='ltr'>suo</span> <span class='ocrx_word' id='word_1_117' title='bbox 753 1965 815 2029; x_wconf 88' lang='lat' dir='ltr'>fine</span> <span class='ocrx_word' id='word_1_118' title='bbox 844 1964 1001 2049; x_wconf 90' lang='lat' dir='ltr'>patiatur,</span> <span class='ocrx_word' id='word_1_119' title='bbox 1033 1964 1185 2049; x_wconf 88' lang='lat' dir='ltr'>alterum,</span> <span class='ocrx_word' id='word_1_120' title='bbox 1214 1971 1251 2031; x_wconf 90' lang='lat' dir='ltr'>ut</span> <span class='ocrx_word' id='word_1_121' title='bbox 1278 1966 1311 2030; x_wconf 92' lang='lat' dir='ltr'>in</span> <span class='ocrx_word' id='word_1_122' title='bbox 1339 1967 1403 2030; x_wconf 93' lang='lat' dir='ltr'>fine</span> 
     </span>
     <span class='ocr_line' id='line_1_15' title="bbox 122 2071 1404 2157; baseline -0.001 -20"><span class='ocrx_word' id='word_1_123' title='bbox 122 2095 235 2137; x_wconf 90' lang='lat' dir='ltr'>versus</span> <span class='ocrx_word' id='word_1_124' title='bbox 267 2071 418 2136; x_wconf 78' lang='lat' dir='ltr'>licentiae</span> <span class='ocrx_word' id='word_1_125' title='bbox 451 2071 560 2136; x_wconf 91' lang='lat' dir='ltr'>hiatus</span> <span class='ocrx_word' id='word_1_126' title='bbox 591 2075 624 2134; x_wconf 89' lang='lat' dir='ltr'>et</span> <span class='ocrx_word' id='word_1_127' title='bbox 656 2071 801 2155; x_wconf 83' lang='lat' dir='ltr'>syllabae</span> <span class='ocrx_word' id='word_1_128' title='bbox 830 2071 996 2155; x_wconf 89' lang='lat' dir='ltr'>ancipitis,</span> <span class='ocrx_word' id='word_1_129' title='bbox 1029 2072 1147 2156; x_wconf 90' lang='lat' dir='ltr'>quippe</span> <span class='ocrx_word' id='word_1_130' title='bbox 1180 2096 1282 2157; x_wconf 89' lang='lat' dir='ltr'>pansa</span> <span class='ocrx_word' id='word_1_131' title='bbox 1313 2073 1404 2137; x_wconf 89' lang='lat' dir='ltr'>finali</span> 
     </span>
     <span class='ocr_line' id='line_1_16' title="bbox 121 2177 1405 2264; baseline -0.002 -19"><span class='ocrx_word' id='word_1_132' title='bbox 121 2180 202 2245; x_wconf 89' lang='lat' dir='ltr'>satis</span> <span class='ocrx_word' id='word_1_133' title='bbox 228 2183 415 2263; x_wconf 83' lang='lat' dir='ltr'>excusatae,</span> <span class='ocrx_word' id='word_1_134' title='bbox 441 2178 570 2242; x_wconf 86' lang='lat' dir='ltr'>admitti</span> <span class='ocrx_word' id='word_1_135' title='bbox 593 2177 729 2262; x_wconf 89' lang='lat' dir='ltr'>possint.</span> <span class='ocrx_word' id='word_1_136' title='bbox 776 2177 865 2242; x_wconf 90' lang='lat' dir='ltr'>Haec</span> <span class='ocrx_word' id='word_1_137' title='bbox 888 2178 951 2241; x_wconf 92' lang='lat' dir='ltr'>dno</span> <span class='ocrx_word' id='word_1_138' title='bbox 974 2178 1095 2244; x_wconf 91' lang='lat' dir='ltr'>indicia</span> <span class='ocrx_word' id='word_1_139' title='bbox 1119 2180 1175 2243; x_wconf 90' lang='lat' dir='ltr'>ubi</span> <span class='ocrx_word' id='word_1_140' title='bbox 1199 2185 1405 2264; x_wconf 90' lang='lat' dir='ltr'>concurrunt,</span> 
     </span>
     <span class='ocr_line' id='line_1_17' title="bbox 122 2285 1405 2370; baseline -0.001 -19"><span class='ocrx_word' id='word_1_141' title='bbox 122 2287 196 2351; x_wconf 89' lang='lat' dir='ltr'>finis</span> <span class='ocrx_word' id='word_1_142' title='bbox 220 2308 332 2350; x_wconf 85' lang='lat' dir='ltr'>versus</span> <span class='ocrx_word' id='word_1_143' title='bbox 354 2307 420 2350; x_wconf 90' lang='lat' dir='ltr'>non</span> <span class='ocrx_word' id='word_1_144' title='bbox 444 2285 546 2350; x_wconf 91' lang='lat' dir='ltr'>statui</span> <span class='ocrx_word' id='word_1_145' title='bbox 568 2306 635 2349; x_wconf 90' lang='lat' dir='ltr'>non</span> <span class='ocrx_word' id='word_1_146' title='bbox 657 2289 780 2370; x_wconf 88' lang='lat' dir='ltr'>potest,</span> <span class='ocrx_word' id='word_1_147' title='bbox 803 2285 835 2350; x_wconf 92' lang='lat' dir='ltr'>id</span> <span class='ocrx_word' id='word_1_148' title='bbox 860 2285 946 2369; x_wconf 92' lang='lat' dir='ltr'>quod</span> <span class='ocrx_word' id='word_1_149' title='bbox 969 2307 1043 2351; x_wconf 86' lang='lat' dir='ltr'>curn</span> <span class='ocrx_word' id='word_1_150' title='bbox 1066 2286 1174 2370; x_wconf 91' lang='lat' dir='ltr'>ipsum</span> <span class='ocrx_word' id='word_1_151' title='bbox 1194 2310 1252 2370; x_wconf 89' lang='lat' dir='ltr'>per</span> <span class='ocrx_word' id='word_1_152' title='bbox 1271 2310 1305 2352; x_wconf 94' lang='lat' dir='ltr'>se</span> <span class='ocrx_word' id='word_1_153' title='bbox 1325 2287 1405 2351; x_wconf 90' lang='lat' dir='ltr'>satis</span> 
     </span>
     <span class='ocr_line' id='line_1_18' title="bbox 123 2391 1406 2480; baseline 0.002 -22"><span class='ocrx_word' id='word_1_154' title='bbox 123 2397 292 2479; x_wconf 88' lang='lat' dir='ltr'>appareat,</span> <span class='ocrx_word' id='word_1_155' title='bbox 320 2397 392 2457; x_wconf 91' lang='lat' dir='ltr'>tum</span> <span class='ocrx_word' id='word_1_156' title='bbox 419 2393 526 2478; x_wconf 84' lang='lat' dir='ltr'>longis</span> <span class='ocrx_word' id='word_1_157' title='bbox 555 2391 766 2477; x_wconf 86' lang='lat' dir='ltr'>carminibus,</span> <span class='ocrx_word' id='word_1_158' title='bbox 794 2392 889 2477; x_wconf 89' lang='lat' dir='ltr'>quale</span> <span class='ocrx_word' id='word_1_159' title='bbox 916 2399 966 2457; x_wconf 86' lang='lat' dir='ltr'>est</span> <span class='ocrx_word' id='word_1_160' title='bbox 989 2393 1078 2457; x_wconf 90' lang='lat' dir='ltr'>P.·1v</span> <span class='ocrx_word' id='word_1_161' title='bbox 1102 2395 1220 2480; x_wconf 82' lang='lat' dir='ltr'>viginti</span> <span class='ocrx_word' id='word_1_162' title='bbox 1244 2418 1300 2460; x_wconf 88' lang='lat' dir='ltr'>sex</span> <span class='ocrx_word' id='word_1_163' title='bbox 1325 2400 1406 2460; x_wconf 88' lang='lat' dir='ltr'>stro-</span> 
     </span>
     <span class='ocr_line' id='line_1_19' title="bbox 122 2499 1405 2585; baseline 0.002 -21"><span class='ocrx_word' id='word_1_164' title='bbox 122 2500 275 2584; x_wconf 88' lang='lat' dir='ltr'>pharum,</span> <span class='ocrx_word' id='word_1_165' title='bbox 303 2504 395 2565; x_wconf 87' lang='lat' dir='ltr'>cxtra</span> <span class='ocrx_word' id='word_1_166' title='bbox 421 2521 550 2563; x_wconf 90' lang='lat' dir='ltr'>omnem</span> <span class='ocrx_word' id='word_1_167' title='bbox 574 2499 812 2563; x_wconf 89' lang='lat' dir='ltr'>dubitationem</span> <span class='ocrx_word' id='word_1_168' title='bbox 835 2500 979 2585; x_wconf 90' lang='lat' dir='ltr'>positum</span> <span class='ocrx_word' id='word_1_169' title='bbox 1003 2505 1061 2564; x_wconf 90' lang='lat' dir='ltr'>est.</span> <span class='ocrx_word' id='word_1_170' title='bbox 1108 2499 1187 2575; x_wconf 86' lang='lat' dir='ltr'>Quis</span> <span class='ocrx_word' id='word_1_171' title='bbox 1211 2503 1297 2567; x_wconf 92' lang='lat' dir='ltr'>enim</span> <span class='ocrx_word' id='word_1_172' title='bbox 1321 2503 1405 2567; x_wconf 84' lang='lat' dir='ltr'>forte</span> 
     </span>
     <span class='ocr_line' id='line_1_20' title="bbox 123 2605 1406 2694; baseline 0.002 -23"><span class='ocrx_word' id='word_1_173' title='bbox 123 2607 255 2671; x_wconf 85' lang='lat' dir='ltr'>fortuna</span> <span class='ocrx_word' id='word_1_174' title='bbox 291 2605 415 2671; x_wconf 87' lang='lat' dir='ltr'>factum</span> <span class='ocrx_word' id='word_1_175' title='bbox 449 2628 519 2670; x_wconf 91' lang='lat' dir='ltr'>esse</span> <span class='ocrx_word' id='word_1_176' title='bbox 552 2606 753 2691; x_wconf 91' lang='lat' dir='ltr'>opinabitur,</span> <span class='ocrx_word' id='word_1_177' title='bbox 784 2612 821 2671; x_wconf 89' lang='lat' dir='ltr'>ut</span> <span class='ocrx_word' id='word_1_178' title='bbox 847 2608 882 2671; x_wconf 90' lang='lat' dir='ltr'>in</span> <span class='ocrx_word' id='word_1_179' title='bbox 910 2612 1003 2672; x_wconf 89' lang='lat' dir='ltr'>tanto</span> <span class='ocrx_word' id='word_1_180' title='bbox 1032 2630 1167 2673; x_wconf 91' lang='lat' dir='ltr'>numero</span> <span class='ocrx_word' id='word_1_181' title='bbox 1197 2609 1406 2694; x_wconf 89' lang='lat' dir='ltr'>stropharum</span> 
     </span>
     <span class='ocr_line' id='line_1_21' title="bbox 125 2713 1406 2799; baseline 0.002 -21"><span class='ocrx_word' id='word_1_182' title='bbox 125 2737 253 2799; x_wconf 91' lang='lat' dir='ltr'>semper</span> <span class='ocrx_word' id='word_1_183' title='bbox 280 2713 393 2779; x_wconf 92' lang='lat' dir='ltr'>eodem</span> <span class='ocrx_word' id='word_1_184' title='bbox 422 2713 494 2778; x_wconf 92' lang='lat' dir='ltr'>loco</span> <span class='ocrx_word' id='word_1_185' title='bbox 517 2714 652 2777; x_wconf 90' lang='lat' dir='ltr'>verbum</span> <span class='ocrx_word' id='word_1_186' title='bbox 680 2713 814 2779; x_wconf 88' lang='lat' dir='ltr'>finiatur</span> <span class='ocrx_word' id='word_1_187' title='bbox 841 2720 874 2779; x_wconf 91' lang='lat' dir='ltr'>et</span> <span class='ocrx_word' id='word_1_188' title='bbox 897 2714 1047 2779; x_wconf 89' lang='lat' dir='ltr'>licentiae</span> <span class='ocrx_word' id='word_1_189' title='bbox 1070 2715 1181 2780; x_wconf 90' lang='lat' dir='ltr'>hiatus</span> <span class='ocrx_word' id='word_1_190' title='bbox 1205 2720 1238 2780; x_wconf 91' lang='lat' dir='ltr'>et</span> <span class='ocrx_word' id='word_1_191' title='bbox 1261 2714 1406 2799; x_wconf 88' lang='lat' dir='ltr'>syllabae</span> 
     </span>
     <span class='ocr_line' id='line_1_22' title="bbox 125 2820 1441 2907; baseline -0.001 -21"><span class='ocrx_word' id='word_1_192' title='bbox 125 2821 276 2905; x_wconf 85' lang='lat' dir='ltr'>ancipitis</span> <span class='ocrx_word' id='word_1_193' title='bbox 300 2820 379 2885; x_wconf 90' lang='lat' dir='ltr'>solis</span> <span class='ocrx_word' id='word_1_194' title='bbox 402 2821 454 2885; x_wconf 93' lang='lat' dir='ltr'>his</span> <span class='ocrx_word' id='word_1_195' title='bbox 477 2820 558 2885; x_wconf 88' lang='lat' dir='ltr'>locis</span> <span class='ocrx_word' id='word_1_196' title='bbox 582 2820 741 2885; x_wconf 89' lang='lat' dir='ltr'>admissae</span> <span class='ocrx_word' id='word_1_197' title='bbox 764 2821 994 2886; x_wconf 82' lang='lat' dir='ltr'>inveniantur?</span> <span class='ocrx_word' id='word_1_198' title='bbox 1031 2820 1153 2886; x_wconf 88' lang='lat' dir='ltr'>Verum</span> <span class='ocrx_word' id='word_1_199' title='bbox 1174 2845 1269 2907; x_wconf 86' lang='lat' dir='ltr'>saepe</span> <span class='ocrx_word' id='word_1_200' title='bbox 1289 2822 1407 2887; x_wconf 89' lang='lat' dir='ltr'>accidit</span> <span class='ocrx_word' id='word_1_201' title='bbox 1438 2828 1441 2857; x_wconf 73' lang='lat'><em>²</em></span> 
     </span>
     <span class='ocr_line' id='line_1_23' title="bbox 124 2927 1407 3014; baseline 0 -22"><span class='ocrx_word' id='word_1_202' title='bbox 124 2927 315 3014; x_wconf 89' lang='lat' dir='ltr'>praesertim</span> <span class='ocrx_word' id='word_1_203' title='bbox 338 2927 373 2990; x_wconf 90' lang='lat' dir='ltr'>in</span> <span class='ocrx_word' id='word_1_204' title='bbox 396 2927 548 2992; x_wconf 89' lang='lat' dir='ltr'>brevibus</span> <span class='ocrx_word' id='word_1_205' title='bbox 572 2927 785 3012; x_wconf 89' lang='lat' dir='ltr'>carminibus,</span> <span class='ocrx_word' id='word_1_206' title='bbox 810 2933 847 2991; x_wconf 91' lang='lat' dir='ltr'>ut</span> <span class='ocrx_word' id='word_1_207' title='bbox 870 2928 1020 2994; x_wconf 85' lang='lat' dir='ltr'>licentiae</span> <span class='ocrx_word' id='word_1_208' title='bbox 1042 2929 1127 2993; x_wconf 90' lang='lat' dir='ltr'>istae</span> <span class='ocrx_word' id='word_1_209' title='bbox 1154 2928 1264 2993; x_wconf 90' lang='lat' dir='ltr'>hiatus</span> <span class='ocrx_word' id='word_1_210' title='bbox 1288 2935 1321 2993; x_wconf 85' lang='lat' dir='ltr'>et</span> <span class='ocrx_word' id='word_1_211' title='bbox 1345 2928 1407 3013; x_wconf 93' lang='lat' dir='ltr'>syl-</span> 
     </span>
     <span class='ocr_line' id='line_1_24' title="bbox 125 3033 1406 3120; baseline 0 -22"><span class='ocrx_word' id='word_1_212' title='bbox 125 3035 217 3100; x_wconf 89' lang='lat' dir='ltr'>labae</span> <span class='ocrx_word' id='word_1_213' title='bbox 242 3033 406 3119; x_wconf 88' lang='lat' dir='ltr'>ancipitis,</span> <span class='ocrx_word' id='word_1_214' title='bbox 430 3056 469 3098; x_wconf 85' lang='lat' dir='ltr'>ex</span> <span class='ocrx_word' id='word_1_215' title='bbox 493 3034 610 3117; x_wconf 91' lang='lat' dir='ltr'>quibus</span> <span class='ocrx_word' id='word_1_216' title='bbox 635 3034 713 3098; x_wconf 90' lang='lat' dir='ltr'>solis</span> <span class='ocrx_word' id='word_1_217' title='bbox 737 3034 890 3099; x_wconf 88' lang='lat' dir='ltr'>fidentius</span> <span class='ocrx_word' id='word_1_218' title='bbox 914 3035 1136 3120; x_wconf 82' lang='lat' dir='ltr'>argumentari</span> <span class='ocrx_word' id='word_1_219' title='bbox 1159 3034 1249 3119; x_wconf 88' lang='lat' dir='ltr'>licet,</span> <span class='ocrx_word' id='word_1_220' title='bbox 1274 3035 1406 3099; x_wconf 90' lang='lat' dir='ltr'>omnino</span> 
     </span>
     <span class='ocr_line' id='line_1_25' title="bbox 126 3140 1409 3225; baseline -0.001 -18"><span class='ocrx_word' id='word_1_221' title='bbox 126 3164 191 3208; x_wconf 93' lang='lat' dir='ltr'>non</span> <span class='ocrx_word' id='word_1_222' title='bbox 223 3141 383 3209; x_wconf 86' lang='lat' dir='ltr'>admissae</span> <span class='ocrx_word' id='word_1_223' title='bbox 416 3141 496 3225; x_wconf 86' lang='lat' dir='ltr'>sint,</span> <span class='ocrx_word' id='word_1_224' title='bbox 527 3140 612 3205; x_wconf 88' lang='lat' dir='ltr'>unde</span> <span class='ocrx_word' id='word_1_225' title='bbox 642 3141 771 3204; x_wconf 89' lang='lat' dir='ltr'>infirmo</span> <span class='ocrx_word' id='word_1_226' title='bbox 803 3141 924 3206; x_wconf 91' lang='lat' dir='ltr'>indicio</span> <span class='ocrx_word' id='word_1_227' title='bbox 957 3142 1106 3206; x_wconf 89' lang='lat' dir='ltr'>vocabuli</span> <span class='ocrx_word' id='word_1_228' title='bbox 1139 3141 1223 3205; x_wconf 93' lang='lat' dir='ltr'>finiti</span> <span class='ocrx_word' id='word_1_229' title='bbox 1256 3142 1327 3205; x_wconf 89' lang='lat' dir='ltr'>solo</span> <span class='ocrx_word' id='word_1_230' title='bbox 1355 3141 1409 3206; x_wconf 91' lang='lat' dir='ltr'>via</span> 
     </span>
     <span class='ocr_line' id='line_1_26' title="bbox 128 3247 1407 3314; baseline 0 -1"><span class='ocrx_word' id='word_1_231' title='bbox 128 3248 405 3314; x_wconf 88' lang='lat' dir='ltr'>discribendorum</span> <span class='ocrx_word' id='word_1_232' title='bbox 432 3270 584 3312; x_wconf 90' lang='lat' dir='ltr'>versuum</span> <span class='ocrx_word' id='word_1_233' title='bbox 611 3247 780 3312; x_wconf 89' lang='lat' dir='ltr'>indicetur.</span> <span class='ocrx_word' id='word_1_234' title='bbox 826 3247 996 3312; x_wconf 89' lang='lat' dir='ltr'>lnfirmum</span> <span class='ocrx_word' id='word_1_235' title='bbox 1022 3253 1131 3313; x_wconf 91' lang='lat' dir='ltr'>autem</span> <span class='ocrx_word' id='word_1_236' title='bbox 1156 3248 1219 3313; x_wconf 91' lang='lat' dir='ltr'>hoc</span> <span class='ocrx_word' id='word_1_237' title='bbox 1251 3247 1407 3313; x_wconf 91' lang='lat' dir='ltr'>indicium</span> 
     </span>
     <span class='ocr_line' id='line_1_27' title="bbox 127 3354 1409 3440; baseline -0.002 -20"><span class='ocrx_word' id='word_1_238' title='bbox 127 3356 206 3438; x_wconf 85' lang='lat' dir='ltr'>dixi,</span> <span class='ocrx_word' id='word_1_239' title='bbox 230 3357 316 3440; x_wconf 90' lang='lat' dir='ltr'>quod</span> <span class='ocrx_word' id='word_1_240' title='bbox 338 3355 414 3419; x_wconf 92' lang='lat' dir='ltr'>inde</span> <span class='ocrx_word' id='word_1_241' title='bbox 438 3355 478 3418; x_wconf 92' lang='lat' dir='ltr'>ab</span> <span class='ocrx_word' id='word_1_242' title='bbox 498 3354 641 3419; x_wconf 86' lang='lat' dir='ltr'>Homero</span> <span class='ocrx_word' id='word_1_243' title='bbox 661 3359 776 3439; x_wconf 92' lang='lat' dir='ltr'>poetae</span> <span class='ocrx_word' id='word_1_244' title='bbox 795 3377 861 3419; x_wconf 90' lang='lat' dir='ltr'>non</span> <span class='ocrx_word' id='word_1_245' title='bbox 880 3355 986 3419; x_wconf 91' lang='lat' dir='ltr'>solum</span> <span class='ocrx_word' id='word_1_246' title='bbox 1005 3356 1040 3420; x_wconf 92' lang='lat' dir='ltr'>in</span> <span class='ocrx_word' id='word_1_247' title='bbox 1057 3358 1121 3421; x_wconf 92' lang='lat' dir='ltr'>fine</span> <span class='ocrx_word' id='word_1_248' title='bbox 1141 3379 1253 3421; x_wconf 88' lang='lat' dir='ltr'>versus</span> <span class='ocrx_word' id='word_1_249' title='bbox 1273 3377 1409 3440; x_wconf 89' lang='lat' dir='ltr'>semper,</span> 
     </span>
     <span class='ocr_line' id='line_1_28' title="bbox 128 3462 1408 3547; baseline 0.002 -23"><span class='ocrx_word' id='word_1_250' title='bbox 128 3462 183 3525; x_wconf 88' lang='lat' dir='ltr'>sed</span> <span class='ocrx_word' id='word_1_251' title='bbox 219 3463 319 3526; x_wconf 90' lang='lat' dir='ltr'>etiam</span> <span class='ocrx_word' id='word_1_252' title='bbox 355 3463 391 3525; x_wconf 88' lang='lat' dir='ltr'>in</span> <span class='ocrx_word' id='word_1_253' title='bbox 427 3483 561 3526; x_wconf 90' lang='lat' dir='ltr'>caesura</span> <span class='ocrx_word' id='word_1_254' title='bbox 591 3484 703 3526; x_wconf 91' lang='lat' dir='ltr'>versus</span> <span class='ocrx_word' id='word_1_255' title='bbox 735 3462 925 3547; x_wconf 91' lang='lat' dir='ltr'>plerumque</span> <span class='ocrx_word' id='word_1_256' title='bbox 957 3463 1093 3527; x_wconf 88' lang='lat' dir='ltr'>verbum</span> <span class='ocrx_word' id='word_1_257' title='bbox 1124 3463 1217 3527; x_wconf 89' lang='lat' dir='ltr'>finire</span> <span class='ocrx_word' id='word_1_258' title='bbox 1251 3463 1408 3527; x_wconf 87' lang='lat' dir='ltr'>solebant.</span> 
     </span>
     <span class='ocr_line' id='line_1_29' title="bbox 127 3568 1410 3654; baseline 0.002 -23"><span class='ocrx_word' id='word_1_259' title='bbox 127 3568 234 3652; x_wconf 83' lang='lat' dir='ltr'>Atque</span> <span class='ocrx_word' id='word_1_260' title='bbox 266 3570 366 3634; x_wconf 91' lang='lat' dir='ltr'>etiam</span> <span class='ocrx_word' id='word_1_261' title='bbox 398 3569 433 3632; x_wconf 90' lang='lat' dir='ltr'>in</span> <span class='ocrx_word' id='word_1_262' title='bbox 464 3568 670 3654; x_wconf 83' lang='lat' dir='ltr'>longioribus</span> <span class='ocrx_word' id='word_1_263' title='bbox 700 3568 770 3633; x_wconf 91' lang='lat' dir='ltr'>odis</span> <span class='ocrx_word' id='word_1_264' title='bbox 797 3591 909 3633; x_wconf 91' lang='lat' dir='ltr'>versus</span> <span class='ocrx_word' id='word_1_265' title='bbox 939 3574 1112 3635; x_wconf 89' lang='lat' dir='ltr'>occurrunt</span> <span class='ocrx_word' id='word_1_266' title='bbox 1140 3592 1206 3634; x_wconf 90' lang='lat' dir='ltr'>non</span> <span class='ocrx_word' id='word_1_267' title='bbox 1234 3570 1344 3654; x_wconf 90' lang='lat' dir='ltr'>pauci,</span> <span class='ocrx_word' id='word_1_268' title='bbox 1375 3569 1410 3633; x_wconf 90' lang='lat' dir='ltr'>in</span> 
     </span>
     <span class='ocr_line' id='line_1_30' title="bbox 129 3675 1410 3762; baseline 0.001 -23"><span class='ocrx_word' id='word_1_269' title='bbox 129 3676 246 3758; x_wconf 90' lang='lat' dir='ltr'>quibus</span> <span class='ocrx_word' id='word_1_270' title='bbox 270 3676 384 3741; x_wconf 90' lang='lat' dir='ltr'>mediis</span> <span class='ocrx_word' id='word_1_271' title='bbox 409 3698 483 3740; x_wconf 90' lang='lat' dir='ltr'>cum</span> <span class='ocrx_word' id='word_1_272' title='bbox 505 3697 666 3759; x_wconf 88' lang='lat' dir='ltr'>nusquam</span> <span class='ocrx_word' id='word_1_273' title='bbox 690 3676 799 3740; x_wconf 89' lang='lat' dir='ltr'>hiatus</span> <span class='ocrx_word' id='word_1_274' title='bbox 824 3682 881 3739; x_wconf 89' lang='lat' dir='ltr'>aut</span> <span class='ocrx_word' id='word_1_275' title='bbox 900 3675 1025 3760; x_wconf 85' lang='lat' dir='ltr'>syllaba</span> <span class='ocrx_word' id='word_1_276' title='bbox 1045 3699 1163 3762; x_wconf 91' lang='lat' dir='ltr'>anceps</span> <span class='ocrx_word' id='word_1_277' title='bbox 1182 3676 1325 3741; x_wconf 89' lang='lat' dir='ltr'>admissa</span> <span class='ocrx_word' id='word_1_278' title='bbox 1343 3676 1410 3740; x_wconf 90' lang='lat' dir='ltr'>sint</span> 
     </span>
     <span class='ocr_line' id='line_1_31' title="bbox 128 3782 1411 3869; baseline -0.001 -21"><span class='ocrx_word' id='word_1_279' title='bbox 128 3789 160 3847; x_wconf 93' lang='lat' dir='ltr'>et</span> <span class='ocrx_word' id='word_1_280' title='bbox 184 3783 289 3848; x_wconf 91' lang='lat' dir='ltr'>solnm</span> <span class='ocrx_word' id='word_1_281' title='bbox 313 3785 411 3848; x_wconf 92' lang='lat' dir='ltr'>certis</span> <span class='ocrx_word' id='word_1_282' title='bbox 436 3783 630 3867; x_wconf 89' lang='lat' dir='ltr'>quibusdam</span> <span class='ocrx_word' id='word_1_283' title='bbox 653 3783 733 3848; x_wconf 88' lang='lat' dir='ltr'>locis</span> <span class='ocrx_word' id='word_1_284' title='bbox 756 3782 891 3847; x_wconf 90' lang='lat' dir='ltr'>verbum</span> <span class='ocrx_word' id='word_1_285' title='bbox 915 3806 1042 3869; x_wconf 89' lang='lat' dir='ltr'>semper</span> <span class='ocrx_word' id='word_1_286' title='bbox 1065 3785 1194 3848; x_wconf 91' lang='lat' dir='ltr'>finitum</span> <span class='ocrx_word' id='word_1_287' title='bbox 1217 3784 1411 3869; x_wconf 86' lang='lat' dir='ltr'>inveniatur,</span> 
     </span>
     <span class='ocr_line' id='line_1_32' title="bbox 128 3890 1410 3977; baseline 0.002 -23"><span class='ocrx_word' id='word_1_288' title='bbox 128 3890 189 3955; x_wconf 94' lang='lat' dir='ltr'>hoc</span> <span class='ocrx_word' id='word_1_289' title='bbox 215 3914 281 3955; x_wconf 92' lang='lat' dir='ltr'>non</span> <span class='ocrx_word' id='word_1_290' title='bbox 309 3914 421 3956; x_wconf 91' lang='lat' dir='ltr'>versus</span> <span class='ocrx_word' id='word_1_291' title='bbox 449 3891 537 3974; x_wconf 90' lang='lat' dir='ltr'>finis,</span> <span class='ocrx_word' id='word_1_292' title='bbox 565 3890 622 3955; x_wconf 90' lang='lat' dir='ltr'>sed</span> <span class='ocrx_word' id='word_1_293' title='bbox 650 3912 801 3955; x_wconf 86' lang='lat' dir='ltr'>caesurae</span> <span class='ocrx_word' id='word_1_294' title='bbox 829 3890 914 3956; x_wconf 91' lang='lat' dir='ltr'>sedis</span> <span class='ocrx_word' id='word_1_295' title='bbox 940 3891 1097 3956; x_wconf 91' lang='lat' dir='ltr'>indicium</span> <span class='ocrx_word' id='word_1_296' title='bbox 1121 3915 1191 3957; x_wconf 89' lang='lat' dir='ltr'>esse</span> <span class='ocrx_word' id='word_1_297' title='bbox 1214 3892 1410 3977; x_wconf 90' lang='lat' dir='ltr'>putavimus,</span> 
     </span>
     <span class='ocr_line' id='line_1_33' title="bbox 129 3995 1409 4083; baseline 0.003 -23"><span class='ocrx_word' id='word_1_298' title='bbox 129 4003 164 4061; x_wconf 87' lang='lat' dir='ltr'>nt</span> <span class='ocrx_word' id='word_1_299' title='bbox 179 3996 214 4062; x_wconf 91' lang='grc' dir='ltr'>Ο.</span> <span class='ocrx_word' id='word_1_300' title='bbox 230 4017 268 4062; x_wconf 89' lang='lat' dir='ltr'>n1</span> <span class='ocrx_word' id='word_1_301' title='bbox 283 4003 339 4064; x_wconf 89' lang='lat' dir='ltr'>str.</span> <span class='ocrx_word' id='word_1_302' title='bbox 355 4001 384 4063; x_wconf 89' lang='lat'>3.</span> <span class='ocrx_word' id='word_1_303' title='bbox 399 4001 430 4063; x_wconf 86' lang='lat'>4.</span> <span class='ocrx_word' id='word_1_304' title='bbox 449 4021 497 4083; x_wconf 92' lang='lat' dir='ltr'>ep.</span> <span class='ocrx_word' id='word_1_305' title='bbox 512 4000 541 4063; x_wconf 83' lang='lat'>3.</span> <span class='ocrx_word' id='word_1_306' title='bbox 556 4000 585 4063; x_wconf 85' lang='lat'>4.</span> <span class='ocrx_word' id='word_1_307' title='bbox 613 3995 706 4073; x_wconf 83' lang='lat' dir='ltr'>Quod</span> <span class='ocrx_word' id='word_1_308' title='bbox 725 4020 782 4062; x_wconf 88' lang='lat' dir='ltr'>cur</span> <span class='ocrx_word' id='word_1_309' title='bbox 801 3999 1009 4063; x_wconf 88' lang='lat' dir='ltr'>statuendum</span> <span class='ocrx_word' id='word_1_310' title='bbox 1028 4000 1226 4082; x_wconf 84' lang='lat' dir='ltr'>duxerimus,</span> <span class='ocrx_word' id='word_1_311' title='bbox 1247 3999 1314 4064; x_wconf 89' lang='lat' dir='ltr'>suis</span> <span class='ocrx_word' id='word_1_312' title='bbox 1329 3999 1409 4064; x_wconf 92' lang='lat' dir='ltr'>locis</span> 
     </span>
     <span class='ocr_line' id='line_1_34' title="bbox 129 4104 1411 4192; baseline 0.002 -24"><span class='ocrx_word' id='word_1_313' title='bbox 129 4105 323 4190; x_wconf 76' lang='lat' dir='ltr'>aperiemus3</span> <span class='ocrx_word' id='word_1_314' title='bbox 345 4105 400 4170; x_wconf 96' lang='lat' dir='ltr'>hic</span> <span class='ocrx_word' id='word_1_315' title='bbox 419 4106 524 4170; x_wconf 90' lang='lat' dir='ltr'>solnm</span> <span class='ocrx_word' id='word_1_316' title='bbox 542 4105 681 4170; x_wconf 89' lang='lat' dir='ltr'>lectores</span> <span class='ocrx_word' id='word_1_317' title='bbox 701 4104 843 4170; x_wconf 90' lang='lat' dir='ltr'>monitos</span> <span class='ocrx_word' id='word_1_318' title='bbox 862 4104 973 4190; x_wconf 93' lang='lat' dir='ltr'>velim,</span> <span class='ocrx_word' id='word_1_319' title='bbox 991 4107 1027 4170; x_wconf 91' lang='lat' dir='ltr'>in</span> <span class='ocrx_word' id='word_1_320' title='bbox 1046 4106 1292 4192; x_wconf 84' lang='lat' dir='ltr'>diagrammatis</span> <span class='ocrx_word' id='word_1_321' title='bbox 1311 4106 1411 4190; x_wconf 92' lang='lat' dir='ltr'>locos,</span> 
     </span>
     <span class='ocr_line' id='line_1_35' title="bbox 130 4211 1411 4299; baseline 0.002 -24"><span class='ocrx_word' id='word_1_322' title='bbox 130 4213 246 4295; x_wconf 90' lang='lat' dir='ltr'>quibus</span> <span class='ocrx_word' id='word_1_323' title='bbox 264 4212 299 4277; x_wconf 92' lang='lat' dir='ltr'>in</span> <span class='ocrx_word' id='word_1_324' title='bbox 315 4212 466 4278; x_wconf 91' lang='lat' dir='ltr'>omnibus</span> <span class='ocrx_word' id='word_1_325' title='bbox 480 4212 628 4276; x_wconf 88' lang='lat' dir='ltr'>versibus</span> <span class='ocrx_word' id='word_1_326' title='bbox 643 4212 785 4276; x_wconf 88' lang='lat' dir='ltr'>eiusdem</span> <span class='ocrx_word' id='word_1_327' title='bbox 801 4211 954 4296; x_wconf 89' lang='lat' dir='ltr'>strophae</span> <span class='ocrx_word' id='word_1_328' title='bbox 969 4215 1104 4278; x_wconf 92' lang='lat' dir='ltr'>verbum</span> <span class='ocrx_word' id='word_1_329' title='bbox 1118 4213 1264 4298; x_wconf 88' lang='lat' dir='ltr'>finiatur,</span> <span class='ocrx_word' id='word_1_330' title='bbox 1284 4213 1411 4299; x_wconf 79' lang='lat' dir='ltr'>virgula</span> 
     </span>
     <span class='ocr_line' id='line_1_36' title="bbox 130 4317 1411 4407; baseline 0 -24"><span class='ocrx_word' id='word_1_331' title='bbox 130 4342 149 4383; x_wconf 90' lang='lat' dir='ltr'>a</span> <span class='ocrx_word' id='word_1_332' title='bbox 165 4320 262 4385; x_wconf 92' lang='lat' dir='ltr'>nobis</span> <span class='ocrx_word' id='word_1_333' title='bbox 274 4321 437 4385; x_wconf 89' lang='lat' dir='ltr'>indicatos</span> <span class='ocrx_word' id='word_1_334' title='bbox 452 4341 530 4384; x_wconf 90' lang='lat' dir='ltr'>esse.</span> <span class='ocrx_word' id='word_1_335' title='bbox 564 4317 669 4395; x_wconf 82' lang='lat' dir='ltr'>Quid?</span> <span class='ocrx_word' id='word_1_336' title='bbox 689 4319 775 4402; x_wconf 90' lang='lat' dir='ltr'>quod</span> <span class='ocrx_word' id='word_1_337' title='bbox 790 4318 888 4383; x_wconf 88' lang='lat' dir='ltr'>etiam</span> <span class='ocrx_word' id='word_1_338' title='bbox 903 4319 1033 4406; x_wconf 86' lang='lat' dir='ltr'>longius</span> <span class='ocrx_word' id='word_1_339' title='bbox 1047 4320 1213 4407; x_wconf 81' lang='lat' dir='ltr'>progressi</span> <span class='ocrx_word' id='word_1_340' title='bbox 1228 4343 1269 4386; x_wconf 89' lang='lat' dir='ltr'>ne</span> <span class='ocrx_word' id='word_1_341' title='bbox 1282 4320 1411 4385; x_wconf 92' lang='lat' dir='ltr'>indiciis</span> 
     </span>
     <span class='ocr_line' id='line_1_37' title="bbox 129 4425 1410 4512; baseline -0.001 -22"><span class='ocrx_word' id='word_1_342' title='bbox 129 4428 260 4510; x_wconf 89' lang='lat' dir='ltr'>quidem</span> <span class='ocrx_word' id='word_1_343' title='bbox 283 4427 465 4493; x_wconf 91' lang='lat' dir='ltr'>coniunctis</span> <span class='ocrx_word' id='word_1_344' title='bbox 490 4426 579 4491; x_wconf 90' lang='lat' dir='ltr'>verbi</span> <span class='ocrx_word' id='word_1_345' title='bbox 602 4426 687 4490; x_wconf 89' lang='lat' dir='ltr'>finiti</span> <span class='ocrx_word' id='word_1_346' title='bbox 706 4429 739 4489; x_wconf 91' lang='lat' dir='ltr'>et</span> <span class='ocrx_word' id='word_1_347' title='bbox 757 4425 867 4490; x_wconf 85' lang='lat' dir='ltr'>hiatus</span> <span class='ocrx_word' id='word_1_348' title='bbox 886 4427 937 4491; x_wconf 90' lang='lat' dir='ltr'>vel</span> <span class='ocrx_word' id='word_1_349' title='bbox 957 4427 1106 4512; x_wconf 88' lang='lat' dir='ltr'>ancipitis</span> <span class='ocrx_word' id='word_1_350' title='bbox 1127 4427 1271 4510; x_wconf 88' lang='lat' dir='ltr'>syllabae</span> <span class='ocrx_word' id='word_1_351' title='bbox 1291 4426 1410 4510; x_wconf 90' lang='lat' dir='ltr'>ubique</span> 
     </span>
     <span class='ocr_line' id='line_1_38' title="bbox 126 4531 1412 4619; baseline 0.001 -22"><span class='ocrx_word' id='word_1_352' title='bbox 126 4533 420 4619; x_wconf 88' lang='lat' dir='ltr'>obtemperandum</span> <span class='ocrx_word' id='word_1_353' title='bbox 439 4555 510 4598; x_wconf 90' lang='lat' dir='ltr'>esse</span> <span class='ocrx_word' id='word_1_354' title='bbox 531 4531 690 4596; x_wconf 79' lang='lat' dir='ltr'>duximus,</span> <span class='ocrx_word' id='word_1_355' title='bbox 720 4531 870 4615; x_wconf 90' lang='lat' dir='ltr'>Namque</span> <span class='ocrx_word' id='word_1_356' title='bbox 889 4555 962 4597; x_wconf 90' lang='lat' dir='ltr'>cum</span> <span class='ocrx_word' id='word_1_357' title='bbox 976 4555 1220 4618; x_wconf 89' lang='lat' dir='ltr'>nonnumquam</span> <span class='ocrx_word' id='word_1_358' title='bbox 1235 4533 1412 4598; x_wconf 89' lang='lat' dir='ltr'>Pindarum</span> 
     </span>
     <span class='ocr_line' id='line_1_39' title="bbox 130 4638 1412 4726; baseline 0.002 -23"><span class='ocrx_word' id='word_1_359' title='bbox 130 4640 289 4723; x_wconf 89' lang='lat' dir='ltr'>syllabam</span> <span class='ocrx_word' id='word_1_360' title='bbox 311 4641 443 4705; x_wconf 92' lang='lat' dir='ltr'>brevem</span> <span class='ocrx_word' id='word_1_361' title='bbox 467 4640 597 4704; x_wconf 88' lang='lat' dir='ltr'>finalem</span> <span class='ocrx_word' id='word_1_362' title='bbox 619 4639 654 4703; x_wconf 94' lang='lat' dir='ltr'>in</span> <span class='ocrx_word' id='word_1_363' title='bbox 678 4639 743 4704; x_wconf 90' lang='lat' dir='ltr'>arsi</span> <span class='ocrx_word' id='word_1_364' title='bbox 767 4639 798 4702; x_wconf 93' lang='lat' dir='ltr'>vi</span> <span class='ocrx_word' id='word_1_365' title='bbox 817 4661 968 4704; x_wconf 88' lang='lat' dir='ltr'>caesurae</span> <span class='ocrx_word' id='word_1_366' title='bbox 987 4640 1178 4724; x_wconf 83' lang='lat' dir='ltr'>produxisse</span> <span class='ocrx_word' id='word_1_367' title='bbox 1199 4640 1240 4726; x_wconf 92' lang='lat' dir='ltr'>(v.</span> <span class='ocrx_word' id='word_1_368' title='bbox 1257 4638 1292 4703; x_wconf 92' lang='grc' dir='ltr'>Ο.</span> <span class='ocrx_word' id='word_1_369' title='bbox 1308 4658 1343 4702; x_wconf 82' lang='lat' dir='ltr'>vl</span> <span class='ocrx_word' id='word_1_370' title='bbox 1360 4641 1412 4705; x_wconf 74' lang='lat'>28.</span> 
     </span>
     <span class='ocr_line' id='line_1_40' title="bbox 132 4744 1410 4831; baseline 0.002 -23"><span class='ocrx_word' id='word_1_371' title='bbox 132 4744 164 4810; x_wconf 91' lang='lat' dir='ltr'>P.</span> <span class='ocrx_word' id='word_1_372' title='bbox 184 4765 222 4810; x_wconf 90' lang='lat'>111</span> <span class='ocrx_word' id='word_1_373' title='bbox 242 4748 271 4812; x_wconf 88' lang='lat'>6.</span> <span class='ocrx_word' id='word_1_374' title='bbox 299 4765 334 4811; x_wconf 92' lang='lat' dir='ltr'>1v</span> <span class='ocrx_word' id='word_1_375' title='bbox 357 4748 427 4814; x_wconf 83' lang='grc'><strong>184.</strong></span> <span class='ocrx_word' id='word_1_376' title='bbox 461 4748 569 4814; x_wconf 86' lang='lat' dir='ltr'><strong>x138.</strong></span> <span class='ocrx_word' id='word_1_377' title='bbox 607 4747 739 4831; x_wconf 74' lang='grc'><strong>1125,</strong></span> <span class='ocrx_word' id='word_1_378' title='bbox 770 4747 910 4811; x_wconf 83' lang='lat' dir='ltr'>fortasse</span> <span class='ocrx_word' id='word_1_379' title='bbox 943 4747 1042 4812; x_wconf 89' lang='lat' dir='ltr'>etiam</span> <span class='ocrx_word' id='word_1_380' title='bbox 1074 4748 1110 4811; x_wconf 89' lang='lat'>0.</span> <span class='ocrx_word' id='word_1_381' title='bbox 1131 4765 1166 4810; x_wconf 81' lang='lat' dir='ltr'>vl</span> <span class='ocrx_word' id='word_1_382' title='bbox 1189 4748 1258 4812; x_wconf 83' lang='lat'><strong>103.</strong></span> <span class='ocrx_word' id='word_1_383' title='bbox 1289 4764 1339 4808; x_wconf 88' lang='lat' dir='ltr'>vn</span> <span class='ocrx_word' id='word_1_384' title='bbox 1358 4748 1410 4812; x_wconf 79' lang='lat'>86.</span> 
     </span>
     <span class='ocr_line' id='line_1_41' title="bbox 134 4850 1414 4940; baseline 0.004 -26"><span class='ocrx_word' id='word_1_385' title='bbox 134 4850 166 4916; x_wconf 88' lang='lat' dir='ltr'>P.</span> <span class='ocrx_word' id='word_1_386' title='bbox 183 4871 220 4917; x_wconf 81' lang='lat' dir='ltr'>lx</span> <span class='ocrx_word' id='word_1_387' title='bbox 241 4856 314 4919; x_wconf 86' lang='grc'><strong>114.</strong></span> <span class='ocrx_word' id='word_1_388' title='bbox 346 4851 386 4918; x_wconf 88' lang='grc' dir='ltr'>Ν.</span> <span class='ocrx_word' id='word_1_389' title='bbox 407 4856 491 4920; x_wconf 83' lang='lat'><strong>169.</strong></span> <span class='ocrx_word' id='word_1_390' title='bbox 515 4872 552 4917; x_wconf 81' lang='lat' dir='ltr'>vr</span> <span class='ocrx_word' id='word_1_391' title='bbox 571 4857 623 4919; x_wconf 76' lang='lat'>22.</span> <span class='ocrx_word' id='word_1_392' title='bbox 642 4851 700 4940; x_wconf 75' lang='lat'>56)</span> <span class='ocrx_word' id='word_1_393' title='bbox 728 4855 929 4939; x_wconf 89' lang='lat' dir='ltr'>eundemque</span> <span class='ocrx_word' id='word_1_394' title='bbox 956 4855 1082 4920; x_wconf 89' lang='lat' dir='ltr'>hiatum</span> <span class='ocrx_word' id='word_1_395' title='bbox 1110 4854 1144 4918; x_wconf 93' lang='lat' dir='ltr'>in</span> <span class='ocrx_word' id='word_1_396' title='bbox 1168 4875 1302 4919; x_wconf 86' lang='lat' dir='ltr'>caesura</span> <span class='ocrx_word' id='word_1_397' title='bbox 1324 4876 1414 4938; x_wconf 89' lang='lat' dir='ltr'>prae·</span> 
     </span>
    </p>
   </div>
   <div class='ocr_carea' id='block_1_5' title="bbox 186 4959 1200 5013">
    <p class='ocr_par' dir='ltr' id='par_1_5' title="bbox 186 4959 1200 5013">
     <span class='ocr_line' id='line_1_42' title="bbox 186 4959 1200 5013; baseline 0.006 -6"><span class='ocrx_word' id='word_1_398' title='bbox 186 4966 309 5009; x_wconf 65' lang='lat' dir='ltr'>Punicus</span> <span class='ocrx_word' id='word_1_399' title='bbox 324 4968 360 5009; x_wconf 86' lang='lat' dir='ltr'>cd.</span> <span class='ocrx_word' id='word_1_400' title='bbox 374 4967 477 5009; x_wconf 75' lang='lat' dir='ltr'>Christ.</span> <span class='ocrx_word' id='word_1_401' title='bbox 1182 4959 1200 5013; x_wconf 84' lang='lat' dir='ltr'>b</span> 
     </span>
    </p>
   </div>
   <div class='ocr_carea' id='block_1_6' title="bbox 0 0 1745 5550">
    <p class='ocr_par' dir='ltr' id='par_1_6' title="bbox 0 0 1745 5550">
     <span class='ocr_line' id='line_1_43' title="bbox 0 0 1745 5550; baseline 0 0"><span class='ocrx_word' id='word_1_402' title='bbox 0 0 1745 5550; x_wconf 95' lang='lat' dir='ltr'> </span> 
     </span>
    </p>
   </div>
  </div>
 </body>
</html>
