3442 5550
691 345 840 397 PINDARI
857 345 1023 400 EPINICIA.

379 525 413 570 45
434 503 653 592 Ἀλεξιβιάδα,
676 504 712 573 σὲ
736 506 765 572 δ’
793 508 891 592 ἠύκο-

479 639 535 700 μοι
558 613 714 699 φλέγοντι
739 615 884 700 Χάριτες·

430 721 590 807 μακάριος
612 721 650 797 ὃς
672 724 755 805 ἔχεις

432 826 487 892 καὶ
509 828 593 892 πεδὰ
615 827 720 912 μέγαν
743 828 888 912 κάματον

434 937 543 1017 λόγων
566 935 739 1019 φερτάτων

435 1039 581 1126 μναμήί.
627 1041 664 1107 ἐν
686 1042 929 1127 τεσσαράκοντα
951 1043 1014 1128 γὰρ

380 1165 414 1211 oo
433 1152 644 1214 πετόντεσσιν
668 1149 814 1233 ἁνιόχοις
837 1150 916 1214 ὅλον

434 1257 558 1341 δίφρον
580 1256 728 1341 κομίξαις
750 1255 887 1341 ἀταρβεῖ
907 1260 1009 1342 φρενί

432 1358 533 1445 ἦλθες
556 1364 620 1445 ἤδη
645 1364 773 1447 Λιβύας
796 1364 912 1427 πεδίον
936 1362 967 1441 ἐξ
991 1362 1124 1445 ἀγλαῶν

434 1468 567 1534 ἀέθλων
588 1467 644 1534 καὶ
667 1472 837 1553 πατρωίαν
859 1473 966 1535 πόλιν.
1302 1488 1335 1537 70

1148 1630 1214 1696 Ἐκ.
1237 1630 1281 1715 β’.

432 1741 545 1803 πόνων
568 1736 600 1803 δ’
626 1739 667 1803 ού
689 1762 740 1815 τις
762 1738 948 1824 ἀπόκλαρός
971 1737 1061 1804 ἐστιν
1084 1737 1156 1804 οὔτ’
1182 1742 1302 1803 ἔσεται·

379 1846 450 1911 aab
476 1846 604 1910 Βάττου
628 1844 659 1910 δ’
685 1845 795 1910 ἕπεται
817 1847 957 1922 παλαιὸς

474 1954 573 2036 ὄλβος
596 1955 701 2037 ἔμπαν
723 1954 763 2017 τά
786 1950 841 2017 καλ
864 1953 905 2016 τὰ
927 1951 1050 2037 νέμων,

430 2060 556 2144 πύργος
579 2060 694 2136 ἄστεος
716 2061 818 2144 όμ-μα
842 2083 876 2124 τε
898 2063 1125 2144 φαεννότατον
1302 2078 1334 2124 75

432 2165 562 2244 ξένοισι.
599 2169 710 2231 κεῖνόν
733 2190 769 2249 γε
792 2164 847 2231 καὶ
870 2168 1077 2252 βαρύκομποι

431 2272 561 2350 λέοντες
582 2270 658 2358 περὶ
681 2274 809 2358 δείματι
832 2274 957 2358 φύγον,

434 2386 587 2463 γλῶσσαν
611 2379 682 2445 ἐπεί
694 2398 803 2464 -σφιν
826 2380 996 2446 ἀπένεικεν
1017 2381 1100 2464 ὑπερ
1115 2416 1129 2424 -
1144 2382 1298 2446 ποντίαν·

379 2487 450 2552 6όὸ
474 2485 506 2551 δ’
532 2486 713 2573 ἀρχαγέτας
734 2485 830 2552 ἔδωκ’
851 2486 1021 2552 Ἀπόλλων
1300 2504 1335 2552 80

430 2600 539 2679 όῆοιι
561 2596 644 2682 aaa
668 2596 779 2681 νόβν,

288 2884 331 2932 49.
360 2875 487 2947 μναμήια
515 2877 544 2931 D
571 2878 600 2930 et
627 2875 726 2931 schol:
750 2876 890 2947 μναμήιον
913 2880 1005 2947 (μνημ.
1030 2878 1067 2939 Bt
1091 2878 1206 2932 130—
1226 2886 1268 2934 50.
1292 2875 1450 2949 ἁνιόχοισιν
1472 2877 1494 2933 0

220 2982 251 2989 -
276 2956 318 3004 51.
343 2949 389 3002 hic
412 2947 516 3002 desinit
541 2949 617 3002 0-
641 2953 682 3003 οἳ.
707 2950 818 3017 ἀγλαῶν
842 2947 959 3003 Mosen:
979 2951 1099 3018 ἀγαθῶν
1122 2949 1187 3003 BD
1210 2981 1244 2989 -
1263 2948 1356 3003 ἔσεται
1373 2950 1491 3004 Moscha

219 3021 326 3075 ἔσσεται
345 3022 372 3074 Β
382 3021 452 3076 DE
467 3052 497 3060 -
514 3026 555 3075 57.
576 3021 630 3085 ξεν.
647 3021 687 3075 X:
708 3017 773 3084 ξείν.
789 3019 896 3074 BDE
910 3052 941 3059 -
957 3024 999 3073 58.
1018 3021 1111 3091 φύγον
1130 3021 1247 3076 Morem
1267 3028 1374 3091 φεῦγον
1388 3020 1494 3077 ΒΒΕ

221 3125 251 3133 -
274 3100 315 3148 59.
344 3090 487 3146 ἐπένεικεν
504 3090 608 3144 lemma
626 3091 687 3146 cod.
710 3092 737 3147 U
752 3092 888 3161 probante
906 3091 1015 3159 Heynio
1035 3124 1067 3131 —

288 3240 332 3287 45.
350 3233 531 3306 Ἀλεξιβιάδα·
547 3233 689 3302 Carrhote,
703 3232 849 3287 Alexibiae
867 3232 908 3286 fili
923 3264 958 3271 —
972 3232 1088 3302 ἠύκομοι
1108 3250 1158 3304 pro
1178 3234 1292 3305 εύκομοι
1310 3235 1348 3288 ad
1365 3252 1492 3290 normam

218 3305 426 3359 llomericorum
443 3305 587 3359 nominum
611 3306 744 3374 ἠύκομος,
767 3302 898 3374 ἠνγὲνεια
918 3336 953 3343 -
971 3302 1114 3374 φλέγοντι,
1140 3305 1299 3374 illustrant,
1327 3310 1358 3360 ut
1376 3306 1410 3361 Ο.
1424 3326 1453 3360 ιι
1467 3322 1491 3362 ιι

273 3383 314 3430 47.
334 3376 421 3429 πεδί·
442 3376 556 3429 Aeolica
575 3376 665 3429 forma
682 3375 908 3445 praepositionis,
927 3379 959 3427 ut
972 3374 1003 3429 ἐν
1017 3393 1078 3429 cum
1094 3394 1152 3432 acc.
1167 3394 1216 3446 pro
1232 3379 1288 3431 dat.
1304 3395 1329 3432 v.
1345 3394 1380 3447 as,
1400 3378 1491 3433 Aeoli-

219 3466 265 3501 coe
286 3465 415 3501 numeros
435 3447 517 3499 huius
537 3447 668 3500 carminis
687 3446 780 3513 decet;
800 3447 901 3500 mimm
916 3449 1018 3514 tamen,
1033 3450 1107 3515 quod
1122 3448 1201 3501 iuxta
1215 3448 1360 3503 Aeolicam
1373 3449 1493 3505 sormam

221 3518 294 3572 πεδί
314 3518 400 3571 etiam
419 3517 544 3588 vulgaris
563 3517 632 3588 μετά
650 3537 675 3572 v.
696 3535 720 3572 οι
745 3521 880 3588 usurpata
905 3520 956 3585 est,
976 3518 1142 3586 scribarum,
1168 3519 1279 3589 opinor,
1313 3519 1494 3603 neglegentia

221 3621 252 3629 -
273 3596 315 3644 οἳ.
335 3591 435 3644 πεδίον
450 3633 455 3643 .
473 3633 478 3643 .
494 3633 500 3643 .
515 3587 609 3643 πόλιν·
634 3590 669 3643 de
688 3591 849 3644 accusativo
869 3589 905 3643 ad
924 3588 1029 3656 locum,
1049 3608 1131 3658 quem
1150 3593 1213 3659 quis
1232 3590 1313 3661 petit,
1332 3591 1493 3661 significan·

218 3661 284 3714 ‹lum
303 3660 368 3713 vide
388 3661 424 3713 ad
445 3660 475 3713 Ο.
496 3681 512 3712 x
531 3679 556 3716 ιιι
576 3694 609 3701 —
629 3667 671 3714 54.
692 3661 832 3715 sententia
850 3659 996 3714 simillima
1015 3660 1046 3716 Ο.
1066 3682 1083 3714 x
1103 3680 1128 3717 ra
1147 3695 1181 3701 —
1199 3681 1229 3716 τε
1244 3706 1250 3717 .
1267 3706 1272 3716 .
1289 3706 1295 3717 .
1310 3663 1387 3717 obre·
1407 3662 1493 3718 etiam

218 3734 236 3787 l.
257 3752 284 3785 vi
303 3748 329 3786 ao
348 3734 376 3784 et
395 3732 429 3786 N.
449 3751 475 3783 ru
494 3748 520 3785 aa
539 3732 594 3785 sibi
613 3733 790 3801 respondent.

291 3810 334 3855 bb.
350 3803 384 3855 ud
402 3802 498 3856 laudes
512 3803 650 3857 maiorum
665 3802 779 3857 victoris
793 3802 904 3871 transit,
915 3822 976 3857 cum
992 3803 1132 3875 Apollinis
1146 3804 1230 3858 laude
1245 3821 1293 3858 eas
1308 3804 1494 3875 coniungens:

218 3875 347 3943 quamvis
372 3875 445 3928 enim
470 3892 524 3928 uon
549 3875 608 3929 sine
632 3874 776 3928 laboribus
800 3892 915 3944 prosper
933 3879 1049 3929 eventus
1069 3875 1229 3929 ‹feriaminis
1249 3880 1429 3945 comparatus
1447 3876 1492 3941 sit,

217 3946 338 4000 similem
364 3950 458 4000 tamen
482 3945 594 4015 (ἔμπαν)
618 3946 720 4000 veteris
744 3946 822 3999 Batti
846 3947 987 4000 fortunam
1011 3947 1048 3999 ad
1071 3946 1130 4000 eius
1156 3947 1317 4018 progeniem
1341 3964 1392 4017 pro
1414 3948 1491 4019 ageri

218 4050 250 4056 -
275 4018 309 4071 τὰ
333 4019 380 4070 καὶ
403 4017 438 4070 τὰ
462 4016 564 4084 νέμων·
584 4018 707 4071 secunda
725 4021 755 4071 et
773 4017 891 4072 adversa
910 4018 1041 4085 afferens,
1066 4022 1098 4070 ut
1121 4019 1141 4073 l.
1161 4038 1192 4070 111
1210 4035 1233 4073 ιι
1260 4051 1292 4058 -
1317 4023 1359 4073 55.
1398 4036 1492 4075 πεται·

219 4088 361 4158 conspirat
380 4087 458 4141 Batti
478 4106 536 4141 sors
555 4094 584 4141 et
603 4089 699 4142 fausta
717 4091 747 4142 et
764 4089 883 4143 advorsa
902 4106 996 4143 secum
1010 4090 1101 4143 ferens
1116 4107 1179 4143 curn
1194 4106 1235 4157 eo,
1250 4090 1325 4158 quod
1340 4091 1374 4145 de
1389 4090 1492 4146 labori·

218 4160 269 4212 bus
296 4177 359 4212 cum
382 4159 568 4247 prosperitate
588 4160 745 4214 coniunctis
765 4159 836 4227 dixi,
861 4161 934 4215 unde
953 4160 1108 4214 scholiasta
1127 4161 1242 4214 verbum
1261 4158 1358 4215 ἕπεται
1377 4162 1409 4217 0.
1429 4181 1450 4215 11
1468 4179 1493 4217 aa

217 4232 419 4300 interpretatur
441 4230 553 4299 αρμόζει
572 4264 607 4271 -
626 4237 668 4285 ιἰῖ.
692 4231 807 4297 ξένοισι·
832 4232 925 4285 laudis
944 4232 1038 4303 gratia
1057 4236 1188 4303 augetur,
1213 4232 1236 4285 si
1261 4232 1415 4287 Pindarum
1433 4238 1494 4287 tum

219 4302 311 4372 ipsum
331 4302 524 4371 hospitalitate
544 4303 618 4373 regis
637 4321 717 4356 usum
736 4306 941 4357 statuamus-
957 4309 990 4357 οἵ
1005 4321 1040 4356 ss.
1061 4304 1226 4357 miraculum
1240 4303 1353 4358 leonum
1368 4322 1385 4359 a
1399 4304 1493 4371 Batto,

219 4373 362 4427 conditore
387 4372 564 4440 Cyrenarum,
589 4374 617 4427 in
641 4376 738 4443 fugam
763 4373 967 4443 compulsorum
992 4378 1077 4443 auget
1096 4375 1182 4428 etium
1200 4374 1282 4429 Paua.
1298 4395 1315 4428 x
1335 4392 1369 4444 15,
1388 4394 1414 4432 a:
1433 4375 1493 4431 ἐπελ

217 4443 298 4515 ᾤκισε
324 4443 428 4507 Βάττος
450 4445 501 4513 τὴν
527 4446 671 4515 Καρήνην,
695 4445 802 4515 λέγεται
826 4447 872 4498 καλ
895 4453 945 4514 τῆς
968 4454 1064 4514 φωνῆς
1082 4444 1216 4515 γενέσθαι
1235 4447 1262 4500 ολ
1280 4445 1391 4502 τοιόνδε
1410 4448 1492 4518 ἴαμα

219 4516 304 4570 ε’πιὼν
331 4525 386 4570 τῶν
412 4514 579 4585 Κυρηναίων
607 4518 658 4586 τὴν
685 4519 779 4586 χώραν
804 4516 835 4570 ἐν
859 4525 917 4579 τοῖς
942 4514 1067 4585 ἐσχάτοις
1093 4518 1179 4586 αὐτῆς
1204 4516 1316 4587 ἐρήμοις
1343 4517 1494 4589 αίφνιδίως

216 4593 317 4642 θεᾶται
343 4585 455 4655 λεόντα,
479 4589 525 4640 καί
552 4589 638 4641 αὑτὸν
662 4588 694 4641 τὸ
720 4591 803 4658 δεῖμα
827 4589 859 4641 τό
886 4588 915 4641 ἐκ
941 4595 989 4655 τῆς
1014 4587 1086 4650 θέας
1112 4590 1212 4662 βοῆσαι
1237 4588 1326 4657 σαφὲς
1351 4592 1400 4644 καί
1424 4588 1494 4661 μέγα

219 4658 377 4730 ἠνάγκασεν
422 4659 525 4713 Contra
546 4659 684 4713 Pindarus
704 4677 771 4713 voce
790 4676 805 4714 e
824 4659 891 4713 navi
910 4674 993 4728 super
1011 4676 1088 4712 mare
1107 4660 1194 4713 missa
1212 4660 1329 4713 Battum
1348 4661 1443 4717 leones
1462 4662 1493 4715 in

217 4732 315 4801 sugam
329 4730 446 4784 vertisse
460 4730 549 4798 tingit.
579 4730 618 4783 be
634 4731 737 4784 fabulis
752 4731 896 4784 homiuum
910 4748 973 4783 cum
988 4729 1116 4784 leonibus
1134 4731 1163 4784 iu
1183 4731 1272 4800 Libya
1290 4732 1492 4788 dimicantibus

220 4802 283 4856 vide
298 4802 335 4855 ad
349 4802 378 4856 P.
394 4822 420 4854 ιιι
436 4819 461 4857 ιε
477 4834 480 4839 -
503 4835 507 4840 -
525 4807 567 4855 58.
582 4804 643 4869 περὶ
661 4800 778 4871 δείματι,
794 4819 860 4872 prae
875 4806 963 4861 metu:
984 4803 1017 4855 cs.
1033 4804 1095 4870 περὶ
1111 4801 1191 4877 φόβῳ
1206 4804 1304 4857 Aescb.
1320 4803 1442 4875 Choeph.
1458 4821 1493 4873 σε,

219 4875 280 4941 περὶ
301 4872 395 4945 τάρβει
416 4874 514 4927 doech.
534 4874 608 4927 l'ers.
628 4892 667 4928 aaa
687 4906 717 4912 --
