3442 5550
757 372 903 421 PINDARI
923 372 1089 424 EPINICIA.

375 531 624 615 ἐστεφανώσατο
649 533 711 614 δίς,
734 537 847 618 κλεινᾷ
870 530 901 596 τ’
928 532 963 597 έν
985 531 1106 620 Ἰσθμῷ
1131 535 1279 620 τετράκις
1302 535 1476 620 εὐτυχέων,

375 637 487 725 Νεμέᾳ
510 637 539 703 τ’
564 640 669 704 άλλαν
692 637 742 704 ἐπ’
768 641 865 725 ἄλλα,
889 637 944 703 καί
967 653 1126 724 κρανααῖς
1150 640 1186 705 έν
1207 639 1373 718 Ἀθάναις.
1514 661 1566 709 150

1330 837 1413 903 Ἀντ.
1437 838 1475 904 ε’.

374 943 392 1007 ὅ
415 941 447 1006 τ’
473 942 509 1007 έν
523 941 637 1027 ’Ἀργει
661 945 780 1027 χαλκὸς
803 947 887 1025 ἔγνω
911 968 983 1026 νιν,
1007 944 1046 1008 τά
1070 943 1098 1008 τ’
1126 943 1163 1008 ἐν
1184 943 1339 1032 Ἀρκαδίᾳ

375 1053 454 1132 ἔργα
477 1048 531 1114 καί
557 1053 696 1134 Θήβαις,
720 1049 845 1131 ἀγῶνές
867 1049 897 1113 τ’
922 1054 1055 1134 ἔννομοι

377 1160 562 1238 Βοιωτίων,

375 1269 497 1347 Αἴγινα
521 1264 676 1328 Πελλάνά
699 1288 733 1329 τε
756 1264 894 1329 νικῶνθ’
923 1263 1040 1342 ἑξάκις·
1066 1265 1102 1329 έν
1125 1267 1335 1349 Μεγάροισίν
1358 1266 1385 1330 τ’
1414 1267 1474 1351 οὐχ

923 1371 1035 1456 ἕτερον
1060 1376 1175 1437 λιθίνα

374 1487 485 1561 ψᾶφος
503 1481 567 1561 ἔχει
588 1481 698 1560 λόγον.
735 1477 808 1543 ἀλλ’
829 1475 855 1544 ὦ
876 1484 942 1543 Ζεῦ
964 1479 1076 1565 πάτερ,
1101 1480 1258 1544 νώτοισιν
1279 1479 1475 1565 Ἀταβυρίου
1514 1498 1565 1546 160

373 1583 514 1669 μεδέων,
537 1589 615 1670 τίμα
637 1582 697 1669 μὲν
720 1586 828 1670 ὕμνου
852 1587 977 1671 τεθμὸν
998 1585 1265 1671 Ὀλυμπιονίκαν,

1359 1783 1426 1849 Ἐπ.
1451 1808 1474 1849 ε.

374 1891 481 1974 άνδρα
504 1914 538 1954 τε
561 1889 624 1967 πὺξ
648 1889 769 1975 ἀρετάν
792 1890 950 1975 εὑρόντα,
974 1891 1062 1955 δίδοι
1085 1889 1123 1954 τί
1142 1896 1196 1955 ίοι
1220 1892 1354 1955 αἰδοίαν
1376 1891 1475 1975 χάριν

374 1995 429 2061 καί
452 1995 525 2062 ποτ’
546 1996 656 2061 άστῶν
679 1995 733 2061 καί
755 1995 831 2061 ποτί
856 1997 986 2075 ξείνων·
1010 1995 1078 2061 ἐπεί
1097 1978 1214 2083 ὕβριος
1233 1997 1375 2082 έχ-θρὰν
1393 1997 1475 2063 δδὸν
1513 2015 1564 2063 165

373 2105 565 2187 εὐθυπορεῖ,
588 2104 679 2187 σάφα
702 2101 793 2180 δαεὶς
816 2105 837 2169 ά
860 2128 893 2169 τε
916 2111 969 2168 ίοι
997 2102 1149 2189 πατέρων
1172 2102 1274 2189 ὀρθαί
1298 2103 1417 2191 φρένες
1441 2103 1473 2182 ἐξ

924 2211 1063 2293 άγαθῶν

374 2321 512 2403 έχραον..
548 2320 591 2403 μὴ
615 2321 737 2405 κρύπτε
760 2320 875 2384 κοινὸν
1512 2336 1564 2383 170

373 2423 490 2508 σπέρμ’
511 2425 575 2491 ἀπὸ
593 2426 853 2502 Καλλιάνακτος·
875 2424 1048 2511 Ἐρατιδᾶν
1062 2449 1113 2491 τοι
1128 2428 1192 2490 σὺν
1206 2431 1395 2511 χαρίτεσσιν
1408 2428 1473 2508 ἔχει

357 2623 398 2672 81.
414 2620 461 2673 καί
476 2638 552 2687 στεφ.
563 2618 661 2674 Thom.
671 2619 715 2672 D²
777 2618 802 2673 τ’
815 2619 857 2674 iv:
877 2639 921 2672 τοι
935 2619 966 2672 έν
978 2619 1001 2674 G
1011 2653 1045 2659 —
1060 2626 1101 2673 82.
1118 2628 1286 2686 κρανααῖσιν
1301 2620 1331 2672 έν
1344 2619 1406 2674 0-
1417 2623 1460 2672 86.
1476 2623 1549 2673 Βοιω

285 2688 352 2744 τίων
375 2691 414 2745 A:
438 2693 563 2817 ςφιωτῶν
586 2691 660 2756 BD,
680 2693 810 2762 βοιωτίας
835 2692 857 2745 0
878 2724 911 2730 -
935 2695 976 2744 86.
1001 2690 1100 2760 Αἴγινα
1119 2690 1248 2745 Πελλάνα
1270 2710 1300 2744 τε
1319 2690 1416 2745 Trici:
1439 2688 1564 2744 usticiam

285 2761 418 2829 (πελλάνα
467 2768 476 2831 )
499 2761 525 2817 τ’
546 2761 772 2831 αίγινά,(αίγίνα
792 2763 829 2831 Β)
852 2781 881 2816 τε
906 2762 1039 2830 ΑΒΟΙ),
1065 2761 1192 2817 Πέλλανά
1211 2761 1248 2825 τ’,
1272 2760 1370 2831 Αίγίνα
1393 2781 1422 2816 τε
1441 2761 1564 2829 Boeckh,

285 2818 415 2888 Πέλλανά
434 2832 460 2888 τ’
483 2834 596 2889 Οίνίονα
612 2852 643 2887 τε
663 2833 733 2888 coni.
752 2817 846 2916 Bergk
865 2866 898 2873 -
918 2831 1062 2902 μεγάροισι
1081 2832 1109 2887 δ’
1131 2834 1158 2888 Α
1177 2866 1210 2873 -
1231 2832 1326 2901 ἕτερον
1345 2817 1448 2889 ΒΟΒε
1469 2831 1564 2900 ἑτέρου

285 2905 320 2973 Α,
340 2905 415 2974 qnod
434 2905 520 2960 etiam
537 2922 608 2959 unus
623 2922 656 2960 ex
670 2904 831 2960 scholiastis
846 2904 948 2976 legisse
962 2904 1074 2958 videtur
1094 2939 1125 2945 —
1146 2909 1187 2959 89.
1208 2903 1290 2959 δίδου
1305 2907 1332 2959 Α
1350 2937 1384 2944 -
1404 2909 1446 2958 92.
1467 2902 1563 2974 ἔχρεον

284 2978 311 3030 Α
340 3009 374 3017 -
402 2977 511 3033 κοινδνι
540 2978 650 3032 κλεινὸν
678 2977 748 3032 coni.
777 2976 946 3031 Herwerden
976 3009 1009 3015 --
1041 2982 1082 3030 93.
1112 2976 1245 3044 έρατιδᾶν
1271 2975 1369 3030 Trici:
1398 2975 1564 3043 ἐραστειδᾶν

284 3047 407 3103 ΑΒΟΙ)
425 3051 454 3102 et
472 3049 557 3104 schol.
578 3082 611 3088 -
630 3050 685 3120 tos]
704 3047 733 3103 τὲ
753 3051 780 3104 Α
800 3081 833 3088 -
853 3046 957 3112 θαλίας
976 3047 1032 3118 ἔχει
1050 3048 1077 3102 A
1096 3081 1129 3087 —

285 3191 333 3245 sed
354 3191 447 3261 μήλων
466 3190 564 3261 πομπὰ
583 3195 612 3246 et
630 3190 719 3259 κρίσις
737 3191 809 3261 ἀμφ’
831 3191 953 3259 ἀέθλοις,
974 3195 1005 3245 ut
1023 3193 1124 3258 λύτρον
1143 3199 1288 3259 συμφορᾶς
1302 3190 1392 3244 vicem
1425 3189 1563 3243 medicati

284 3263 426 3329 obtineat;
445 3280 548 3333 pompa-
567 3262 641 3317 enim
656 3263 812 3317 hostiarum
826 3266 855 3317 et
869 3261 1070 3317 certaminibus
1085 3261 1215 3316 ludorum
1229 3278 1309 3315 sacra
1323 3207 1477 3331 Tlepolemi
1491 3261 1564 3315 fiunt

284 3367 318 3374 —
338 3338 372 3387 83
388 3352 422 3388 ss.
443 3333 478 3388 de
496 3334 649 3389 minoribus
668 3333 712 3387 his
731 3333 806 3387 ludis
825 3333 1166 3388 videProl.uxxxv1uss.
1187 3366 1220 3372 —
1240 3336 1282 3387 84.
1302 3331 1370 3402 ἔργα
1389 3332 1510 3387 artificia
1529 3347 1563 3386 ex

284 3405 456 3471 semiusta,
480 3405 558 3458 velut
576 3405 716 3475 tripodes,
740 3409 771 3459 ut
793 3404 907 3459 Polemo
926 3405 954 3458 in
974 3405 1089 3459 scholiis
1108 3405 1202 3459 docet:
1228 3403 1362 3474 Πολέμων
1384 3403 1415 3459 ἐν
1438 3408 1475 3476 τῷ
1498 3404 1563 3471 περὶ

283 3485 339 3530 τῶν
360 3476 485 3548 Θήβησιν
501 3475 671 3543 Ἡρακλείων
690 3471 759 3545 φησί
778 3477 882 3546 χαλκὸν
900 3476 931 3530 τὸ
951 3472 1042 3530 ἆθλον
1062 3472 1211 3538 εἶναιτοῖς
1230 3475 1260 3530 έν
1276 3473 1404 3549 Ἀρκαδίᾳ
1418 3476 1563 3539 Λυκαίοις,

283 3546 351 3602 ὥστε
371 3546 427 3600 άπὸ
446 3555 543 3602 κοινοῦ
562 3548 597 3601 τὰ
616 3548 683 3618 ἔργα
703 3550 750 3601 καί
769 3548 819 3602 τὸν
837 3547 941 3617 χαλκὸν
959 3546 1091 3616 ληπτέον,
1114 3545 1158 3601 ὅτε
1182 3548 1270 3616 φησίν
1288 3546 1303 3600 ὁ
1322 3544 1479 3614 Πίνδαρος1
1500 3545 1515 3600 δ
1533 3544 1560 3599 τ’

284 3618 320 3673 έν
345 3616 451 3688 Ἀργει
484 3619 606 3689 χαλκὸς
639 3619 721 3689 ἔγνω
754 3641 811 3689 μιν
836 3618 876 3673 τά
907 3617 934 3672 τ’
963 3617 997 3673 έν
1027 3616 1183 3693 Ἀρκαδίᾳ
1216 3618 1296 3688 ἔργα
1329 3618 1386 3672 καλ
1420 3617 1561 3690 Θήβαις·

283 3689 394 3744 δίδοται
418 3689 471 3760 γὰρ
496 3690 526 3745 ἐν
548 3692 663 3753 ταύταις
685 3689 801 3759 τρίπους
824 3694 949 3760 χαλκοῦς.
987 3689 1085 3758 Neque
1103 3693 1198 3744 tamen
1217 3690 1318 3760 χαλκὸς
1340 3693 1369 3744 et
1389 3688 1456 3759 ἔργα
1479 3705 1562 3757 syno-

283 3779 369 3830 nyma
393 3765 470 3829 sunt,
494 3763 543 3816 sed
567 3766 676 3816 scutum
702 3778 820 3816 aeneum
843 3763 981 3832 Argorum
1010 3761 1131 3831 simplici
1159 3762 1271 3815 nomine
1299 3765 1404 3831 χαλκοῦ
1431 3759 1491 3814 desi

284 3836 337 3899 tur,
358 3832 482 3903 tripodes
502 3833 652 3888 artificiose
671 3850 704 3887 ex
723 3850 787 3888 aere
806 3833 875 3887 facti
894 3833 1006 3886 nomine
1026 3832 1115 3902 ἔργων
1134 3832 1323 3903 insigniuntur
1342 3865 1376 3872 —
1395 3836 1438 3888 86.
1463 3838 1563 3900 Apeva

284 3903 414 3957 Πελλάνα
437 3923 466 3958 τε
491 3904 514 3958 si
538 3908 613 3958 reete
633 3922 649 3957 a
668 3904 802 3959 Triclinio
825 3903 988 3958 restitutum
1012 3908 1067 3971 est,
1094 3904 1156 3974 ipso
1179 3904 1316 3973 asyndeto
1335 3907 1420 3973 poeta
1438 3918 1487 3956 sex
1505 3902 1563 3956 vic-

283 3974 371 4028 torias
394 3975 548 4045 Diagoram
570 3975 614 4029 his
638 3976 747 4030 duabus
771 3975 800 4029 in
826 3974 1004 4043 civitatibus,
1028 3992 1082 4029 non
1107 3975 1136 4029 in
1161 3992 1208 4029 sex
1232 3991 1301 4042 quos
1325 3972 1466 4029 recensuit
1487 3972 1564 4028 ludis

283 4049 463 4100 consecutum
491 4064 551 4102 esse
579 4046 721 4117 significat
746 4080 780 4088 -
806 4044 905 4102 λιθίνα
932 4055 1041 4115 ψᾶφος·
1071 4046 1207 4101 iudicium
1230 4045 1360 4116 lapideae
1384 4044 1499 4099 tabulae
1523 4045 1565 4098 in·

284 4117 431 4188 scriptum,
456 4135 510 4188 quo
535 4119 569 4172 de
594 4136 670 4173 more
689 4137 713 4175 v.
733 4119 806 4174 Prol.
821 4137 877 4172 rou
903 4150 937 4158 -
963 4122 1005 4172 87.
1029 4116 1202 4189 Ἀταβυρίου·
1232 4135 1311 4172 mons
1334 4115 1428 4170 Rhodi
1450 4116 1517 4184 fuit,
1537 4134 1564 4169 v.

284 4189 376 4244 Strab.
390 4210 407 4242 x
422 4205 462 4244 ιει
481 4194 510 4244 et
527 4210 574 4244 xiv
588 4207 641 4255 στος
660 4190 790 4245 similiter
809 4206 894 4260 supra
913 4188 944 4243 0.
959 4208 987 4242 ιι
1002 4206 1014 4243 o
1032 4189 1062 4242 in
1082 4189 1179 4244 Sicilia
1197 4189 1291 4242 lovem
1310 4189 1468 4242 Aetnaeum
1486 4187 1564 4242 inro-

284 4261 372 4327 cavit3
402 4265 466 4330 apte
493 4267 587 4315 sutem
614 4263 708 4315 lovem
734 4263 771 4316 ad
796 4266 951 4316 extremum
978 4260 1108 4331 precibus
1132 4260 1217 4327 odiit,
1243 4264 1275 4314 ut
1294 4258 1390 4329 quiet
1409 4258 1565 4329 Olympiois

283 4330 359 4385 ludis
376 4336 520 4412 praeesset
538 4336 567 4387 et
586 4351 695 4387 summa
718 4334 842 4387 omnium
861 4349 952 4387 rerum
970 4332 1162 4401 gubernacula
1188 4334 1296 4386 teneret
1320 4363 1354 4371 —
1381 4336 1423 4384 89.
1450 4329 1564 4397 ἀρετὰν,

284 4403 398 4457 virtutis
417 4403 543 4471 laudem,
562 4403 734 4459 ut0.v111o
754 4438 788 4445 -
815 4411 857 4459 90.
884 4401 948 4457 ποτ’
970 4419 1004 4457 ex
1022 4405 1086 4457 ποτλ
1105 4404 1206 4457 elisum
1225 4406 1275 4469 est,
1295 4406 1326 4456 ut
1345 4402 1377 4455 fr.
1394 4417 1433 4456 ιιι
1451 4405 1481 4455 et
1498 4400 1562 4469 περ’

283 4491 316 4529 ex
331 4476 395 4543 περὶ
410 4476 441 4530 0.
457 4494 485 4527 vr
499 4492 525 4530 ae
545 4508 578 4515 —
598 4482 640 4530 91.
661 4474 689 4541 ἐξ
704 4477 825 4546 ἀμαθῶν
844 4474 953 4529 scholia
972 4491 990 4528 a
1008 4491 1058 4528 suo
1077 4474 1190 4529 nomine
1210 4473 1359 4543 (πατέρων)
1380 4471 1520 4526 divellunt
1536 4475 1566 4526 et

283 4564 346 4601 cum
374 4546 476 4617 έχραον
501 4547 635 4616 iungunt;
661 4547 736 4615 quod
762 4565 825 4601 cum
843 4546 891 4601 vix
916 4545 977 4600 fiori
995 4545 1098 4615 possit,
1123 4545 1252 4613 πατέρων
1271 4544 1378 4614 φρένας
1397 4544 1426 4610 ἐξ
1444 4545 1565 4613 ἀγαθῶν

283 4618 435 4688 prudentia
453 4617 573 4672 consilia
591 4622 703 4687 patrum
723 4619 855 4689 reprobis
873 4616 1029 4672 maioribus
1047 4620 1170 4671 ortorum
1190 4617 1365 4687 interpretor.
1403 4616 1480 4670 lnter
1497 4614 1563 4669 Dia-

283 4707 369 4757 gorae
388 4689 509 4744 maiores
528 4694 623 4743 autem
642 4689 890 4770 etiamCallianax
909 4692 945 4760 (v.
961 4691 997 4757 aa)
1016 4688 1083 4774 fuit,
1103 4688 1268 4775 sapientiae,
1287 4686 1399 4757 opinor,
1417 4686 1502 4741 laude
1520 4685 1562 4739 in·

283 4778 371 4886 litt?
388 4760 1243 4902 istst:lilfflttssbtlttsitl”satiasti
1251 4758 1565 4885 ltlltltiutfft
