3442 5550
499 408 533 461 11.
562 409 611 459 DE
630 409 724 459 ARTE
742 409 903 461 METRICA
922 410 1079 463 PlNDARI.
1340 410 1430 464 XXIII

145 567 226 652 quid
254 568 514 635 dubitationibus
541 569 614 634 istis
643 571 838 655 respondeas
864 594 929 637 non
952 593 1086 656 prorsus
1109 572 1171 637 tibi
1196 572 1430 658 desperandum

145 682 211 761 est,
244 676 321 742 licet
349 676 435 742 enim
462 699 529 743 non
556 699 711 763 magnum
740 679 906 764 quiddam,
939 678 1061 764 aliquid
1094 685 1203 745 tamen
1233 680 1428 747 discriminis

143 783 320 849 intercedit
342 783 428 848 inter
451 784 580 850 ordines
603 785 685 849 duos
708 785 912 869 rhythmicos
936 791 1166 851 concatenatos

532 893 1048 945 ζυ.υ.υΙ.-Ξκκ.ψυ..ΞΛ

146 960 331 1027 etsolutos

462 1052 734 1104 rom-uult
841 1053 1112 1107 roboan.

238 1158 314 1223 Plus
338 1159 437 1224 habet
456 1159 657 1245 offensionis,
680 1159 707 1223 si
727 1160 791 1225 duo
810 1182 935 1244 versus,
958 1161 1043 1225 inter
1062 1181 1143 1244 quos
1162 1160 1245 1225 nihil
1263 1160 1427 1228 intervalli

145 1266 319 1332 intersedit
349 1272 382 1331 et
408 1289 528 1352 pausae
554 1268 660 1352 loeus,
693 1266 720 1331 si
748 1267 920 1332 metricum
949 1267 1094 1331 ordinem
1123 1272 1265 1353 spectas,
1297 1269 1429 1335 relictus

147 1378 200 1438 est
221 1372 344 1456 nullus,
371 1375 406 1438 in
429 1374 525 1439 unius
548 1379 658 1439 tamen
680 1374 805 1459 periodi
829 1375 1020 1440 societatem
1043 1375 1335 1460 comprehendendi
1358 1399 1428 1442 esse

146 1479 305 1544 ridentur.
331 1479 403 1545 Hoc
418 1486 526 1546 autem
541 1504 615 1547 cum
629 1480 742 1545 multis
757 1480 829 1546 aliis
843 1480 924 1546 loeis
939 1481 1062 1546 factum
1076 1487 1127 1547 est
1141 1487 1211 1546 tum
1227 1481 1262 1547 0.
1277 1501 1327 1546 vn
1341 1485 1429 1550 2-4

144 1889 226 1967 Quis
250 1889 336 1955 enim
360 1890 470 1955 credat
492 1889 527 1954 in
551 1889 621 1954 odis
644 1890 983 1975 dactylo-epitritiois,
1007 1913 1144 1976 quarum
1167 1892 1311 1979 gravitas
1331 1915 1428 1978 quam

144 1998 285 2064 maxime
309 2021 328 2063 a
349 1998 424 2063 lusu
447 1997 680 2062 versiculorum
702 1997 910 2063 Aeolieorum
934 1998 1102 2083 abhorret,
1124 2005 1256 2085 poetam
1279 2001 1335 2064 uni
1355 2001 1427 2085 pedi

138 2105 274 2191 epitrito
306 2105 373 2170 vim
404 2104 492 2189 pleni
529 2110 562 2169 et
593 2105 729 2190 perfecti
764 2127 876 2170 versus
908 2105 1086 2171 tribuisse?
1137 2107 1243 2172 Immo
1277 2112 1344 2173 tres
1378 2108 1428 2173 illi

142 2235 255 2278 versus
287 2211 430 2277 numeris
462 2211 635 2277 cohaerent
664 2218 697 2277 et
724 2217 833 2297 partes
861 2212 957 2277 unius
985 2234 1138 2298 procerae
1167 2211 1427 2302 (σχοινοτενοῦς)

141 2319 267 2405 periodi
299 2317 502 2404 ¹rhythmicae
536 2325 621 2384 sunt.
669 2319 739 2384 Hoc
768 2325 877 2384 autem
904 2320 952 2384 ita
980 2325 1109 2384 tantum
1143 2321 1213 2385 fieri
1244 2322 1366 2406 potuit,
1399 2322 1427 2387 si

141 2449 245 2512 pausa
271 2427 357 2491 inter
385 2448 514 2491 versum
538 2426 714 2491 secundum
737 2432 770 2491 et
793 2427 939 2511 tertium,
968 2427 1102 2492 tertium
1126 2431 1159 2492 et
1183 2431 1335 2512 quartum
1359 2451 1429 2514 per-

143 2533 261 2620 exigua
288 2532 365 2618 fuit,
391 2537 429 2597 ut
452 2534 600 2617 quamvis
623 2533 751 2598 hiatum
775 2538 956 2617 excusaret,
983 2539 1095 2599 tamen
1117 2556 1327 2599 numerorum
1351 2557 1428 2600 con-

143 2641 331 2707 tinuitatem
349 2662 416 2705 non
434 2640 614 2726 impediret.
645 2640 752 2717 Quid?
772 2640 857 2724 quod
876 2662 940 2705 nou
960 2640 1066 2705 solum
1081 2641 1246 2707 anaerusis
1262 2642 1427 2725 sequentis

141 2770 254 2813 versus
278 2769 374 2832 saepe
396 2747 624 2832 imperfectum
647 2746 798 2812 ultimum
822 2747 936 2831 pedem
961 2748 1182 2813 antecedentis
1205 2770 1317 2813 versus
1342 2770 1428 2814 com-

142 2856 223 2941 plet,
247 2861 283 2920 ut
307 2854 533 2920 0.v1111—2

143 3158 199 3224 sed
232 3157 331 3223 etiam
357 3180 602 3244 nonnumquam
630 3162 721 3223 totus
749 3157 873 3243 primus
900 3122 985 3242 pes,
1001 3159 1079 3244 quin
1108 3159 1207 3224 etiam
1235 3160 1299 3224 duo
1327 3159 1426 3244 primi

142 3266 239 3351 pedes
263 3266 428 3350 sequentis
452 3289 564 3331 versus
587 3267 741 3352 rhythmo
762 3266 797 3330 in
815 3266 879 3330 fine
899 3266 1120 3332 antecedentis
1139 3288 1251 3331 versus
1269 3266 1423 3332 inchoato

142 3371 278 3436 addendi
301 3393 372 3436 esse
395 3373 560 3458 videntur,
582 3378 620 3438 ut
644 3372 679 3438 0.
699 3391 762 3437 vm
780 3374 868 3439 5-6

650 3489 846 3530 Lam-w:

141 3681 174 3739 et
198 3675 349 3741 similiter
372 3673 477 3739 0.v11
501 3677 677 3761 stab-6,
700 3698 748 3761 ep.
768 3675 865 3741 5-6.
888 3693 952 3740 xm
975 3699 1023 3761 ep.
1043 3677 1138 3741 5-6.
1167 3674 1202 3739 Ρ.
1222 3695 1234 3740 1
1258 3699 1306 3762 ep.
1327 3679 1424 3744 7-8.
1484 3685 1491 3699 ’

139 3800 176 3846 V1
191 3784 287 3847 6-7.
306 3799 370 3846 vm
384 3783 481 3847 4-5.
500 3800 537 3846 rx
551 3784 647 3849 2-3.
671 3781 711 3846 N.
721 3800 784 3846 vm
803 3804 851 3868 ep.
863 3784 959 3847 2-3.
990 3781 1114 3858 Quibus
1129 3781 1276 3847 versibus
1290 3783 1423 3869 cognati

140 3894 216 3954 sunt
237 3889 275 3974 ii,
299 3890 356 3973 qui
380 3911 454 3954 cum
479 3890 670 3955 antecedens
693 3912 805 3954 versus
829 3888 1036 3956 acatalectice
1061 3888 1252 3974 excurrerit,
1275 3889 1339 3975 ipsi
1363 3912 1423 3956 suo

140 3998 245 4083 eapite
271 3997 378 4062 orbati
402 4001 494 4083 sunt,
515 4003 552 4062 ut
574 3995 610 4061 P.
629 4014 666 4060 vl
687 3998 771 4063 1-2

539 4131 682 4172 uEvL
718 4122 1024 4173 ώυωυιυ..-

571 4210 821 4263 Ata-uma)-

141 4319 225 4384 Nam
243 4319 361 4384 horum
380 4340 509 4403 quoque
527 4340 680 4384 versuum
697 4319 804 4383 forma
821 4316 896 4382 inde
916 4317 1105 4402 explicanda
1124 4323 1188 4403 est,
1207 4318 1294 4402 quod
1308 4340 1422 4384 versus

140 4428 203 4491 duo
227 4426 417 4509 arctissime,
441 4430 609 4511 tamquam
632 4425 703 4491 oola
722 4425 817 4491 unius
836 4423 961 4509 periodi
981 4425 1056 4509 sint,
1078 4424 1163 4489 inter
1182 4446 1216 4489 se
1237 4426 1421 4491 cohaerent.

227 4533 327 4598 Vides
366 4555 417 4597 me
453 4555 521 4598 non
557 4533 787 4599 circulatorum
824 4554 913 4596 more
950 4531 1158 4618 tergiversari
1197 4553 1301 4615 neque
1338 4532 1419 4597 diffi-

139 4641 291 4723 cultates,
315 4640 432 4724 quibus
456 4639 683 4706 Boeckhiauae
706 4639 850 4705 rationes
873 4644 1078 4723 premuntur,
1101 4637 1226 4704 elevare
1252 4639 1303 4704 vel
1327 4640 1421 4705 silen-

140 4749 184 4813 tio
209 4748 372 4832 obtegere.
416 4747 508 4812 Idem
534 4751 646 4812 tamen
673 4769 739 4812 non
767 4746 894 4829 dubito,
923 4745 1002 4831 quin
1029 4750 1152 4810 rectam
1175 4746 1261 4811 viam
1285 4744 1334 4808 vir
1358 4746 1420 4810 cla·

141 4854 286 4921 rissimus
308 4853 427 4920 inierit.
473 4853 571 4918 Modo
598 4855 794 4940 supplendae
818 4852 886 4917 eius
909 4852 1053 4919 rationes
1076 4858 1167 4939 sunt,
1196 4859 1233 4918 ut
1257 4853 1420 4937 quomodo
