3442 5550
671 1263 814 1317 ΟΛΤΜΙΙ.
833 1261 887 1318 ΙΔ’.

370 1425 711 1513 ΑΣΩΠΙΧΩι
752 1426 1185 1513 ΟΡΧΟΜΕΝΙΩι

643 1622 746 1674 ΠΑΙΔΙ
765 1622 919 1675 ΣΤΑΔΙΕΙ.

690 1904 867 1977 strophae.

658 3088 900 3170 Argumentum.

228 3215 398 3292 Asopiehns
422 3216 574 3277 Cleodsmi
597 3218 678 3277 filius
702 3217 917 3278 Orchomenius
940 3218 1038 3277 stadio
1062 3236 1138 3293 puer
1160 3216 1234 3276 vicit
1257 3214 1303 3275 Ol.
1321 3216 1360 3273 76
1377 3239 1419 3262 =

143 3324 168 3363 a
188 3307 252 3364 476
278 3325 303 3363 a.
325 3306 405 3382 Chr.;
433 3327 503 3366 nam
531 3308 615 3367 varie
643 3307 732 3367 lectio
757 3301 906 3391 Ἀσωπίχῳ
930 3305 1083 3384 νικήσαντι
1107 3304 1162 3383 τὴν
1186 3299 1230 3376 ὀζ’
1253 3300 1421 3380 ὀλυμπιάδα

142 3385 201 3471 (01.
225 3396 264 3452 77
286 3420 329 3443 =
354 3398 417 3454 472
442 3415 467 3455 a.
488 3389 570 3478 blm.)
599 3397 680 3456 omni
712 3396 925 3472 probabilitate
957 3398 1051 3474 caret,
1080 3395 1153 3471 quia
1180 3398 1246 3454 turn
1272 3393 1421 3452 Pindarus

140 3483 299 3559 Syracusis
313 3485 568 3563 peregrinabatur.
607 3486 759 3545 Victorem
777 3486 916 3545 reducem
930 3485 1001 3544 dum
1017 3485 1133 3545 sodales
1148 3485 1186 3544 ad
1201 3503 1284 3543 aram
1300 3482 1418 3542 Gratia-

143 3591 217 3650 rum,
240 3571 294 3630 ubi
317 3591 456 3633 coronam
481 3577 600 3651 partam
623 3575 792 3652 deponeret,
815 3577 1048 3651 prosequuntur,
1071 3575 1127 3634 hoc
1145 3568 1420 3633 carmen'dulcissi-

142 3680 224 3719 mum
243 3661 422 3721 cecinerunt.
452 3664 560 3741 ltaque
580 3666 679 3723 totum
697 3664 728 3722 in
748 3663 936 3723 illustrandis
955 3662 1068 3723 Gratiis
1091 3665 1237 3741 versatur,
1261 3680 1337 3739 quas
1360 3679 1422 3718 una

142 3768 209 3808 cum
239 3754 367 3829 cognato
398 3753 520 3812 numine
547 3753 667 3812 Amoris
695 3746 855 3835 (Ἔρωτος)
885 3752 1096 3813 Orchomenios
1128 3751 1264 3829 inprimis
1294 3749 1420 3810 coluisse

143 3842 268 3898 mustei.
314 3840 416 3918 Atque
444 3842 576 3918 primum
599 3842 630 3900 in
653 3843 778 3919 stropha
800 3862 903 3903 earum
927 3861 983 3918 ope
1007 3841 1154 3918 quidquid
1177 3843 1299 3919 gratum
1323 3843 1353 3898 et
1376 3838 1421 3897 iu-

143 3927 274 3988 cundum
297 3930 379 4006 apud
402 3931 535 3991 homines
559 3932 689 4008 deosque
718 3932 758 3990 sit
784 3931 848 3991 fieri
876 3931 1014 4008 exponit;
1048 3930 1153 3990 deinde
1176 3931 1208 3989 iu
1233 3928 1422 4004 antistropha

143 4035 193 4076 eas
216 4021 292 4096 orat,
316 4023 352 4077 ut
374 4020 496 4080 chorum
522 4040 685 4098 puerorum
708 4020 891 4097 Asopichum
914 4021 1058 4081 victorem
1081 4020 1274 4080 comitantem
1297 4016 1422 4094 propitii

143 4105 293 4182 accipiant
315 4110 347 4168 et
368 4109 450 4185 petri
472 4110 631 4170 Oleodamo
655 4113 774 4170 mortuo
798 4111 913 4169 laetum
940 4109 1082 4169 nuntium
1103 4107 1246 4169 victoriae
1274 4106 1328 4164 filii
1355 4125 1420 4182 per·

143 4195 250 4254 serant.
275 4228 317 4238 —
342 4197 467 4257 Carmen
486 4199 678 4259 inhonorem
698 4199 872 4259 Gratiarum
891 4198 1089 4275 compositum
1109 4189 1233 4273 siquod
1252 4195 1336 4255 eliud
1354 4214 1422 4270 pro-

143 4283 196 4342 bat
220 4284 351 4346 Pindaro
377 4288 512 4348 nascenti
542 4289 676 4348 arrisisse
703 4288 824 4348 Gratias
850 4289 929 4365 deas,
953 4306 1081 4364 quarum
1104 4286 1225 4345 numine
1250 4284 1421 4364 gratissimo

143 4372 257 4434 Graeca
282 4375 366 4437 natio
392 4376 431 4435 ad
455 4381 645 4438 venustatem
676 4381 706 4437 et
734 4379 846 4437 artium
873 4378 1104 4452 litterarumque
1133 4377 1248 4435 cultum
1272 4377 1345 4433 neta
1367 4375 1420 4432 est.

690 4549 734 4615 Ile
757 4550 879 4616 metris.

113 4708 115 4712 ⁴
225 4676 371 4740 Carminis
395 4681 578 4758 suavissimi,
598 4681 701 4757 Lydiis
724 4681 820 4740 modis
844 4673 885 4759 (r.
912 4671 960 4762 17)
984 4698 1002 4738 e
1025 4678 1114 4738 choro
1139 4677 1247 4737 leniter
1269 4674 1422 4733 incedente

148 4757 189 4844 (v.
204 4759 252 4847 15)
271 4771 394 4847 canuti,
414 4772 510 4829 metra
528 4773 600 4829 sunt
617 4771 801 4849 logeoedice.
837 4770 999 4846 Plerosque
1018 4786 1121 4827 versus
1140 4759 1179 4847 (ι.
1196 4777 1220 4823 2.
1236 4775 1260 4821 3.
1276 4774 1300 4821 9.
1317 4774 1357 4821 10.
1375 4752 1423 4840 11)

150 4872 215 4913 eum
237 4857 269 4915 in
291 4859 428 4935 dipodias
457 4858 630 4919 dividendos
658 4877 721 4920 esse
749 4862 855 4937 pateat
881 4863 913 4919 et
938 4857 1079 4936 dipodica
1106 4853 1221 4916 scansio
1244 4851 1369 4913 carmini
1392 4850 1424 4909 in
