3442 5550
327 393 367 457 16
795 396 943 448 eranam
961 397 1127 448 ramicis.

320 567 427 640 poetae
458 562 653 623 admiserunt.
705 562 770 633 Qua
800 563 835 621 de
866 582 957 622 causa
986 563 1016 621 in
1047 564 1187 639 strophae
1220 562 1341 639 quidem
1363 582 1451 622 versu
1475 563 1602 639 septimo

320 652 458 713 bacchios
482 653 613 728 recipere
638 673 697 712 non
720 652 872 730 dubitavi,
896 656 999 712 contra
1022 653 1053 710 in
1076 652 1209 711 versibus
1233 656 1285 711 str.
1309 665 1333 711 3.
1359 664 1383 712 o.
1407 673 1452 728 ep.
1474 666 1497 712 1.
1516 665 1541 730 4,
1566 674 1602 712 ne

320 742 532 819 antibacchios,
552 761 680 818 quorum
698 742 795 817 prima
813 742 905 818 longa
924 743 1024 801 soluta
1043 744 1128 818 esset,
1147 741 1305 800 admittere
1325 760 1454 819 cogerer,
1473 742 1603 817 primam

320 850 424 891 versus
452 832 599 908 syllabam
628 832 750 908 longam
782 831 933 889 anacrusis
956 831 1018 890 vim
1047 830 1179 890 obtinere
1209 834 1240 889 et
1271 830 1422 906 paeonicis
1450 831 1603 890 ordinibus

320 940 460 980 versuum
483 924 535 979 str.
550 932 574 978 a.
590 932 606 979 6
625 919 784 978 iambicam
808 919 978 979 anacrusim
1000 919 1194 995 praemissam
1218 939 1280 978 esse
1305 918 1479 997 significavi.
1513 921 1601 980 Prae-

321 1012 403 1069 terea
422 1010 454 1067 in
473 1010 562 1068 tertio
582 1016 766 1086 versu,'cum
790 1013 843 1067 aut
866 1010 973 1087 longae
997 1007 1080 1067 finali
1102 1009 1210 1083 prioris
1234 1008 1358 1067 membri
1381 1028 1485 1068 versus
1509 1010 1601 1069 ambi-

320 1101 370 1156 tus
398 1098 531 1174 quinque
561 1103 735 1178 temporum·
758 1098 934 1156 tribuendus
962 1100 1017 1156 aut
1044 1098 1190 1156 transitus
1213 1116 1231 1155 a
1254 1098 1371 1157 creticis
1399 1098 1437 1157 ad
1464 1098 1602 1159 bacchios

323 1187 500 1247 statuendus
523 1188 623 1264 fuerit,
646 1188 775 1263 priorem
798 1187 978 1246 sententiam
1002 1186 1142 1262 amplecti
1165 1187 1269 1264 malui,
1292 1187 1430 1262 quamvis
1453 1188 1601 1246 Aristides

309 1266 357 1335 'de
375 1295 451 1336 mus.
466 1281 527 1335 133
546 1276 749 1353 rhythmicum
772 1280 891 1353 tempus
916 1276 1048 1352 quinque
1073 1295 1224 1335 morarum
1248 1294 1310 1335 esse
1335 1278 1430 1354 neget.
1464 1277 1601 1353 Denique

321 1365 510 1425 ditrochaeus
534 1367 565 1425 in
588 1366 688 1425 locum
711 1365 813 1424 cretici
835 1365 919 1441 pedis
943 1365 1001 1423 nisi
1019 1364 1075 1423 sub
1093 1364 1181 1423 finem
1201 1366 1340 1441 strophae
1360 1360 1401 1445 (v.
1417 1364 1445 1437 8)
1464 1368 1495 1424 et
1514 1367 1601 1441 epodi

322 1445 364 1535 (v.
382 1447 411 1533 3)
427 1474 485 1513 nou
505 1455 654 1514 successit.
692 1455 818 1531 Magnas
836 1474 906 1514 vcro
925 1453 1119 1512 difficultates
1138 1457 1247 1529 parant
1266 1454 1413 1530 tripodiae
1432 1455 1601 1514 trochaicae

321 1543 513 1604 catalecticae
541 1543 706 1621 paeonibus
734 1543 765 1601 in
792 1543 880 1618 epodi
907 1543 1042 1603 versibus
1073 1544 1201 1602 secundo
1230 1546 1260 1602 et
1282 1543 1373 1603 tertio
1396 1544 1601 1619 interpositae.

322 1633 423 1708 Atque
447 1633 478 1691 in
502 1634 630 1693 secundo
653 1651 741 1692 versu
764 1632 884 1692 facilius
907 1651 959 1691 eae
978 1632 1051 1690 ferri
1073 1634 1207 1708 possunt,
1231 1632 1312 1708 quod
1332 1634 1416 1691 totus
1438 1651 1541 1692 versus
1565 1654 1601 1692 ex

325 1722 464 1797 tripodiis
484 1724 614 1799 constot3
637 1721 687 1780 sed
712 1721 741 1778 in
766 1721 855 1780 tertio
875 1741 964 1781 versu
982 1741 1050 1781 cum
1068 1740 1160 1780 unam
1179 1721 1342 1797 tripodium
1364 1721 1461 1780 tribus
1485 1723 1601 1782 creticis

322 1810 485 1870 admiscere
505 1811 674 1870 dubitarem
698 1829 794 1887 neque
813 1811 975 1870 transitum
994 1830 1012 1869 a
1030 1810 1147 1869 creticis
1166 1809 1291 1885 pedibus
1315 1810 1353 1869 ad
1376 1810 1514 1870 bacchios
1532 1831 1600 1887 pro·

321 1899 436 1977 barem,
467 1900 504 1958 ad
527 1899 693 1959 remedium
723 1900 901 1976 quintuplae
931 1900 1039 1977 longae
1069 1899 1303 1976 confugiendum
1333 1899 1414 1957 duxi.
1460 1899 1601 1959 Ceterum

322 1988 496 2048 audaciores
510 1989 650 2065 rationes,
665 2007 741 2064 quas
756 1990 787 2046 in
801 1989 949 2065 rhythmis
967 1989 1057 2047 huius
1077 1988 1216 2047 carminis
1235 1989 1414 2048 adornandis
1434 1988 1600 2067 Schmidtii,

319 2078 466 2137 Hearicus
490 2081 520 2137 et
543 2078 707 2137 Mauricius
735 2078 875 2159 (Pindars
904 2078 1088 2154 clympische
1119 2078 1350 2155 Siegesgestnge
1377 2098 1405 2154 p.
1431 2096 1485 2135 mu
1508 2098 1546 2138 ss
1570 2082 1601 2137 et

321 2166 399 2226 Stzb.
422 2168 727 2227 d.b.Ak.a.1872
751 2187 779 2242 p.
798 2178 850 2226 430
870 2160 921 2247 ss.)
945 2167 1090 2244 inierunt,
1118 2167 1252 2225 refellere
1276 2166 1313 2225 ab
1338 2167 1486 2245 angustiis
1509 2168 1600 2226 huius

321 2257 558 2317 commentarioli
582 2257 714 2315 alienum
737 2257 802 2314 fuit.
840 2257 886 2314 Ad
910 2260 1095 2333 postremum
1117 2276 1222 2315 moneo
1246 2274 1349 2315 versus
1373 2257 1513 2332 strophae
1537 2275 1600 2316 sex-

321 2348 388 2404 tum
412 2349 442 2405 et
465 2346 626 2421 septimum
650 2345 681 2403 in
704 2365 799 2404 unum
821 2365 942 2405 versum
967 2365 985 2404 a
1006 2345 1156 2405 Boechhio
1181 2345 1318 2404 secundis
1341 2345 1421 2404 curis
1444 2347 1601 2422 copulatos

321 2453 392 2511 esse,
407 2434 481 2492 mihi
495 2434 624 2510 priorem
638 2435 785 2493 rationem
801 2435 897 2513 magis
911 2434 1069 2510 placuisse,
1085 2434 1128 2492 ita
1147 2437 1256 2511 tamen,
1270 2438 1307 2492 ut
1320 2434 1445 2494 alterius
1459 2435 1599 2494 editionis

320 2542 459 2583 numeros
478 2523 594 2582 uncinis
613 2523 744 2582 inclusos
763 2523 794 2580 in
813 2523 934 2582 sinistra
953 2522 1088 2600 margine
1107 2500 1442 2612 adderems‘tlantatum
1460 2542 1523 2583 esse
1544 2524 1600 2584 hoc

320 2630 439 2670 carmen
468 2616 542 2689 puto
575 2613 653 2671 inter
682 2612 852 2671 convivium
880 2604 922 2693 (v.
947 2604 995 2690 σε)
1024 2631 1042 2670 a
1066 2612 1154 2671 choro
1183 2613 1368 2688 tripudiante
1392 2612 1499 2671 fidibus
1523 2614 1600 2673 acci-

318 2700 458 2760 nentibus
478 2708 518 2781 tv.
535 2714 558 2760 1.
576 2694 632 2782 aa).
665 2701 796 2761 Saltasse
816 2704 916 2760 autem
936 2702 1059 2760 chorum
1079 2700 1146 2759 inde
1166 2701 1283 2779 colligo,
1303 2701 1384 2777 quod
1407 2704 1438 2760 et
1460 2722 1599 2781 paeaneS,

322 2808 451 2865 quorum
473 2791 652 2867 praecipuus
675 2791 832 2866 rhythmus
855 2810 950 2867 paeon
971 2791 1017 2849 vel
1042 2790 1169 2849 creticus
1192 2791 1258 2867 t'uit,
1278 2791 1382 2849 saltari
1402 2791 1547 2869 solebant,
1569 2797 1600 2852 et

318 2878 528 2955 rhythmorum
551 2882 638 2938 tanta
660 2879 829 2955 aequalitas
853 2880 884 2938 in
907 2881 963 2938 hac
986 2879 1043 2938 oda
1063 2882 1182 2948 servata
1200 2882 1253 2956 est,
1271 2883 1307 2937 ut
1324 2879 1416 2938 etiam
1434 2900 1599 2956 pausarum

318 2967 480 3027 intervalla
511 2969 599 3028 facile
631 2968 746 3027 definiri
781 2969 897 3045 possint
938 2960 1029 3048 (conf.
1053 2968 1131 3055 Prol.
1155 2989 1183 3044 p.
1207 2961 1281 3049 nvi).
1335 2967 1465 3028 Perbene
1497 2973 1599 3030 autem

319 3057 446 3134 speciem
469 3059 593 3134 paeonis
615 3058 671 3117 hoc
700 3058 863 3134 epinicium
892 3057 1004 3135 induit,
1033 3078 1092 3133 quo
1116 3057 1243 3117 victoria
1266 3055 1425 3133 Olympios
1447 3058 1492 3116 ita
1515 3079 1599 3136 prae·

318 3146 449 3224 dicatur,
477 3152 513 3206 ut
541 3148 630 3206 simul
659 3147 727 3224 piae
757 3167 858 3223 preces
890 3167 945 3224 pro
979 3147 1075 3205 salute
1105 3147 1205 3223 regiae
1236 3146 1342 3204 domus
1371 3147 1539 3206 fundantur
1569 3151 1600 3208 et

318 3237 528 3312 mysteriorum
553 3239 656 3296 sancta
679 3237 823 3314 dogmata
845 3237 1023 3296 revelentur.

477 3459 767 3551 Ἀναξιφήρμιγγες
789 3462 905 3548 ὕμνοι,
1315 3464 1394 3547 Στρ.
1419 3458 1464 3526 α’.

479 3573 553 3634 τίνα
577 3572 674 3652 θεόν,
697 3568 761 3634 τίν’
787 3571 895 3655 ἥρωα,
918 3572 993 3634 τίνα
1016 3566 1049 3632 δ’
1075 3570 1181 3652 ἄνδρα
1205 3570 1441 3653 κελαδήσομενς

391 3870 471 3904 ruam
491 3870 596 3906 aacrro.
633 3850 716 3906 Inscr.
745 3851 857 3920 Θήρωνι
875 3849 1076 3939 Ἀκραγαντίνῳ
1098 3849 1201 3920 ἅρματι
1219 3852 1247 3904 Β
1270 3883 1303 3889 -
1329 3850 1420 3905 schol.
1440 3849 1477 3904 ad
1499 3849 1597 3908 insen:

320 3920 474 4011 γέγραπται
494 3922 508 3975 ὁ
529 3920 653 3983 ἐπίνικον
673 3923 785 3991 Θήρωνα
801 3921 1001 3993 Ἀκραγακτινω
1020 3921 1122 3992 ἅρματι
1141 3920 1287 3989 νικήσαντι
1305 3919 1473 3991 (νενικηκότι
1487 3922 1527 3990 Β)
1546 3923 1598 3992 τὴν
1650 3934 1655 3939 ”

320 3997 351 4060 og
381 3993 420 4046 dl..
445 3997 600 4061 (numerum
621 3992 797 4064 Olympiadis
816 4012 869 4048 om.
889 3996 935 4062 A),
955 3980 993 4047 od
1011 4013 1037 4049 v.
1059 4010 1108 4049 rso:
1134 3994 1235 4060 Θήρων
1254 3993 1301 4046 σς’
1323 3991 1340 4061 ἢ
1360 3994 1400 4059 οἷ’
1422 3991 1541 4064 ἐνίκησε,
1560 3995 1598 4048 ad

321 4082 346 4119 a.
367 4080 404 4120 ras
424 4062 503 4118 ἐνίκα
522 4061 574 4119 οὖν
593 4064 649 4118 (ις’.
671 4095 703 4104 -
723 4072 747 4119 2.
766 4063 831 4119 τίνα
849 4063 878 4117 δ’
899 4065 934 4134 ήρ
952 4068 979 4119 Λ
1001 4097 1033 4106 -
1052 4062 1108 4119 τίν’
1130 4064 1222 4132 ἄνδρα
1244 4065 1298 4119 01)
1320 4097 1348 4104 -

390 4225 578 4261 couuaaraau.
612 4224 637 4261 v.
654 4213 677 4262 1.
693 4207 943 4277 ἀναξιφόρμιγγες·
969 4206 1129 4278 phormingi
1148 4206 1281 4274 hymnum
1301 4205 1438 4278 imperare
1458 4206 1597 4262 Pindarus

318 4277 415 4345 voluit,
442 4278 512 4331 artis
538 4278 672 4346 antiquae
698 4278 774 4348 loges
801 4283 929 4346 secutus3
955 4281 1054 4349 postea
1072 4278 1169 4332 ordine
1188 4277 1298 4331 inverso
1317 4278 1403 4332 tibias
1422 4278 1527 4401 him
1546 4278 1596 4332 im-

317 4366 415 4419 perare
438 4349 618 4419 conqueritur
641 4349 772 4403 Pratinas
797 4367 840 4425 ap.
860 4350 961 4405 Athen.
981 4369 1026 4404 mv
1045 4366 1084 4405 σιι
1114 4381 1146 4389 -
1175 4355 1198 4402 2.
1224 4348 1352 4403 imitatus
1376 4351 1419 4402 est
1467 4349 1598 4404 indorum

318 4420 414 4474 ordine
432 4420 506 4474 male
525 4421 636 4475 inverso
655 4420 788 4475 lloratius
808 4422 913 4476 3112:
933 4440 1009 4493 ριιιιιι
1023 4424 1112 4476 ciram
1128 4428 1176 4475 out
1190 4422 1272 4474 heroa
1291 4422 1355 4491 hyra
1372 4422 1414 4474 vel
1432 4422 1493 4476 σσικ·
1507 4425 1512 4487 l
1528 4422 1598 4476 tibio

317 4494 402 4547 sumis
427 4494 559 4548 celebrare
586 4491 655 4556 030,
671 4494 675 4559 Ι
692 4511 768 4562 quem
794 4493 894 4547 decern?
929 4492 1007 4547 Adeo
1033 4496 1129 4546 autem
1154 4490 1287 4544 Horatius
1313 4491 1430 4545 Pindari
1456 4508 1535 4545 exem
1555 4492 1599 4546 lar

317 4563 467 4634 expressit,
487 4566 519 4616 ut
536 4581 607 4632 quas
626 4562 674 4617 ille
694 4563 818 4633 quinque
834 4563 982 4644 pericopas
1001 4563 1119 4631 fecerat,
1139 4580 1186 4616 eas
1206 4562 1266 4631 ipse
1284 4562 1446 4630 quindecim
1465 4565 1543 4633 strop
1564 4563 1597 4631 is,

317 4651 435 4703 quarum
455 4634 546 4688 trinae
566 4634 594 4687 in
613 4634 763 4689 triadicam
781 4635 927 4704 periodum
946 4636 1119 4705 cogerentur,
1139 4633 1276 4688 redderet.
1313 4635 1389 4688 luter
1407 4635 1529 4689 Graecos
1547 4634 1598 4688 tri·

316 4706 420 4777 plicem
438 4706 523 4760 istam
542 4705 751 4760 distinctionem
766 4705 872 4759 imitati
887 4709 953 4760 sunt
965 4705 1081 4776 Antiph.
1097 4725 1107 4758 1
1122 4721 1147 4760 ιι
1163 4704 1226 4758 οὔτε
1241 4707 1328 4767 θεοὺς
1343 4704 1411 4759 αὕθ’
1427 4704 1520 4775 viperae
1535 4704 1595 4759 οὔτ’

316 4778 488 4845 ἀνθρώπους
506 4777 705 4847 αἰσχυνθεῖσα,
732 4777 933 4845 laceratam
957 4779 1049 4840 οὐδεὶς
1073 4777 1136 4830 οὔτε
1164 4776 1270 4844 θνητὸς
1294 4775 1360 4831 οὔθ’
1386 4774 1506 4848 ἡμίθεος
1533 4775 1610 4831 οὔτ’·

318 4848 466 4910 ἀθάνατος
485 4847 669 4916 εὑρεθήσεται
687 4847 800 4903 κάλλιον
819 4850 912 4918 λαβὼν
931 4846 1039 4903 ἐκείνου
1058 4850 1109 4918 τήν
1128 4849 1273 4921 βασιλείαν
1294 4880 1325 4887 -
