3442 5550
714 1245 856 1297 ΟΛΤΜΠ.
876 1242 921 1295 IA'

218 1404 660 1493 APHEIAAMQ„
695 1406 937 1493 AOKPsn
973 1407 1425 1494 ssslzlsosplsa

682 1602 786 1653 11A1n1
807 1603 955 1654 ΠΤΚΤΗι,

732 1902 908 1975 Strophae.

271 3741 335 3801 Hoc
363 3761 481 3802 carmen
510 3742 541 3800 in
568 3743 692 3802 eandem
723 3746 814 3820 atque
842 3761 961 3802 carmen
985 3740 1019 3802 0.
1038 3760 1058 3799 x
1081 3741 1239 3801 victoriam
1262 3741 1460 3817 compositum

181 3832 234 3889 est.
281 3830 394 3901 Quodsi
424 3831 617 3907 inscriptione
646 3830 731 3903 τόκος
765 3823 936 3908 appellatur
967 3824 1018 3913 (cf.
1043 3830 1132 3890 schol.
1158 3828 1191 3890 0.
1216 3849 1236 3888 x
1262 3823 1305 3911 ι),
1338 3831 1393 3890 hoc
1425 3850 1461 3889 ex

181 3918 273 3977 dubis
299 3919 545 3998 interpretatione
578 3939 681 3980 versus
710 3918 743 3980 0.
769 3940 790 3979 x
816 3932 831 3979 9
859 3924 964 3980 natum
997 3923 1049 3979 est.
1104 3920 1183 3978 Nam
1216 3940 1275 3980 non
1308 3918 1460 3979 corollarii

183 4009 279 4067 instar
301 4012 370 4084 post
393 4008 427 4070 0.
447 4029 479 4087 x,
504 4010 555 4069 sed
578 4014 648 4069 ante
673 4008 706 4070 0.
726 4029 746 4067 x
769 4011 824 4069 hoc
848 4029 966 4069 carmen
989 4010 1103 4068 factum
1128 4027 1190 4067 esse
1215 4012 1352 4085 apparet,
1380 4009 1460 4068 unde

183 4097 352 4158 Boeckhius
387 4099 519 4159 ordinem
554 4099 719 4158 carminum
753 4099 843 4159 etiam
878 4099 982 4158 invitis
1011 4098 1163 4158 codicibus
1192 4098 1400 4157 invertendum
1431 4102 1461 4158 et

182 4187 238 4247 hoc
261 4206 379 4248 carmen
402 4189 593 4248 undecimum
617 4191 686 4248 ante
710 4189 857 4248 decimum
881 4187 1086 4247 collocandum
1114 4204 1177 4246 esse
1205 4187 1329 4246 censuit
1374 4186 1460 4245 Diffi·

183 4275 270 4335 cilius
293 4269 401 4336 estad
424 4278 657 4357 diiudicandum,
681 4271 730 4338 cui
753 4280 818 4338 loco
842 4282 872 4336 et
895 4277 1022 4351 tempori
1040 4276 1097 4336 hoc
1120 4294 1238 4335 carmen
1261 4280 1351 4352 poeta
1371 4276 1460 4336 desti·

183 4360 308 4427 na'verit.
353 4367 455 4444 Atque
483 4367 652 4428 Boeclrhius
675 4367 817 4428 continuo
840 4370 910 4442 post
932 4365 1089 4424 victoriam
1111 4368 1296 4442 reportatam
1318 4366 1374 4425 hoc
1398 4385 1460 4425 car-

182 4475 250 4514 men
268 4457 384 4527 factum
410 4475 473 4516 esse
501 4458 623 4534 statuit,
653 4460 689 4515 ut
712 4454 869 4531 Olympiae
898 4455 929 4513 in
957 4473 1067 4531 pompe
1094 4454 1149 4513 sub
1173 4473 1330 4531 vesperum
1353 4454 1461 4515 victori

183 4544 369 4604 instituenda
387 4549 551 4606 caneretur.
583 4547 626 4606 At
643 4546 713 4605 huic
732 4545 897 4604 sententiae
916 4544 1094 4603 adversatur
1111 4542 1261 4620 particule
1280 4541 1357 4602 ἔνθα
1374 4562 1402 4601 v.
1419 4553 1460 4619 16,

183 4652 244 4710 qna
266 4634 371 4694 urbem
393 4635 557 4696 Locrorum
580 4635 742 4713 significari
766 4653 851 4693 nemo
876 4653 934 4693 non
958 4633 1117 4711 intellegit
1155 4633 1221 4702 Qua
1240 4633 1275 4691 de
1295 4650 1386 4692 causa
1404 4651 1478 4709 ego·

183 4722 335 4799 Leopoldo
368 4724 515 4801 Schmidt,
548 4725 633 4784 Pind.
652 4725 722 4785 Leb.
741 4745 768 4800 p.
789 4734 822 4781 93
847 4722 1049 4798 adstipulatus
1079 4722 1135 4781 hoc
1165 4741 1283 4781 carmen
1316 4720 1461 4797 prooemii

182 4811 280 4872 vicem
293 4812 458 4873 obtinuisse
477 4818 562 4893 puto,
576 4814 655 4891 quod
675 4812 781 4872 maiori
799 4811 924 4871 carmini
943 4816 973 4870 ct
991 4811 1151 4872 festivitati
1170 4811 1201 4869 in
1220 4811 1320 4886 patria
1338 4809 1461 4871 victoris
