3442 5550
519 1213 1018 1312 ΠΥΘΙΟΝΙΚΑΙΣ.

748 1421 789 1477 r.

443 1586 704 1670 ΙΕΡΩΝΙ
756 1586 1097 1673 ΑΙΤΝΑΙΩι

627 1748 629 1752 ’
695 1782 838 1834 armani.

678 2064 857 2135 Strophae.

214 3820 279 3880 Hac
303 3821 368 3899 oda,
392 3841 453 3899 qua
475 3821 552 3880 nihil
574 3821 718 3880 excelsius
741 3821 829 3880 Musa
852 3819 947 3896 lyrica
969 3822 1147 3899 procreavit,
1171 3822 1320 3883 Pindarus
1343 3824 1403 3900 Py-

125 3909 221 3968 thiam
234 3910 391 3970 victoriam
406 3912 444 3970 ab
459 3911 588 3971 Hierone
602 3930 672 3988 rege
687 3910 875 3986 Syracusano
891 3910 1046 3988 quadrigis
1061 3911 1146 3987 Pyth.
1164 3915 1203 3972 29
1219 3917 1404 3988 reportatum

126 3998 268 4077 illustrat,
288 3999 373 4060 cuius
389 4000 533 4061 victoriae
553 4000 584 4058 in
600 4000 743 4059 honorem
757 3999 982 4059 celeberrimum
1000 4020 1119 4077 quoque
1136 4021 1292 4061 nummum
1313 4004 1403 4080 Syra-

125 4106 270 4147 cusanum
285 4108 352 4147 cum
367 4089 522 4168 quadrigis
533 4089 707 4149 victricibus
718 4107 879 4165 procusum
892 4109 954 4148 esse
969 4089 1077 4149 ferunt.
1094 4089 1207 4160 Quodsi
1218 4092 1295 4150 hanc
1308 4093 1403 4170 odam,

125 4196 193 4237 curn
216 4178 380 4257 quadrigae
403 4198 465 4238 una
488 4199 557 4238 cum
580 4178 687 4256 auriga
710 4181 741 4236 et
764 4178 881 4253 reliqua
903 4181 1023 4238 caterva
1043 4197 1061 4236 a
1080 4179 1205 4239 Graecia
1240 4181 1403 4257 Syracusas

124 4267 289 4345 rediissent,
312 4268 431 4344 aliquot
450 4268 602 4328 mensibus
622 4272 690 4344 post
708 4267 866 4327 victoriam
884 4267 981 4343 ipsam
999 4268 1095 4327 hieme
1114 4270 1162 4328 vel
1181 4289 1248 4329 vere
1267 4271 1402 4346 proximo

123 4359 276 4415 cantatam
305 4375 368 4416 esse
399 4357 604 4417 existimamus
635 4361 665 4416 et
694 4357 901 4416 Boeckhianas
930 4356 1061 4416 rationes
1092 4357 1188 4416 secuti
1220 4351 1260 4438 (v.
1285 4359 1402 4436 Proleg.

124 4437 253 4526 nxxxvr)
275 4445 453 4521 Pythiadem
479 4449 518 4506 29
543 4446 574 4504 in
605 4445 651 4506 01.
672 4449 722 4523 76,
744 4448 762 4504 3
787 4471 829 4492 =
854 4447 918 4504 474
943 4464 968 4504 a.
989 4444 1055 4506 Chr.
1079 4445 1207 4506 incidere
1231 4448 1401 4525 statuimus,

125 4534 225 4593 omnia
254 4535 350 4594 multo
380 4535 487 4595 melius
517 4536 680 4612 quadrant,
711 4553 801 4610 quam
832 4534 858 4593 si
888 4534 1011 4613 Bergkii
1040 4536 1171 4596 calculos
1201 4537 1296 4596 secuti
1326 4537 1402 4596 hanc
1442 4598 1445 4603 ,

125 4623 212 4682 odam
240 4624 278 4682 ad
302 4623 348 4684 Ol.
369 4627 459 4702 77,3
488 4649 530 4672 =
559 4627 624 4684 470
652 4643 679 4683 a.
703 4624 770 4682 chr.
794 4623 990 4683 reiecerimus.
1043 4624 1179 4684 Primum
1211 4626 1289 4684 enim
1322 4625 1402 4701 quod
1432 4609 1492 4667 ¹5··¹

124 4711 215 4772 Hiero
238 4712 270 4771 in
292 4713 339 4772 his
362 4714 442 4772 ludis
464 4715 634 4774 Aetnaeum
657 4706 705 4794 (P.
724 4731 735 4770 1
754 4705 816 4794 32),
840 4713 871 4770 in
894 4713 1022 4773 victoria
1045 4712 1091 4773 Ol.
1111 4718 1150 4774 77
1177 4714 1400 4790 Syracusanum

124 4792 172 4882 (0.
196 4795 279 4883 124)
307 4824 337 4863 se
365 4803 532 4863 renuntiari
559 4803 660 4882 iussit,
687 4803 743 4862 hoc
771 4821 890 4862 carmen
918 4803 950 4861 P.
973 4822 984 4860 r
1008 4822 1066 4863 non
1095 4804 1182 4882 longe
1216 4803 1253 4861 ab
1286 4802 1400 4882 origine
