3442 5550
458 432 480 486 1.
507 432 556 482 DE
575 431 769 484 comenses
788 432 1038 495 SUBSIDIISQUE
1057 431 1220 486 cn1T1c1s.
1462 427 1500 483 xl

216 594 408 681 refingenda
435 617 506 660 esse
533 598 693 680 putarent.
740 593 832 658 Licet
861 593 947 658 enim
975 592 1055 658 mihi
1084 616 1212 678 quoque
1240 616 1429 679 persuasum
1457 593 1501 658 sit

216 701 350 768 Atticos
378 701 529 767 librarios
553 701 657 766 multa
680 701 721 766 ad
744 723 836 766 suam
861 701 1126 767 consuetudinem
1149 701 1303 785 loquendi
1326 700 1499 766 detorsisse

216 813 252 872 et
270 807 448 872 Pindarum
470 806 578 892 ipsum
597 805 734 872 Doricas
757 806 893 891 formas,
915 807 1005 872 velut
1029 831 1092 873 aco.
1119 809 1161 892 pl.
1185 809 1220 873 in
1237 813 1316 875 -ΟΣ
1335 813 1368 873 11
1390 807 1446 872 inf.
1465 807 1500 872 in

217 919 310 997 -EN,
334 914 521 1002 vulgaribus
545 919 579 979 et
603 913 722 981 Atticis
747 915 984 1001 anteposuisse,
1007 919 1117 981 tamen
1140 917 1317 982 cavendum
1341 914 1500 996 duximus,

216 1045 259 1087 ne
278 1023 313 1086 in
331 1026 422 1087 textu
443 1028 557 1107 poetae
577 1023 805 1088 constituendo
825 1022 1072 1088 fundamentum
1090 1023 1226 1108 pedibus
1246 1023 1499 1088 subtraheretur.

308 1129 361 1194 De
383 1130 584 1214 scriptura
604 1134 742 1195 vetere.
781 1127 967 1215 Scripturas
987 1130 1111 1216 generi,
1134 1153 1198 1215 quo
1218 1136 1316 1215 poeta
1333 1131 1402 1215 ipse
1422 1152 1500 1195 usus

219 1260 292 1303 esse
307 1237 482 1322 videretur,
501 1238 536 1301 in
550 1237 773 1323 recognitione
788 1242 897 1302 textus
912 1237 1075 1303 Pindarici
1090 1260 1187 1322 quam
1202 1239 1341 1304 maxime
1356 1238 1500 1303 animum

218 1344 450 1410 attendendum
473 1367 543 1410 esse
561 1345 594 1409 iu
615 1345 902 1430 commentatione,
925 1344 986 1409 Die
1006 1346 1122 1410 tilteste
1140 1345 1501 1432 Tertestiberlieferung

218 1454 275 1517 des
299 1451 431 1535 Pindar,
454 1451 571 1518 Philol.
591 1471 663 1517 xxv
683 1455 852 1538 sor-36,
880 1453 1013 1538 exposui
1036 1475 1140 1537 neque
1164 1476 1203 1518 ex
1227 1454 1281 1538 iis,
1311 1476 1393 1538 qnae
1421 1458 1499 1519 tunc

218 1559 397 1645 disputavi,
423 1559 601 1645 quidquam
628 1582 714 1625 nunc
737 1565 829 1625 muto
853 1560 987 1646 Bergkii
1010 1559 1212 1646 aliorumque
1237 1561 1500 1626 cavillationibus

218 1673 337 1733 motus.
374 1664 522 1751 Namque
547 1668 632 1751 quod
655 1690 808 1753 persaepe
831 1668 867 1732 in
890 1667 1055 1732 codicibus
1078 1667 1207 1733 Pindari
1230 1668 1350 1733 litteris
1375 1692 1392 1732 o
1417 1694 1442 1732 ω
1467 1672 1500 1732 11

220 1799 235 1840 ε
259 1800 279 1858 η
303 1760 334 1840 ee
353 1775 440 1839 inter
463 1796 497 1839 se
520 1775 714 1857 permutatis
737 1775 802 1840 iam
827 1780 902 1841 ante
921 1774 1171 1840 scholiastarum
1190 1780 1336 1840 veterum
1356 1779 1497 1840 aetatem

217 1888 388 1966 peccatum
412 1886 475 1964 est,
497 1881 560 1946 hoo
582 1882 656 1946 inde
680 1882 905 1965 explicandum
929 1903 999 1946 esse
1023 1887 1127 1965 patet,
1152 1884 1237 1967 quod
1260 1886 1354 1966 poeta
1374 1882 1498 1966 ipsein

218 1988 416 2054 carminibus
449 1987 516 2052 suis
549 1988 726 2053 scribendis
756 1993 864 2052 vetere
893 1988 1054 2074 scriptura
1082 2012 1160 2054 usus
1189 1994 1251 2073 est,
1284 1989 1375 2054 cuius
1404 1988 1499 2074 signa

218 2118 293 2160 oum
316 2094 420 2160 Attici
443 2095 591 2179 librarii,
609 2095 727 2161 inseite
751 2096 926 2178 solverent,
955 2096 1114 2161 desinon
1137 2096 1246 2180 potuit
1270 2096 1349 2181 quin
1374 2100 1407 2161 et
1430 2118 1499 2161 sen-

218 2202 340 2267 tcntiae
369 2207 402 2266 et
429 2202 527 2267 verba
554 2208 669 2287 poetae
697 2224 942 2286 nonnumquam
972 2207 1262 2287 corrumperentur.
1308 2201 1370 2267 His
1398 2202 1500 2288 igitur

218 2310 252 2374 in
276 2309 373 2374 rebus
397 2309 452 2393 qui
476 2309 575 2374 ullam
596 2310 761 2376 codicibus
782 2309 1010 2374 auctoritatem
1030 2309 1162 2393 tribuit,
1184 2309 1213 2374 is
1233 2311 1383 2374 fortunae
1403 2313 1500 2374 teme

218 2417 309 2482 ritati
333 2417 575 2502 scribarumque
598 2417 746 2483 inscitiae
770 2416 842 2501 plus
867 2439 964 2500 qnam
988 2416 1125 2481 rationis
1148 2416 1263 2481 lumini
1286 2438 1320 2481 se
1340 2416 1500 2482 confidere

216 2524 348 2590 fatetur.
386 2524 436 2588 Ex
455 2525 566 2590 eodem
584 2547 661 2590 vero
680 2546 741 2589 usu
760 2524 879 2588 veteris
899 2523 1078 2609 scripturae
1097 2524 1307 2608 repetendum
1327 2530 1390 2607 est,
1414 2523 1500 2608 quod

217 2631 253 2695 in
275 2630 408 2695 Pindari
431 2631 523 2696 libris
547 2636 678 2696 exarata
700 2631 911 2695 inveniuntur
935 2629 983 2694 ἐσ1
1007 2652 1066 2715 pro
1091 2628 1319 2713 1611111112,
1344 2628 1423 2714 ἁμὲς
1440 2653 1499 2716 pro

219 2739 323 2822 ἄμμες
349 2736 385 2801 Ρ.
404 2755 441 2801 1v
462 2739 538 2820 144,
570 2738 697 2821 θάλησε
729 2759 788 2823 pro
821 2738 968 2820 θάλλησε
1000 2735 1040 2801 Ν.
1059 2755 1096 2800 lv
1115 2738 1166 2803 88.
1199 2740 1298 2821 1142,
1333 2734 1408 2821 ἐμὶν
1439 2759 1499 2823 pro

220 2841 321 2929 ἕμμὲν
342 2844 394 2909 vel
413 2840 502 2928 εἰμὲν
521 2843 556 2909 Ρ.
577 2863 617 2909 111
635 2846 686 2911 60.
712 2843 753 2909 N.
772 2863 795 2907 v
813 2846 865 2909 49.
888 2861 911 2907 x
926 2845 983 2926 51,
1011 2844 1110 2926 ἤνεπε
1135 2866 1194 2929 pro
1214 2847 1329 2910 ἔννεπε
1347 2844 1381 2911 P.
1396 2864 1432 2909 ιν
1447 2847 1499 2910 97.

220 2951 263 3017 Ν.
282 2969 305 3015 x
325 2952 382 3036 79,
410 2951 515 3016 multa
537 2951 614 3036 alia,
642 2975 723 3036 quae
746 2950 866 3016 referre
890 2951 1006 3016 taedet.
1052 2950 1185 3015 Etenim
1208 2949 1368 3017 Pindarus
1392 2957 1500 3018 vetere

221 3058 383 3124 scribendi
415 3059 540 3124 ratione
572 3081 651 3123 usus
681 3063 714 3123 et
745 3064 774 3125 0
805 3080 865 3143 pro
900 3063 928 3124 0
959 3061 992 3121 et
1015 3060 1065 3140 a,
1096 3063 1128 3122 Ε
1157 3080 1216 3143 pro
1245 3063 1277 3124 Ε
1298 3063 1337 3124 H
1360 3063 1393 3123 et
1421 3081 1501 3124 non·

217 3188 395 3250 numquam
419 3165 517 3230 etiam
542 3188 600 3250 pro
619 3171 672 3231 EI
692 3166 845 3230 exarabat
869 3169 902 3229 et
923 3163 1052 3228 litteras
1076 3171 1292 3231 consonantes
1311 3166 1498 3250 duplicandi

220 3296 297 3338 eura
320 3273 513 3358 supersedit,
541 3274 625 3338 unde
649 3278 787 3338 ΑΜΕΣ
806 3277 839 3337 11
863 3271 1019 3336 Doricum
1043 3264 1122 3356 ἁμές
1149 3277 1182 3336 11
1204 3272 1373 3338 Aeolicum
1397 3274 1500 3358 ἄμμες

219 3380 429 3466 exprimebat.
476 3378 538 3445 Sed
572 3382 724 3466 pleraque
757 3380 873 3445 menda
905 3402 944 3444 ex
975 3379 1037 3444 hoo
1071 3401 1187 3466 genere
1215 3379 1395 3464 scripturae
1422 3385 1500 3446 nata

220 3492 288 3552 tarn
319 3488 415 3554 facile
447 3488 499 3553 vel
531 3489 627 3553 metri
659 3487 787 3552 indiciis
820 3487 892 3552 tolli
925 3491 1078 3571 possunt,
1115 3490 1152 3551 ut
1185 3486 1245 3551 has
1278 3487 1432 3552 minutias
1465 3487 1499 3551 in

219 3600 377 3680 apparatu
405 3595 519 3660 critico
548 3600 697 3660 enotatas
727 3616 839 3660 omnes
867 3599 899 3659 te
928 3599 1177 3679 aspernaturum
1206 3593 1306 3659 luisse
1331 3594 1498 3660 confidam.

220 3702 260 3765 In
282 3701 395 3786 paucis
418 3707 469 3766 est
492 3702 577 3785 quod
601 3702 764 3789 ambigas,
793 3707 904 3767 utrum
927 3699 1069 3767 Pindaro
1092 3701 1252 3786 placuisse
1275 3706 1371 3786 putes
1395 3699 1501 3779 ξεῖνος

220 3830 263 3872 an
284 3806 415 3891 ξέννος,
439 3812 618 3894 naevo-coss
641 3832 682 3874 an
707 3812 921 3896 Παρνασσός,
944 3812 1097 3894 Kapauta
1121 3829 1163 3871 an
1186 3811 1374 3892 Καφισσός,
1402 3812 1500 3873 uvion

220 3938 262 3978 an
293 3919 427 4000 κνίσσα,
458 3918 592 4000 νίσομαι
625 3940 667 3980 an
699 3921 863 4002 νίσσομαι.
916 3915 1008 3980 Alios
1041 3919 1150 3980 autem
1184 3917 1341 3999 quosdam
1375 3938 1498 3980 errores

220 4021 451 4087 reconditiores
489 4044 527 4086 ex
565 4023 727 4108 scriptura
762 4029 870 4088 vetere
904 4021 1076 4087 Pindarica
1107 4044 1173 4085 non
1204 4021 1372 4087 intellecta
1402 4028 1499 4087 natos

221 4129 381 4215 sagaciter
402 4152 507 4215 nuper
528 4129 697 4216 indagavit
719 4129 873 4214 Iurenlra,
896 4127 986 4193 Stud.
1010 4128 1106 4194 Vind.
1125 4146 1162 4191 ix
1184 4129 1233 4193 10.

308 4235 358 4300 Ad
386 4240 589 4321 postremum
617 4241 658 4302 ut·
682 4259 764 4321 quae
793 4237 831 4300 de
859 4235 998 4300 dialecto
1025 4235 1152 4300 Pindari
1177 4236 1310 4320 eiusque
1335 4236 1497 4320 scriptura

220 4348 386 4427 comperta
417 4342 589 4427 habemus,
626 4344 836 4429 complectar,
868 4343 903 4406 iu
934 4347 1044 4407 vetere
1076 4342 1252 4427 exemplari
1280 4341 1436 4408 Boeotico
1467 4347 1498 4408 11

219 4450 322 4535 ipsius
350 4455 466 4535 poetae
494 4474 592 4539 mauu
616 4456 748 4517 exarato
770 4450 887 4515 infinit.
911 4472 1013 4535 praes.
1038 4453 1099 4515 act.
1123 4471 1226 4533 neque
1249 4450 1283 4513 in
1307 4473 1373 4514 -ειν
1395 4472 1499 4534 neque

218 4557 253 4621 in
278 4580 340 4639 -ev,
367 4556 480 4621 sedin
504 4563 578 4641 ΕΝ,
608 4582 669 4646 gen
698 4560 779 4645 sing.
805 4580 865 4622 seo.
890 4556 968 4622 decl.
992 4578 1095 4639 neque
1119 4556 1154 4620 in
1177 4579 1233 4620 —ov
1261 4578 1364 4639 nequo
1388 4557 1424 4620 in
1447 4581 1500 4640 -ω,

220 4663 333 4729 sedin
355 4669 412 4747 -0‚
440 4686 503 4729 acc.
527 4664 609 4750 plur.
633 4689 693 4731 seo.
718 4665 796 4730 decl.
820 4685 923 4747 neque
946 4663 979 4726 in
1005 4685 1079 4738 -ους
1102 4684 1205 4745 neque
1228 4661 1263 4725 in
1287 4686 1360 4744 -ως,
1387 4664 1498 4728 sedin

222 4775 286 4835 ΟΣ
306 4771 434 4856 exiisse,
457 4794 561 4856 neque
586 4770 698 4851 ξέννος
721 4778 755 4837 11
776 4768 875 4855 ἐμμέν
894 4773 951 4833 aut
970 4766 1075 4845 ξεῖνος
1094 4774 1127 4833 11
1146 4767 1244 4852 εἰμέν,
1269 4768 1503 4840 1111ΞΕΝοΣ

154 4898 157 4902 ·
223 4882 254 4942 11
276 4882 415 4943 ΕΜΕΝ
434 4879 597 4945 exstitisse
621 4882 735 4945 sentio.
