3442 5550
314 364 356 427 80
783 365 931 416 PlNDARl
949 365 1114 416 EPINICIA.

313 542 338 592 6.
358 543 373 588 8
397 533 519 610 longam
544 531 713 590 anacrusim
735 530 949 608 praemiserim,
973 531 1046 590 satis
1071 530 1144 589 mihi
1167 532 1293 591 constat.
1331 531 1375 592 De
1402 533 1519 608 syllaba
1543 552 1596 592 an·

315 621 400 696 cipiti
424 621 534 679 initiali
558 622 697 697 strophae
720 638 863 679 versuum
886 621 987 695 quarti
1011 623 1042 678 et
1064 620 1139 679 sexti
1162 621 1229 679 vide
1253 624 1313 681 not.
1334 622 1398 680 crit.
1423 622 1461 680 ad
1484 642 1530 681 vv.
1552 636 1596 683 νῦ.

314 720 358 770 48.
379 720 421 767 90.
467 709 638 770 Admodum
662 728 731 768 vero
755 709 848 767 dubia
870 709 1022 785 percussio
1046 709 1134 785 epodi
1157 728 1299 769 versuum
1326 710 1416 785 primi
1439 714 1470 770 et
1493 713 1596 788 quarti

313 802 344 858 et
367 799 467 857 ultimi
492 803 552 875 est,
576 818 653 876 quae
678 797 871 857 difficultates
894 798 993 857 nescio
1017 817 1055 855 an
1079 798 1174 856 minui
1197 799 1313 874 possint
1339 799 1474 859 versibus
1497 801 1596 876 primo

313 891 344 946 et
370 888 479 948 ultimo
507 888 538 945 in
568 888 653 947 binos
684 904 787 946 versus
820 886 962 947 diremtis.
1009 887 1043 945 In
1076 887 1165 962 primi
1197 906 1301 946 versus
1334 889 1429 947 alt-ero
1462 890 1596 949 membro

313 977 471 1037 dividendo
502 976 620 1054 dubito,
650 979 755 1035 utrum
785 976 822 1033 ad
853 975 1024 1053 analogiam
1056 994 1197 1035 versuum
1224 977 1376 1053 Aristoph.
1401 978 1469 1054 Lys.
1490 990 1540 1038 781
1558 998 1596 1038 ss.

314 1066 391 1125 dnae
422 1066 535 1142 primae
565 1067 673 1144 longae
704 1065 837 1140 spatium
866 1065 961 1125 totius
991 1064 1130 1141 dipodiae
1158 1066 1309 1143 expleant,
1335 1085 1373 1124 an
1398 1067 1435 1125 ad
1459 1087 1597 1127 normam

314 1154 492 1214 ereticorum
523 1155 853 1231 brachycatalectorum
884 1154 986 1212 Plauti
1019 1147 1060 1234 (v.
1085 1154 1185 1213 Christ
1216 1148 1317 1214 Metr.²
1339 1176 1367 1231 p.
1392 1151 1458 1237 408)
1491 1176 1598 1216 versus

317 1247 404 1303 exeat
427 1245 457 1302 in
480 1264 624 1320 paeonem
648 1246 679 1303 et
701 1243 830 1319 primam
852 1244 973 1321 longam
997 1243 1122 1302 alterins
1145 1244 1268 1319 paeonis
1291 1244 1405 1303 mutili:

659 1383 722 1431 uL
783 1381 1034 1430 womero-2
1108 1422 1124 1430 -
1187 1384 1304 1432 νὐυ-

542 1478 582 1517 all

802 1564 897 1589 υυ·
974 1560 1136 1590 --’-υνι)
1198 1569 1215 1590 ι

403 1671 469 1730 Iam
492 1671 517 1730 si
541 1691 600 1747 quo
624 1671 712 1730 modo
736 1674 766 1729 et
789 1670 854 1730 loco
873 1669 929 1729 hoc
948 1689 1066 1729 carmen
1085 1673 1241 1728 cantatum
1260 1671 1300 1730 sit
1319 1691 1454 1751 quaeras,
1473 1692 1595 1733 carmen

315 1759 506 1836 Olympicum
529 1760 719 1819 undecimum
743 1760 890 1819 antehoc
914 1778 1032 1817 carmen
1056 1759 1255 1835 compositum
1277 1778 1339 1819 esse
1368 1763 1498 1839 constat,
1529 1763 1594 1822 sive

314 1850 390 1908 illud
412 1852 448 1907 ut
467 1847 625 1925 Olympiae
649 1852 822 1908 cantaretur
840 1848 902 1907 sive
926 1852 960 1906 ut
982 1848 1038 1908 hoc
1057 1867 1174 1907 carmen
1194 1850 1388 1909 annuntiaret
1405 1850 1519 1909 factum
1539 1854 1594 1910 est.

314 1938 379 1998 Ηοο
400 1938 496 2017 igitur
517 1958 636 1998 carmen
659 1939 690 1995 in
713 1938 802 1995 iustis
830 1937 964 2013 epiniciis
988 1957 1006 1995 a
1028 1937 1140 1996 victore
1163 1939 1270 1998 reduce
1294 1939 1441 1999 institutis
1465 1940 1495 1998 in
1517 1940 1594 1998 urbe

312 2028 475 2086 Locrorum
498 2027 778 2103 Epizeplryriorum,
807 2026 933 2085 fortasse
957 2026 987 2084 in
1011 2026 1095 2085 curia
1118 2027 1201 2085 urbis
1224 2020 1265 2108 (v.
1288 2040 1328 2088 11.
1348 2021 1406 2109 97),
1429 2028 1539 2086 fidibus
1562 2033 1595 2088 et

312 2116 395 2174 tibiis
419 2116 500 2176 chori
523 2117 589 2176 voci
613 2115 834 2176 succinentibus
858 2108 900 2195 (v.
915 2126 957 2176 93.
973 2108 1021 2196 84)
1046 2120 1201 2174 cantatum
1224 2118 1282 2192 est,
1306 2136 1402 2194 neque
1421 2117 1595 2177 saltationis

312 2208 413 2264 motus
440 2205 568 2264 defuisse
597 2226 631 2264 ex
662 2205 760 2264 indole
788 2204 1000 2280 paeonicorum
1027 2224 1220 2264 numerorum
1249 2206 1424 2265 concludere
1452 2206 1594 2283 equidem

313 2294 418 2353 ausim.
465 2293 563 2352 Simili
591 2314 660 2353 vero
689 2294 776 2354 modo
800 2293 974 2371 Agesidami
1001 2293 1130 2370 epinicia
1158 2294 1304 2354 adornate
1331 2295 1423 2354 fuisse
1450 2295 1595 2354 videntur

313 2386 404 2457 atquo
428 2382 574 2460 Herculia,
599 2403 675 2460 quae
699 2386 789 2459 poeta
811 2383 946 2441 versibus
967 2395 1070 2442 73-77
1089 2383 1231 2458 depinxit

476 2574 541 2637 Τον
562 2570 816 2657 Ὀλυμπιονίκαν
840 2572 1012 2654 ἀνάγνωτέ
1031 2596 1087 2657 μοι
1281 2578 1361 2659 Στρ.
1386 2574 1429 2638 α’.

469 2679 704 2766 Ἀρχεστράτου
727 2680 845 2763 παῖδα,
868 2683 951 2744 πόθι
975 2682 1098 2765 φρενὸς

471 2787 550 2872 ἐμᾶς
574 2785 763 2872 γέγραπται.
808 2789 914 2869 γλυκὺ
938 2787 1001 2871 γὰρ
1025 2787 1115 2875 αὐτῷ

523 2892 621 2978 μέλος
643 2894 789 2978 ὀφείλων
812 2891 993 2958 ἐπιλέλαθ’.

524 2997 550 3066 ὧ
574 3000 691 3085 Μοι”σ’,
715 3001 797 3066 άλλά
821 3005 863 3065 σὺ
886 3000 941 3066 καὶ
965 3001 1118 3084 θυγάτηρ

468 3108 623 3174 Ἀλάθεια
646 3112 744 3192 Διός,
767 3108 856 3195 ὀρθᾷ
879 3107 950 3193 χερὶ

408 3233 424 3277 ο
470 3215 625 3301 ἐρύκετον
648 3214 800 3293 ψευδέων

470 3321 586 3387 ἐνιπὰν
609 3321 814 3399 άλιτοξένων.

469 3516 590 3582 ἕκαθεν
613 3518 676 3603 γάρ
700 3518 851 3583 ἐπελθὼν
875 3517 893 3582 ὁ
916 3516 1046 3602 μέλλων
1070 3520 1189 3603 χρόνος
1274 3516 1359 3582 'Ave
1384 3517 1430 3581 α’.

381 3766 460 3799 varus
479 3766 583 3802 sacrm.
614 3748 697 3801 lusor.
724 3745 895 3819 Ἀγησιδάμιμ
908 3743 1206 3819 ΑοκρῷἘπτιζεφυρίῳ
1220 3746 1324 3813 ABD,
1339 3746 1592 3819 praetereundam

311 3818 392 3871 addit
410 3820 450 3886 A,
474 3819 665 3944 παιδζὶπόκτη
685 3819 748 3872 add.
769 3820 806 3886 Β,
827 3816 877 3888 Ἂν.
897 3826 964 3872 Δοκ.
981 3816 1043 3872 Ἐπ.
1061 3816 1102 3885 Ἀρ
1122 3816 1242 3886 εστράτω
1262 3816 1352 3887 κέλητι
1374 3816 1521 3885 νικήσαντι
1538 3816 1593 3886 τὴν

308 3889 359 3961 κδ’
376 3888 535 3959 ὀλυμπιάδα
572 3890 629 3943 Ἱιιι.
645 3907 699 3944 sec.
720 3922 752 3929 —
772 3889 877 3944 Sahal:
898 3888 1006 3958 ἐνίκησε
1026 3887 1057 3943 δέ
1078 3909 1158 3951 ουτος
1177 3888 1192 3941 δ
1209 3887 1387 3959 Ἁγησίδαμος
1404 3890 1457 3957 τὴν
1472 3886 1592 3960 ἑβδομη-

310 3960 411 4029 κοστὴν
438 3961 573 4030 τετάρτην
605 3960 699 4031 (ἕκτην
728 3964 773 4015 καὶ
804 3959 925 4033 ἑβδόμην
952 3963 990 4023 Α)
1020 3959 1202 4030 Ὀλυμπιάδα.
1232 3993 1264 3999 -
1294 3966 1318 4014 2.
1346 3961 1469 4029 άρχιοτρ.
1498 3961 1527 4014 Δ
1557 3992 1591 3999 -

311 4038 336 4086 6.
355 4030 522 4097 άλιτοξένων
541 4032 612 4086 coni.
632 4032 807 4103 llingarelli:
825 4032 987 4097 ἀλιτόξενον
1005 4031 1085 4085 codd.
1106 4064 1125 4069 —

381 4193 570 4229 connsnnmu.
601 4195 626 4229 v.
644 4182 720 4230 1-3.
741 4192 770 4229 se
785 4174 905 4228 oblitum
923 4175 1009 4243 poeta
1027 4173 1109 4243 fingit
1127 4172 1250 4227 muneris
1265 4172 1436 4242 Agesidamo
1450 4173 1590 4241 promissi,

312 4247 385 4299 unde
412 4246 483 4300 forte
510 4247 655 4301 adstantes
679 4250 711 4300 ut
733 4264 762 4301 se
786 4244 1040 4300 commonefaciant
1063 4248 1127 4299 orat
1152 4276 1185 4283 —
1212 4251 1237 4298 2.
1263 4244 1427 4298 memoriam
1446 4248 1592 4314 comparat

308 4317 425 4371 tabulae
450 4317 552 4372 litteris
572 4316 737 4387 inscriptae;
762 4316 870 4371 scholia
888 4316 1036 4371 conferunt
1055 4333 1165 4369 versum
1184 4333 1217 4367 ex
1238 4315 1383 4385 Sophoclis
1403 4313 1589 4384 Triptolemo:

307 4387 360 4451 alc
379 4387 407 4442 δ’
429 4389 459 4443 ἐν
478 4389 582 4458 φρενὸς
602 4387 721 4443 δέλτοιοι
739 4391 804 4451 τοὺς
823 4388 905 4459 ἐμοὺς
924 4386 1029 4458 λόγους.
1057 4388 1117 4440 Iam
1136 4391 1202 4441 ante
1217 4386 1383 4456 Sophoclem
1398 4384 1486 4440 simili
1499 4390 1590 4441 meta-

308 4460 397 4529 phora
412 4477 478 4514 nsns
493 4463 555 4514 erat
569 4459 724 4530 Aeschylus
738 4461 829 4514 Prom.
845 4477 892 4514 rsa.
912 4458 1007 4528 Suppl.
1023 4475 1070 4513 rso.
1091 4458 1212 4527 Choeph.
1227 4475 1274 4512 4ου.
1295 4458 1374 4511 llum.
1389 4474 1428 4512 sss
1448 4488 1481 4497 -
1501 4457 1589 4532 ὀρθᾷ·

309 4530 406 4607 δικαίᾳ
426 4531 526 4598 schol.;
554 4532 602 4585 aed
621 4532 733 4619 proprie
752 4549 863 4600 quoque
881 4529 1009 4601 intellegi
1034 4532 1128 4598 potest
1150 4547 1250 4583 manus
1270 4529 1306 4583 ad
1326 4529 1478 4582 arcendum
1496 4536 1590 4583 erecta

309 4635 345 4643 -
364 4610 388 4658 6.
407 4602 538 4671 ψευδέων
558 4603 659 4656 ἐνιπαν
673 4601 849 4669 ἀλιτοξένων,
868 4602 973 4656 crimen
991 4600 1140 4668 mendacii,
1160 4617 1216 4669 quo
1234 4601 1317 4654 fidem
1338 4598 1444 4670 hospiti
1463 4600 1589 4655 debitam

311 4674 438 4743 laeserit3
458 4673 589 4729 similiter
603 4675 655 4728 lroc
670 4692 771 4728 nomen
787 4674 936 4728 formatum
956 4675 1000 4727 est
1016 4676 1101 4740 atque
1116 4670 1295 4725 Homericum
1309 4668 1478 4740 άλιτόμηνοτ
1497 4670 1529 4725 ll.
1544 4690 1590 4724 xix

311 4763 357 4800 ris.
393 4745 596 4816 Agesidamum
620 4750 714 4799 autem
735 4745 816 4811 ξένον
835 4749 919 4816 poeta
938 4743 1023 4812 dicit,
1044 4744 1111 4812 quia
1130 4743 1277 4813 Olympiae
1297 4742 1589 4813 (v.1ur)eiushospi·

309 4818 423 4871 talitate
438 4835 505 4869 usus
520 4822 594 4884 erat3
614 4817 649 4872 cf.
665 4818 696 4871 ll.
712 4838 730 4869 11
746 4836 758 4869 ι
774 4851 805 4857 -
823 4825 846 4871 7.
867 4815 971 4887 μέλλων
985 4814 1095 4885 χρόνον
1115 4820 1226 4883 tompus
1241 4813 1373 4868 remorari
1389 4813 1500 4883 dicitur,
1516 4815 1590 4883 quod
