<?xml version="1.0" encoding="UTF-8"?>
<!DOCTYPE html PUBLIC "-//W3C//DTD XHTML 1.0 Transitional//EN"
    "http://www.w3.org/TR/xhtml1/DTD/xhtml1-transitional.dtd">
<html xmlns="http://www.w3.org/1999/xhtml" xml:lang="en" lang="en">
 <head>
  <title>
</title>
<meta http-equiv="Content-Type" content="text/html;charset=utf-8" />
  <meta name='ocr-system' content='tesseract 3.04.00' />
  <meta name='ocr-capabilities' content='ocr_page ocr_carea ocr_par ocr_line ocrx_word'/>
</head>
<body>
  <div class='ocr_page' id='page_1' title='image "./pindaricarminap00chrigoog_0327.png"; bbox 0 0 3442 5550; ppageno 0'>
   <div class='ocr_carea' id='block_1_1' title="bbox 698 396 1029 449">
    <p class='ocr_par' dir='ltr' id='par_1_1' title="bbox 698 396 1029 449">
     <span class='ocr_line' id='line_1_1' title="bbox 698 396 1029 449; baseline 0.009 -3"><span class='ocrx_word' id='word_1_1' title='bbox 698 397 845 446; x_wconf 73' lang='lat' dir='ltr'><strong>Plh&#39;DAltl</strong></span> <span class='ocrx_word' id='word_1_2' title='bbox 864 396 1029 449; x_wconf 82' lang='lat' dir='ltr'><strong>EPlNlClA.</strong></span> 
     </span>
    </p>
   </div>
   <div class='ocr_carea' id='block_1_2' title="bbox 381 554 1338 2036">
    <p class='ocr_par' dir='ltr' id='par_1_2' title="bbox 381 554 1338 2036">
     <span class='ocr_line' id='line_1_2' title="bbox 437 554 1287 642; baseline -0.001 -21"><span class='ocrx_word' id='word_1_3' title='bbox 437 557 519 621; x_wconf 83' lang='grc' dir='ltr'><em>ὅθεν</em></span> <span class='ocrx_word' id='word_1_4' title='bbox 541 556 774 642; x_wconf 80' lang='grc' dir='ltr'><em>γεγενναμένοι</em></span> <span class='ocrx_word' id='word_1_5' title='bbox 1136 554 1220 621; x_wconf 89' lang='grc' dir='ltr'><em>Ἀντ.</em></span> <span class='ocrx_word' id='word_1_6' title='bbox 1244 554 1287 638; x_wconf 80' lang='grc' dir='ltr'><strong>γ’.</strong></span> 
     </span>
     <span class='ocr_line' id='line_1_3' title="bbox 385 664 1045 750; baseline 0.003 -22"><span class='ocrx_word' id='word_1_7' title='bbox 385 681 417 728; x_wconf 77' lang='lat'><strong>75</strong></span> <span class='ocrx_word' id='word_1_8' title='bbox 436 664 547 729; x_wconf 80' lang='grc' dir='ltr'><em>ἵκοντο</em></span> <span class='ocrx_word' id='word_1_9' title='bbox 574 667 725 750; x_wconf 77' lang='grc' dir='ltr'><em>Θήρανδε</em></span> <span class='ocrx_word' id='word_1_10' title='bbox 748 676 855 749; x_wconf 87' lang='grc' dir='ltr'><em>φῶτες</em></span> <span class='ocrx_word' id='word_1_11' title='bbox 879 667 1045 748; x_wconf 82' lang='grc' dir='ltr'><em>Αλγεΐδαι,</em></span> 
     </span>
     <span class='ocr_line' id='line_1_4' title="bbox 437 770 862 858; baseline 0.002 -22"><span class='ocrx_word' id='word_1_12' title='bbox 437 770 508 856; x_wconf 77' lang='grc' dir='ltr'><em>ἐμοὶ</em></span> <span class='ocrx_word' id='word_1_13' title='bbox 532 772 684 858; x_wconf 87' lang='grc' dir='ltr'><em>πατέρες,</em></span> <span class='ocrx_word' id='word_1_14' title='bbox 707 773 748 837; x_wconf 88' lang='grc' dir='ltr'><strong>οὐ</strong></span> <span class='ocrx_word' id='word_1_15' title='bbox 770 779 862 837; x_wconf 87' lang='grc' dir='ltr'><em>θεῶν</em></span> 
     </span>
     <span class='ocr_line' id='line_1_5' title="bbox 480 864 987 967; baseline 0 -24"><span class='ocrx_word' id='word_1_16' title='bbox 480 881 575 965; x_wconf 85' lang='grc' dir='ltr'><em>άτερ,</em></span> <span class='ocrx_word' id='word_1_17' title='bbox 599 879 681 945; x_wconf 79' lang='grc' dir='ltr'><em>ἀλλὰ</em></span> <span class='ocrx_word' id='word_1_18' title='bbox 703 864 803 967; x_wconf 79' lang='grc' dir='ltr'><em>μοῖρά</em></span> <span class='ocrx_word' id='word_1_19' title='bbox 827 904 877 955; x_wconf 89' lang='grc' dir='ltr'><strong>τις</strong></span> <span class='ocrx_word' id='word_1_20' title='bbox 899 881 987 962; x_wconf 84' lang='grc' dir='ltr'><em>άγεν.</em></span> 
     </span>
     <span class='ocr_line' id='line_1_6' title="bbox 435 990 772 1071; baseline -0.003 -19"><span class='ocrx_word' id='word_1_21' title='bbox 435 990 629 1053; x_wconf 81' lang='grc' dir='ltr'><em>πολύθυτον</em></span> <span class='ocrx_word' id='word_1_22' title='bbox 652 991 772 1071; x_wconf 85' lang='grc' dir='ltr'><em>ἔρανον</em></span> 
     </span>
     <span class='ocr_line' id='line_1_7' title="bbox 435 1093 807 1178; baseline -0.003 -20"><span class='ocrx_word' id='word_1_23' title='bbox 435 1096 535 1158; x_wconf 87' lang='grc' dir='ltr'><em>ἔνθεν</em></span> <span class='ocrx_word' id='word_1_24' title='bbox 559 1093 807 1178; x_wconf 77' lang='grc' dir='ltr'><em>ἀναδεξάμενοι,</em></span> 
     </span>
     <span class='ocr_line' id='line_1_8' title="bbox 429 1198 704 1288; baseline 0.004 -24"><span class='ocrx_word' id='word_1_25' title='bbox 429 1198 610 1283; x_wconf 84' lang='grc' dir='ltr'><em>Ἀπολλον,</em></span> <span class='ocrx_word' id='word_1_26' title='bbox 633 1210 704 1288; x_wconf 83' lang='grc' dir='ltr'><em>τεᾷ,</em></span> 
     </span>
     <span class='ocr_line' id='line_1_9' title="bbox 381 1305 951 1394; baseline 0 -22"><span class='ocrx_word' id='word_1_27' title='bbox 381 1326 415 1372; x_wconf 81' lang='lat'><strong>80</strong></span> <span class='ocrx_word' id='word_1_28' title='bbox 435 1307 588 1394; x_wconf 84' lang='grc' dir='ltr'><em>Καρνήι’,</em></span> <span class='ocrx_word' id='word_1_29' title='bbox 613 1308 649 1373; x_wconf 87' lang='grc' dir='ltr'><em>έν</em></span> <span class='ocrx_word' id='word_1_30' title='bbox 671 1305 760 1372; x_wconf 81' lang='grc' dir='ltr'><em>δαιτὶ</em></span> <span class='ocrx_word' id='word_1_31' title='bbox 783 1311 951 1393; x_wconf 79' lang='grc' dir='ltr'><em>σεβίζομεν</em></span> 
     </span>
     <span class='ocr_line' id='line_1_10' title="bbox 435 1413 969 1501; baseline -0.002 -21"><span class='ocrx_word' id='word_1_32' title='bbox 435 1416 594 1501; x_wconf 78' lang='grc' dir='ltr'><em>Κυράνας</em></span> <span class='ocrx_word' id='word_1_33' title='bbox 617 1413 837 1500; x_wconf 75' lang='grc' dir='ltr'><em>ἀγακτιμέναν</em></span> <span class='ocrx_word' id='word_1_34' title='bbox 859 1417 969 1480; x_wconf 87' lang='grc' dir='ltr'><em>πόλιν·</em></span> 
     </span>
     <span class='ocr_line' id='line_1_11' title="bbox 435 1519 984 1606; baseline 0 -20"><span class='ocrx_word' id='word_1_35' title='bbox 435 1526 543 1606; x_wconf 81' lang='grc' dir='ltr'><em>ἔχοντι</em></span> <span class='ocrx_word' id='word_1_36' title='bbox 566 1523 627 1586; x_wconf 85' lang='grc' dir='ltr'><strong>τὰν</strong></span> <span class='ocrx_word' id='word_1_37' title='bbox 650 1522 873 1605; x_wconf 81' lang='grc' dir='ltr'><em>χαλκοχάρμαι</em></span> <span class='ocrx_word' id='word_1_38' title='bbox 897 1519 984 1598; x_wconf 85' lang='grc' dir='ltr'><em>ξένοι</em></span> 
     </span>
     <span class='ocr_line' id='line_1_12' title="bbox 439 1626 1338 1715; baseline 0.003 -23"><span class='ocrx_word' id='word_1_39' title='bbox 439 1633 547 1715; x_wconf 85' lang='grc' dir='ltr'><em>Τρῶες</em></span> <span class='ocrx_word' id='word_1_40' title='bbox 568 1627 806 1714; x_wconf 76' lang='grc' dir='ltr'><em>Ἀντανορίδαι.</em></span> <span class='ocrx_word' id='word_1_41' title='bbox 841 1631 905 1693; x_wconf 86' lang='grc' dir='ltr'><strong>σὺν</strong></span> <span class='ocrx_word' id='word_1_42' title='bbox 923 1626 1039 1715; x_wconf 77' lang='grc' dir='ltr'><em>Ἑλένα</em></span> <span class='ocrx_word' id='word_1_43' title='bbox 1062 1630 1124 1714; x_wconf 84' lang='grc' dir='ltr'><em>γάρ</em></span> <span class='ocrx_word' id='word_1_44' title='bbox 1148 1633 1262 1714; x_wconf 84' lang='grc' dir='ltr'><em>μόλον,</em></span> <span class='ocrx_word' id='word_1_45' title='bbox 1287 1648 1338 1695; x_wconf 85' lang='lat'><strong>110</strong></span> 
     </span>
     <span class='ocr_line' id='line_1_13' title="bbox 433 1733 1032 1819; baseline -0.003 -18"><span class='ocrx_word' id='word_1_46' title='bbox 433 1743 669 1802; x_wconf 80' lang='grc' dir='ltr'><em>καπνωθεῖσαν</em></span> <span class='ocrx_word' id='word_1_47' title='bbox 691 1735 820 1819; x_wconf 86' lang='grc' dir='ltr'><em>πάτραν</em></span> <span class='ocrx_word' id='word_1_48' title='bbox 843 1733 912 1799; x_wconf 81' lang='grc' dir='ltr'><em>ἐπεὶ</em></span> <span class='ocrx_word' id='word_1_49' title='bbox 934 1737 1032 1800; x_wconf 68' lang='grc' dir='ltr'><em>δίδον</em></span> 
     </span>
     <span class='ocr_line' id='line_1_14' title="bbox 1146 1842 1284 1928; baseline 0.007 -20"><span class='ocrx_word' id='word_1_50' title='bbox 1146 1842 1215 1909; x_wconf 87' lang='grc' dir='ltr'><em>Ἐπ.</em></span> <span class='ocrx_word' id='word_1_51' title='bbox 1239 1845 1284 1928; x_wconf 81' lang='grc' dir='ltr'><strong>γ’.</strong></span> 
     </span>
     <span class='ocr_line' id='line_1_15' title="bbox 381 1948 1242 2036; baseline 0.001 -21"><span class='ocrx_word' id='word_1_52' title='bbox 381 1968 414 2016; x_wconf 78' lang='lat'><strong>85</strong></span> <span class='ocrx_word' id='word_1_53' title='bbox 434 1950 585 2036; x_wconf 78' lang='grc' dir='ltr'><em>ἐν’Ἀρει.</em></span> <span class='ocrx_word' id='word_1_54' title='bbox 631 1952 668 2016; x_wconf 87' lang='grc' dir='ltr'><strong>τὸ</strong></span> <span class='ocrx_word' id='word_1_55' title='bbox 692 1949 724 2014; x_wconf 86' lang='grc' dir='ltr'><strong>δ’</strong></span> <span class='ocrx_word' id='word_1_56' title='bbox 750 1950 930 2015; x_wconf 79' lang='grc' dir='ltr'><em>ἐλάσιππον</em></span> <span class='ocrx_word' id='word_1_57' title='bbox 955 1952 1055 2025; x_wconf 79' lang='grc' dir='ltr'><em>ἔθνος</em></span> <span class='ocrx_word' id='word_1_58' title='bbox 1078 1948 1242 2028; x_wconf 77' lang='grc' dir='ltr'><em>ἐνδυκέως</em></span> 
     </span>
    </p>
   </div>
   <div class='ocr_carea' id='block_1_3' title="bbox 220 2107 1504 2681">
    <p class='ocr_par' dir='ltr' id='par_1_3' title="bbox 220 2107 1504 2681">
     <span class='ocr_line' id='line_1_16' title="bbox 294 2107 1499 2181; baseline 0.002 -17"><span class='ocrx_word' id='word_1_59' title='bbox 294 2117 334 2164; x_wconf 77' lang='grc'><strong>77.</strong></span> <span class='ocrx_word' id='word_1_60' title='bbox 354 2110 515 2164; x_wconf 74' lang='grc' dir='ltr'><em>πολύθυτον</em></span> <span class='ocrx_word' id='word_1_61' title='bbox 535 2109 562 2171; x_wconf 75' lang='grc' dir='ltr'><em>ἐς</em></span> <span class='ocrx_word' id='word_1_62' title='bbox 582 2108 619 2176; x_wconf 84' lang='grc' dir='ltr'><em>ε’ρ.</em></span> <span class='ocrx_word' id='word_1_63' title='bbox 639 2108 745 2162; x_wconf 81' lang='lat' dir='ltr'><strong>BDF</strong></span> <span class='ocrx_word' id='word_1_64' title='bbox 754 2109 778 2161; x_wconf 85' lang='lat' dir='ltr'><em>G</em></span> <span class='ocrx_word' id='word_1_65' title='bbox 789 2108 848 2161; x_wconf 80' lang='lat' dir='ltr'><strong>Po</strong></span> <span class='ocrx_word' id='word_1_66' title='bbox 860 2108 928 2176; x_wconf 83' lang='lat' dir='ltr'><strong>RV,</strong></span> <span class='ocrx_word' id='word_1_67' title='bbox 948 2107 975 2169; x_wconf 85' lang='grc' dir='ltr'><em>ές</em></span> <span class='ocrx_word' id='word_1_68' title='bbox 994 2124 1047 2160; x_wconf 91' lang='lat' dir='ltr'><strong>om.</strong></span> <span class='ocrx_word' id='word_1_69' title='bbox 1068 2108 1098 2161; x_wconf 82' lang='lat' dir='ltr'><em>E</em></span> <span class='ocrx_word' id='word_1_70' title='bbox 1114 2110 1143 2161; x_wconf 88' lang='lat' dir='ltr'><strong>et</strong></span> <span class='ocrx_word' id='word_1_71' title='bbox 1161 2108 1265 2163; x_wconf 84' lang='lat' dir='ltr'><strong>Mosch.</strong></span> <span class='ocrx_word' id='word_1_72' title='bbox 1282 2127 1374 2178; x_wconf 85' lang='lat' dir='ltr'><strong>nequo</strong></span> <span class='ocrx_word' id='word_1_73' title='bbox 1395 2110 1499 2181; x_wconf 81' lang='lat' dir='ltr'><strong>legisse</strong></span> 
     </span>
     <span class='ocr_line' id='line_1_17' title="bbox 221 2178 1499 2303; baseline 0 -67"><span class='ocrx_word' id='word_1_74' title='bbox 221 2182 352 2237; x_wconf 84' lang='lat' dir='ltr'><strong>videntur</strong></span> <span class='ocrx_word' id='word_1_75' title='bbox 377 2182 476 2247; x_wconf 84' lang='lat' dir='ltr'><strong>schol.;</strong></span> <span class='ocrx_word' id='word_1_76' title='bbox 508 2179 554 2249; x_wconf 74' lang='grc' dir='ltr'><strong>ἄγ’</strong></span> <span class='ocrx_word' id='word_1_77' title='bbox 583 2181 613 2233; x_wconf 76' lang='grc' dir='ltr'><em>ἐν</em></span> <span class='ocrx_word' id='word_1_78' title='bbox 644 2179 714 2233; x_wconf 92' lang='lat' dir='ltr'><strong>coni.</strong></span> <span class='ocrx_word' id='word_1_79' title='bbox 741 2178 903 2303; x_wconf 56' lang='lat' dir='ltr'><strong>Mlnfiffiessi</strong></span> <span class='ocrx_word' id='word_1_80' title='bbox 932 2182 1070 2233; x_wconf 80' lang='lat' dir='ltr'><strong>comma-tc</strong></span> <span class='ocrx_word' id='word_1_81' title='bbox 1099 2185 1164 2233; x_wconf 91' lang='lat' dir='ltr'><strong>ante</strong></span> <span class='ocrx_word' id='word_1_82' title='bbox 1192 2182 1294 2237; x_wconf 85' lang='grc' dir='ltr'><em>πολύθ.</em></span> <span class='ocrx_word' id='word_1_83' title='bbox 1321 2182 1437 2237; x_wconf 87' lang='lat' dir='ltr'><strong>sublato</strong></span> <span class='ocrx_word' id='word_1_84' title='bbox 1465 2216 1499 2224; x_wconf 93' lang='lat'>-</span> 
     </span>
     <span class='ocr_line' id='line_1_18' title="bbox 221 2250 1498 2323; baseline 0.002 -16"><span class='ocrx_word' id='word_1_85' title='bbox 221 2260 263 2308; x_wconf 76' lang='lat'><strong>78.</strong></span> <span class='ocrx_word' id='word_1_86' title='bbox 283 2252 496 2321; x_wconf 72' lang='grc' dir='ltr'><em>ἀναδεξαμένου</em></span> <span class='ocrx_word' id='word_1_87' title='bbox 511 2255 540 2305; x_wconf 92' lang='lat' dir='ltr'><strong>ct</strong></span> <span class='ocrx_word' id='word_1_88' title='bbox 554 2250 694 2323; x_wconf 80' lang='grc' dir='ltr'><em>σεβιζέμεν</em></span> <span class='ocrx_word' id='word_1_89' title='bbox 709 2250 779 2305; x_wconf 79' lang='lat' dir='ltr'><strong>coiri.</strong></span> <span class='ocrx_word' id='word_1_90' title='bbox 821 2268 937 2304; x_wconf 87' lang='lat' dir='ltr'><strong>ermanu</strong></span> <span class='ocrx_word' id='word_1_91' title='bbox 951 2284 983 2289; x_wconf 95' lang='lat'>—</span> <span class='ocrx_word' id='word_1_92' title='bbox 1000 2256 1042 2304; x_wconf 82' lang='lat'><strong>80.</strong></span> <span class='ocrx_word' id='word_1_93' title='bbox 1059 2250 1180 2318; x_wconf 76' lang='grc' dir='ltr'><em>Καρνήϊ’</em></span> <span class='ocrx_word' id='word_1_94' title='bbox 1197 2252 1227 2306; x_wconf 74' lang='grc' dir='ltr'><em>ἐν</em></span> <span class='ocrx_word' id='word_1_95' title='bbox 1241 2253 1367 2310; x_wconf 83' lang='lat' dir='ltr'><strong>Bocckh:</strong></span> <span class='ocrx_word' id='word_1_96' title='bbox 1387 2253 1498 2322; x_wconf 69' lang='lat' dir='ltr'><strong>arroset&#39;</strong></span> 
     </span>
     <span class='ocr_line' id='line_1_19' title="bbox 221 2320 1500 2397; baseline 0.003 -20"><span class='ocrx_word' id='word_1_97' title='bbox 221 2325 251 2379; x_wconf 80' lang='grc' dir='ltr'><em>έν</em></span> <span class='ocrx_word' id='word_1_98' title='bbox 270 2326 383 2391; x_wconf 77' lang='lat' dir='ltr'><em>BDE,</em></span> <span class='ocrx_word' id='word_1_99' title='bbox 403 2329 522 2390; x_wconf 83' lang='grc' dir='ltr'><em>Καρνεΐε</em></span> <span class='ocrx_word' id='word_1_100' title='bbox 547 2321 572 2376; x_wconf 88' lang='grc' dir='ltr'><strong>σ’</strong></span> <span class='ocrx_word' id='word_1_101' title='bbox 596 2323 625 2376; x_wconf 83' lang='grc' dir='ltr'><em>ἐν</em></span> <span class='ocrx_word' id='word_1_102' title='bbox 645 2326 673 2375; x_wconf 91' lang='lat' dir='ltr'><strong>et</strong></span> <span class='ocrx_word' id='word_1_103' title='bbox 692 2322 792 2376; x_wconf 89' lang='lat' dir='ltr'><strong>deinde</strong></span> <span class='ocrx_word' id='word_1_104' title='bbox 812 2321 945 2389; x_wconf 82' lang='grc' dir='ltr'><em>Κυράνας</em></span> <span class='ocrx_word' id='word_1_105' title='bbox 962 2320 989 2375; x_wconf 90' lang='grc' dir='ltr'><strong>τ’</strong></span> <span class='ocrx_word' id='word_1_106' title='bbox 1011 2322 1082 2376; x_wconf 85' lang='lat' dir='ltr'><strong>coni.</strong></span> <span class='ocrx_word' id='word_1_107' title='bbox 1102 2322 1194 2392; x_wconf 83' lang='lat' dir='ltr'>Bergk</span> <span class='ocrx_word' id='word_1_108' title='bbox 1214 2356 1248 2363; x_wconf 90' lang='lat'>—</span> <span class='ocrx_word' id='word_1_109' title='bbox 1268 2324 1408 2397; x_wconf 69' lang='grc' dir='ltr'><em>σεβιζέμεν</em></span> <span class='ocrx_word' id='word_1_110' title='bbox 1427 2326 1500 2381; x_wconf 84' lang='lat' dir='ltr'><strong>coni.</strong></span> 
     </span>
     <span class='ocr_line' id='line_1_20' title="bbox 221 2392 1502 2465; baseline 0.002 -17"><span class='ocrx_word' id='word_1_111' title='bbox 221 2396 315 2465; x_wconf 80' lang='lat' dir='ltr'><strong>Pauus,</strong></span> <span class='ocrx_word' id='word_1_112' title='bbox 334 2395 466 2465; x_wconf 86' lang='lat' dir='ltr'><strong>probavit</strong></span> <span class='ocrx_word' id='word_1_113' title='bbox 484 2395 627 2449; x_wconf 84' lang='lat' dir='ltr'>Hermann</span> <span class='ocrx_word' id='word_1_114' title='bbox 642 2425 675 2433; x_wconf 96' lang='lat'>—</span> <span class='ocrx_word' id='word_1_115' title='bbox 693 2399 734 2447; x_wconf 87' lang='grc'><strong>81.</strong></span> <span class='ocrx_word' id='word_1_116' title='bbox 755 2393 946 2462; x_wconf 72' lang='grc' dir='ltr'><em>ἀγακτιμέναν</em></span> <span class='ocrx_word' id='word_1_117' title='bbox 965 2393 1059 2447; x_wconf 80' lang='lat' dir='ltr'><strong>codd:</strong></span> <span class='ocrx_word' id='word_1_118' title='bbox 1079 2392 1275 2464; x_wconf 85' lang='grc' dir='ltr'><em>ἁγακλυμέναν</em></span> <span class='ocrx_word' id='word_1_119' title='bbox 1294 2396 1365 2449; x_wconf 89' lang='lat' dir='ltr'><strong>coni.</strong></span> <span class='ocrx_word' id='word_1_120' title='bbox 1380 2395 1502 2465; x_wconf 82' lang='lat' dir='ltr'><strong>Heclrer,</strong></span> 
     </span>
     <span class='ocr_line' id='line_1_21' title="bbox 220 2460 1504 2536; baseline 0.002 -15"><span class='ocrx_word' id='word_1_121' title='bbox 220 2466 268 2522; x_wconf 86' lang='grc' dir='ltr'><em>ἀν’</em></span> <span class='ocrx_word' id='word_1_122' title='bbox 290 2466 455 2536; x_wconf 74' lang='grc' dir='ltr'><em>εὐκτιμέναν</em></span> <span class='ocrx_word' id='word_1_123' title='bbox 481 2465 551 2521; x_wconf 86' lang='lat' dir='ltr'><strong>coni.</strong></span> <span class='ocrx_word' id='word_1_124' title='bbox 571 2466 729 2520; x_wconf 82' lang='lat' dir='ltr'><strong>Schbmann</strong></span> <span class='ocrx_word' id='word_1_125' title='bbox 755 2464 805 2535; x_wconf 81' lang='lat' dir='ltr'><strong>op.</strong></span> <span class='ocrx_word' id='word_1_126' title='bbox 832 2483 857 2518; x_wconf 83' lang='lat' dir='ltr'><strong>iv</strong></span> <span class='ocrx_word' id='word_1_127' title='bbox 882 2483 908 2520; x_wconf 79' lang='lat' dir='ltr'><strong>as</strong></span> <span class='ocrx_word' id='word_1_128' title='bbox 934 2495 968 2503; x_wconf 88' lang='lat'><em>—</em></span> <span class='ocrx_word' id='word_1_129' title='bbox 995 2468 1038 2518; x_wconf 79' lang='lat'><strong>84.</strong></span> <span class='ocrx_word' id='word_1_130' title='bbox 1065 2460 1143 2518; x_wconf 82' lang='grc' dir='ltr'><em>εἶδον</em></span> <span class='ocrx_word' id='word_1_131' title='bbox 1168 2467 1198 2520; x_wconf 85' lang='grc'><strong>1)</strong></span> <span class='ocrx_word' id='word_1_132' title='bbox 1225 2499 1258 2506; x_wconf 90' lang='grc'><strong>-</strong></span> <span class='ocrx_word' id='word_1_133' title='bbox 1285 2472 1327 2520; x_wconf 79' lang='grc'><strong>85.</strong></span> <span class='ocrx_word' id='word_1_134' title='bbox 1352 2466 1504 2532; x_wconf 76' lang='grc' dir='ltr'><em>ἐνδικοάως</em></span> 
     </span>
     <span class='ocr_line' id='line_1_22' title="bbox 220 2534 1502 2660; baseline 0.001 -67"><span class='ocrx_word' id='word_1_135' title='bbox 220 2539 286 2593; x_wconf 74' lang='lat' dir='ltr'><strong>Dl’c</strong></span> <span class='ocrx_word' id='word_1_136' title='bbox 305 2570 337 2577; x_wconf 89' lang='lat'>—</span> <span class='ocrx_word' id='word_1_137' title='bbox 358 2537 488 2609; x_wconf 84' lang='grc' dir='ltr'><em>δέχονται</em></span> <span class='ocrx_word' id='word_1_138' title='bbox 513 2539 542 2592; x_wconf 89' lang='lat' dir='ltr'><em>D</em></span> <span class='ocrx_word' id='word_1_139' title='bbox 568 2569 601 2576; x_wconf 91' lang='lat'>—</span> <span class='ocrx_word' id='word_1_140' title='bbox 628 2537 735 2604; x_wconf 87' lang='grc' dir='ltr'><em>άνδρας</em></span> <span class='ocrx_word' id='word_1_141' title='bbox 761 2534 920 2660; x_wconf 63' lang='grc' dir='ltr'><em>οἰφνέοντας</em></span> <span class='ocrx_word' id='word_1_142' title='bbox 946 2554 995 2604; x_wconf 92' lang='grc' dir='ltr'><strong>σφι</strong></span> <span class='ocrx_word' id='word_1_143' title='bbox 1019 2553 1053 2590; x_wconf 84' lang='lat' dir='ltr'><strong>ex</strong></span> <span class='ocrx_word' id='word_1_144' title='bbox 1081 2536 1195 2590; x_wconf 77' lang='lat' dir='ltr'>scholiis</span> <span class='ocrx_word' id='word_1_145' title='bbox 1224 2538 1367 2609; x_wconf 88' lang='lat' dir='ltr'><strong>Hartung:</strong></span> <span class='ocrx_word' id='word_1_146' title='bbox 1397 2539 1502 2610; x_wconf 84' lang='grc' dir='ltr'><em>ἄνδρες</em></span> 
     </span>
     <span class='ocr_line' id='line_1_23' title="bbox 221 2607 938 2681; baseline -0.004 -17"><span class='ocrx_word' id='word_1_147' title='bbox 221 2607 374 2681; x_wconf 74' lang='grc' dir='ltr'><em>οἰχνέοντές</em></span> <span class='ocrx_word' id='word_1_148' title='bbox 393 2628 445 2679; x_wconf 89' lang='grc' dir='ltr'><strong>σφε</strong></span> <span class='ocrx_word' id='word_1_149' title='bbox 465 2610 492 2663; x_wconf 86' lang='grc' dir='ltr'><strong><em>Β</em></strong></span> <span class='ocrx_word' id='word_1_150' title='bbox 503 2610 570 2663; x_wconf 81' lang='grc' dir='ltr'><strong>ΒΕ</strong></span> <span class='ocrx_word' id='word_1_151' title='bbox 586 2611 614 2661; x_wconf 87' lang='lat' dir='ltr'><strong>et</strong></span> <span class='ocrx_word' id='word_1_152' title='bbox 632 2626 697 2677; x_wconf 85' lang='lat' dir='ltr'><strong>pars</strong></span> <span class='ocrx_word' id='word_1_153' title='bbox 717 2608 782 2660; x_wconf 86' lang='lat' dir='ltr'><strong>scho</strong></span> <span class='ocrx_word' id='word_1_154' title='bbox 797 2608 886 2661; x_wconf 90' lang='lat' dir='ltr'><strong>iorum</strong></span> <span class='ocrx_word' id='word_1_155' title='bbox 904 2640 938 2647; x_wconf 97' lang='lat'>—</span> 
     </span>
    </p>
   </div>
   <div class='ocr_carea' id='block_1_4' title="bbox 216 2714 1505 4927">
    <p class='ocr_par' dir='ltr' id='par_1_4' title="bbox 218 2714 1505 3997">
     <span class='ocr_line' id='line_1_24' title="bbox 224 2714 1503 2786; baseline 0.003 -15"><span class='ocrx_word' id='word_1_156' title='bbox 224 2716 339 2771; x_wconf 87' lang='lat' dir='ltr'><strong>Pindari</strong></span> <span class='ocrx_word' id='word_1_157' title='bbox 359 2716 387 2769; x_wconf 94' lang='lat' dir='ltr'><strong>in</strong></span> <span class='ocrx_word' id='word_1_158' title='bbox 406 2714 636 2786; x_wconf 75' lang='lat' dir='ltr'><strong>inscriptionibus</strong></span> <span class='ocrx_word' id='word_1_159' title='bbox 652 2715 796 2783; x_wconf 77' lang='lat' dir='ltr'><strong>Anaphae,</strong></span> <span class='ocrx_word' id='word_1_160' title='bbox 812 2715 920 2768; x_wconf 89' lang='lat' dir='ltr'><strong>insulae</strong></span> <span class='ocrx_word' id='word_1_161' title='bbox 935 2714 1045 2768; x_wconf 81' lang='lat' dir='ltr'><strong>vicinae</strong></span> <span class='ocrx_word' id='word_1_162' title='bbox 1059 2714 1175 2775; x_wconf 76' lang='lat' dir='ltr'><strong>Therae„</strong></span> <span class='ocrx_word' id='word_1_163' title='bbox 1190 2731 1330 2769; x_wconf 87' lang='lat' dir='ltr'><strong>recurrere</strong></span> <span class='ocrx_word' id='word_1_164' title='bbox 1346 2716 1424 2781; x_wconf 85' lang='lat' dir='ltr'>(CIG.</span> <span class='ocrx_word' id='word_1_165' title='bbox 1440 2735 1503 2775; x_wconf 74' lang='lat' dir='ltr'><strong>esso.</strong></span> 
     </span>
     <span class='ocr_line' id='line_1_25' title="bbox 223 2785 1503 2855; baseline 0.001 -12"><span class='ocrx_word' id='word_1_166' title='bbox 223 2805 304 2843; x_wconf 76' lang='lat' dir='ltr'><strong>saaca.</strong></span> <span class='ocrx_word' id='word_1_167' title='bbox 327 2791 410 2855; x_wconf 73' lang='lat' dir='ltr'><strong>assos)</strong></span> <span class='ocrx_word' id='word_1_168' title='bbox 431 2787 583 2840; x_wconf 83' lang='lat' dir='ltr'><strong>admodum</strong></span> <span class='ocrx_word' id='word_1_169' title='bbox 604 2786 786 2839; x_wconf 75' lang='lat' dir='ltr'><strong>memorabile</strong></span> <span class='ocrx_word' id='word_1_170' title='bbox 808 2790 959 2854; x_wconf 81' lang='lat' dir='ltr'><strong>estusque</strong></span> <span class='ocrx_word' id='word_1_171' title='bbox 980 2786 1039 2840; x_wconf 86' lang='lat' dir='ltr'><strong>veri</strong></span> <span class='ocrx_word' id='word_1_172' title='bbox 1060 2785 1197 2840; x_wconf 81' lang='lat' dir='ltr'><strong>dissimile</strong></span> <span class='ocrx_word' id='word_1_173' title='bbox 1215 2788 1396 2853; x_wconf 82' lang='grc' dir='ltr'><em>Καρνειάδας</em></span> <span class='ocrx_word' id='word_1_174' title='bbox 1414 2796 1452 2853; x_wconf 76' lang='grc' dir='ltr'><em>(ι.</em></span> <span class='ocrx_word' id='word_1_175' title='bbox 1472 2790 1503 2845; x_wconf 93' lang='lat' dir='ltr'><strong>P.</strong></span> 
     </span>
     <span class='ocr_line' id='line_1_26' title="bbox 221 2856 1505 2928; baseline 0.002 -16"><span class='ocrx_word' id='word_1_176' title='bbox 221 2878 248 2912; x_wconf 83' lang='lat' dir='ltr'><strong>rx</strong></span> <span class='ocrx_word' id='word_1_177' title='bbox 264 2861 310 2928; x_wconf 84' lang='grc' dir='ltr'><em>ιι),</em></span> <span class='ocrx_word' id='word_1_178' title='bbox 325 2876 342 2912; x_wconf 89' lang='lat' dir='ltr'><strong>a</strong></span> <span class='ocrx_word' id='word_1_179' title='bbox 357 2858 470 2914; x_wconf 81' lang='lat' dir='ltr'><strong>Cameis</strong></span> <span class='ocrx_word' id='word_1_180' title='bbox 488 2859 574 2912; x_wconf 87' lang='lat' dir='ltr'><strong>saeris</strong></span> <span class='ocrx_word' id='word_1_181' title='bbox 594 2857 658 2911; x_wconf 87' lang='lat' dir='ltr'><strong>illos</strong></span> <span class='ocrx_word' id='word_1_182' title='bbox 678 2856 881 2924; x_wconf 82' lang='lat' dir='ltr'><strong>denominatos,</strong></span> <span class='ocrx_word' id='word_1_183' title='bbox 899 2858 992 2925; x_wconf 87' lang='lat' dir='ltr'><strong>gentis</strong></span> <span class='ocrx_word' id='word_1_184' title='bbox 1011 2857 1186 2928; x_wconf 88' lang='lat' dir='ltr'><strong>Aegidamm</strong></span> <span class='ocrx_word' id='word_1_185' title='bbox 1205 2858 1301 2926; x_wconf 70' lang='lat' dir='ltr'><strong>titisse,</strong></span> <span class='ocrx_word' id='word_1_186' title='bbox 1320 2862 1417 2913; x_wconf 70' lang='lat' dir='ltr'><strong>armen</strong></span> <span class='ocrx_word' id='word_1_187' title='bbox 1436 2860 1505 2916; x_wconf 90' lang='lat' dir='ltr'><strong>inde</strong></span> 
     </span>
     <span class='ocr_line' id='line_1_27' title="bbox 221 2927 1504 2999; baseline 0.002 -15"><span class='ocrx_word' id='word_1_188' title='bbox 221 2947 311 2999; x_wconf 85' lang='lat' dir='ltr'><strong>noque</strong></span> <span class='ocrx_word' id='word_1_189' title='bbox 326 2930 450 2997; x_wconf 82' lang='lat' dir='ltr'><strong>Aegidas</strong></span> <span class='ocrx_word' id='word_1_190' title='bbox 471 2929 545 2983; x_wconf 88' lang='lat' dir='ltr'><strong>omni</strong></span> <span class='ocrx_word' id='word_1_191' title='bbox 566 2934 690 2999; x_wconf 89' lang='lat' dir='ltr'><strong>tempore</strong></span> <span class='ocrx_word' id='word_1_192' title='bbox 712 2947 792 2982; x_wconf 85' lang='lat' dir='ltr'><strong>sacra</strong></span> <span class='ocrx_word' id='word_1_193' title='bbox 807 2928 913 2982; x_wconf 86' lang='lat' dir='ltr'><strong>Caraca</strong></span> <span class='ocrx_word' id='word_1_194' title='bbox 928 2927 1141 2983; x_wconf 72' lang='lat' dir='ltr'><strong>administrasse</strong></span> <span class='ocrx_word' id='word_1_195' title='bbox 1156 2930 1277 2982; x_wconf 82' lang='lat' dir='ltr'><strong>officitur</strong></span> <span class='ocrx_word' id='word_1_196' title='bbox 1291 2946 1381 2999; x_wconf 86' lang='lat' dir='ltr'><strong>neque</strong></span> <span class='ocrx_word' id='word_1_197' title='bbox 1397 2930 1504 2987; x_wconf 86' lang='lat' dir='ltr'><strong>Thebis</strong></span> 
     </span>
     <span class='ocr_line' id='line_1_28' title="bbox 222 2999 1502 3073; baseline 0.001 -17"><span class='ocrx_word' id='word_1_198' title='bbox 222 3002 461 3056; x_wconf 77' lang='lat' dir='ltr'><strong>Lacedaemonem</strong></span> <span class='ocrx_word' id='word_1_199' title='bbox 479 3001 531 3054; x_wconf 89' lang='lat' dir='ltr'><strong>illa</strong></span> <span class='ocrx_word' id='word_1_200' title='bbox 550 3018 629 3054; x_wconf 78' lang='lat' dir='ltr'><strong>ariera</strong></span> <span class='ocrx_word' id='word_1_201' title='bbox 648 3001 758 3070; x_wconf 85' lang='lat' dir='ltr'><strong>perlata</strong></span> <span class='ocrx_word' id='word_1_202' title='bbox 777 3017 845 3056; x_wconf 85' lang='lat' dir='ltr'><strong>esso.</strong></span> <span class='ocrx_word' id='word_1_203' title='bbox 874 3000 940 3053; x_wconf 85' lang='lat' dir='ltr'><strong>Plus</strong></span> <span class='ocrx_word' id='word_1_204' title='bbox 955 2999 1020 3053; x_wconf 85' lang='lat' dir='ltr'><strong>fidei</strong></span> <span class='ocrx_word' id='word_1_205' title='bbox 1034 2999 1128 3067; x_wconf 86' lang='lat' dir='ltr'><strong>habet,</strong></span> <span class='ocrx_word' id='word_1_206' title='bbox 1148 3000 1223 3069; x_wconf 90' lang='lat' dir='ltr'><strong>quod</strong></span> <span class='ocrx_word' id='word_1_207' title='bbox 1237 3000 1389 3055; x_wconf 82' lang='lat' dir='ltr'><strong>Pindarum</strong></span> <span class='ocrx_word' id='word_1_208' title='bbox 1408 3002 1502 3073; x_wconf 85' lang='lat' dir='ltr'><strong>ipsum</strong></span> 
     </span>
     <span class='ocr_line' id='line_1_29' title="bbox 221 3070 1502 3144; baseline 0 -16"><span class='ocrx_word' id='word_1_209' title='bbox 221 3076 336 3143; x_wconf 86' lang='lat' dir='ltr'><strong>egente</strong></span> <span class='ocrx_word' id='word_1_210' title='bbox 352 3074 525 3143; x_wconf 86' lang='lat' dir='ltr'><strong>Aegidarum</strong></span> <span class='ocrx_word' id='word_1_211' title='bbox 544 3074 722 3144; x_wconf 90' lang='lat' dir='ltr'><strong>progenitum</strong></span> <span class='ocrx_word' id='word_1_212' title='bbox 742 3089 802 3126; x_wconf 85' lang='lat' dir='ltr'><strong>esse</strong></span> <span class='ocrx_word' id='word_1_213' title='bbox 826 3072 955 3139; x_wconf 76' lang='lat' dir='ltr'><strong>credunt,</strong></span> <span class='ocrx_word' id='word_1_214' title='bbox 982 3070 1036 3124; x_wconf 87' lang='lat' dir='ltr'><strong>nisi</strong></span> <span class='ocrx_word' id='word_1_215' title='bbox 1055 3088 1121 3124; x_wconf 86' lang='lat' dir='ltr'><strong>vero</strong></span> <span class='ocrx_word' id='word_1_216' title='bbox 1141 3072 1193 3124; x_wconf 89' lang='lat' dir='ltr'><strong>hoc</strong></span> <span class='ocrx_word' id='word_1_217' title='bbox 1217 3076 1331 3141; x_wconf 85' lang='lat' dir='ltr'><strong>poetam</strong></span> <span class='ocrx_word' id='word_1_218' title='bbox 1350 3074 1405 3127; x_wconf 85' lang='lat' dir='ltr'><strong>sibi</strong></span> <span class='ocrx_word' id='word_1_219' title='bbox 1423 3092 1502 3129; x_wconf 85' lang='lat' dir='ltr'><strong>arro-</strong></span> 
     </span>
     <span class='ocr_line' id='line_1_30' title="bbox 220 3142 1501 3216; baseline 0.002 -17"><span class='ocrx_word' id='word_1_220' title='bbox 220 3162 302 3215; x_wconf 85' lang='lat' dir='ltr'><strong>gasse</strong></span> <span class='ocrx_word' id='word_1_221' title='bbox 322 3148 421 3216; x_wconf 85' lang='lat' dir='ltr'><strong>putas,</strong></span> <span class='ocrx_word' id='word_1_222' title='bbox 448 3149 480 3197; x_wconf 87' lang='lat' dir='ltr'><strong>ut</strong></span> <span class='ocrx_word' id='word_1_223' title='bbox 500 3145 619 3197; x_wconf 80' lang='lat' dir='ltr'><strong>arctiore</strong></span> <span class='ocrx_word' id='word_1_224' title='bbox 638 3144 853 3197; x_wconf 82' lang='lat' dir='ltr'><strong>necessitudinis</strong></span> <span class='ocrx_word' id='word_1_225' title='bbox 874 3142 984 3197; x_wconf 83' lang='lat' dir='ltr'><strong>vinculo</strong></span> <span class='ocrx_word' id='word_1_226' title='bbox 1004 3159 1032 3195; x_wconf 88' lang='lat' dir='ltr'><strong>se</strong></span> <span class='ocrx_word' id='word_1_227' title='bbox 1052 3159 1114 3195; x_wconf 92' lang='lat' dir='ltr'><strong>cum</strong></span> <span class='ocrx_word' id='word_1_228' title='bbox 1134 3142 1242 3198; x_wconf 85' lang='lat' dir='ltr'><strong>civibus</strong></span> <span class='ocrx_word' id='word_1_229' title='bbox 1262 3144 1412 3212; x_wconf 79' lang='lat' dir='ltr'><strong>Cyrenaeis</strong></span> <span class='ocrx_word' id='word_1_230' title='bbox 1436 3163 1501 3201; x_wconf 86' lang='lat' dir='ltr'><strong>eon·</strong></span> 
     </span>
     <span class='ocr_line' id='line_1_31' title="bbox 221 3214 1501 3285; baseline 0.002 -17"><span class='ocrx_word' id='word_1_231' title='bbox 221 3218 348 3270; x_wconf 88' lang='lat' dir='ltr'><strong>iunctum</strong></span> <span class='ocrx_word' id='word_1_232' title='bbox 367 3216 501 3281; x_wconf 80' lang='lat' dir='ltr'><strong>iactarct3</strong></span> <span class='ocrx_word' id='word_1_233' title='bbox 532 3217 565 3269; x_wconf 84' lang='lat' dir='ltr'><strong>cs.</strong></span> <span class='ocrx_word' id='word_1_234' title='bbox 585 3216 614 3269; x_wconf 92' lang='lat' dir='ltr'><strong>P.</strong></span> <span class='ocrx_word' id='word_1_235' title='bbox 635 3235 663 3267; x_wconf 82' lang='lat' dir='ltr'><strong>in</strong></span> <span class='ocrx_word' id='word_1_236' title='bbox 682 3233 740 3285; x_wconf 85' lang='lat' dir='ltr'><strong>arg.</strong></span> <span class='ocrx_word' id='word_1_237' title='bbox 760 3219 789 3269; x_wconf 89' lang='lat' dir='ltr'><strong>ct</strong></span> <span class='ocrx_word' id='word_1_238' title='bbox 807 3218 876 3269; x_wconf 85' lang='lat' dir='ltr'><strong>nott.</strong></span> <span class='ocrx_word' id='word_1_239' title='bbox 897 3215 933 3267; x_wconf 89' lang='lat' dir='ltr'><strong>ad</strong></span> <span class='ocrx_word' id='word_1_240' title='bbox 953 3215 972 3267; x_wconf 87' lang='lat'><strong>1.</strong></span> <span class='ocrx_word' id='word_1_241' title='bbox 992 3233 1030 3266; x_wconf 82' lang='grc' dir='ltr'><strong>τιι</strong></span> <span class='ocrx_word' id='word_1_242' title='bbox 1049 3230 1074 3267; x_wconf 81' lang='lat' dir='ltr'><strong>ra</strong></span> <span class='ocrx_word' id='word_1_243' title='bbox 1093 3216 1122 3268; x_wconf 87' lang='lat' dir='ltr'><strong>et</strong></span> <span class='ocrx_word' id='word_1_244' title='bbox 1140 3214 1293 3281; x_wconf 88' lang='lat' dir='ltr'><strong>Luebbert‚</strong></span> <span class='ocrx_word' id='word_1_245' title='bbox 1316 3215 1449 3271; x_wconf 83' lang='lat' dir='ltr'><strong>Distriba</strong></span> <span class='ocrx_word' id='word_1_246' title='bbox 1472 3218 1501 3271; x_wconf 90' lang='lat' dir='ltr'><strong>in</strong></span> 
     </span>
     <span class='ocr_line' id='line_1_32' title="bbox 219 3285 1501 3355; baseline 0.004 -16"><span class='ocrx_word' id='word_1_247' title='bbox 219 3287 337 3341; x_wconf 82' lang='lat' dir='ltr'><strong>l&#39;indari</strong></span> <span class='ocrx_word' id='word_1_248' title='bbox 360 3287 455 3340; x_wconf 87' lang='lat' dir='ltr'><strong>locum</strong></span> <span class='ocrx_word' id='word_1_249' title='bbox 480 3288 514 3340; x_wconf 89' lang='lat' dir='ltr'><strong>dc</strong></span> <span class='ocrx_word' id='word_1_250' title='bbox 538 3286 654 3355; x_wconf 81' lang='lat' dir='ltr'><strong>Aegidis</strong></span> <span class='ocrx_word' id='word_1_251' title='bbox 679 3292 708 3340; x_wconf 92' lang='lat' dir='ltr'><strong>et</strong></span> <span class='ocrx_word' id='word_1_252' title='bbox 730 3286 816 3339; x_wconf 87' lang='lat' dir='ltr'><strong>sacris</strong></span> <span class='ocrx_word' id='word_1_253' title='bbox 844 3285 970 3351; x_wconf 75' lang='lat' dir='ltr'><strong>carneis,</strong></span> <span class='ocrx_word' id='word_1_254' title='bbox 999 3286 1087 3339; x_wconf 78' lang='lat' dir='ltr'><strong>llonn.</strong></span> <span class='ocrx_word' id='word_1_255' title='bbox 1109 3290 1176 3339; x_wconf 81' lang='lat'>1883</span> <span class='ocrx_word' id='word_1_256' title='bbox 1204 3318 1238 3325; x_wconf 90' lang='lat'><strong>—</strong></span> <span class='ocrx_word' id='word_1_257' title='bbox 1267 3293 1308 3340; x_wconf 77' lang='grc'><strong>77.</strong></span> <span class='ocrx_word' id='word_1_258' title='bbox 1336 3288 1501 3344; x_wconf 71' lang='grc' dir='ltr'><em>πολύθυτον</em></span> 
     </span>
     <span class='ocr_line' id='line_1_33' title="bbox 221 3356 1501 3427; baseline 0.003 -16"><span class='ocrx_word' id='word_1_259' title='bbox 221 3359 331 3427; x_wconf 76' lang='grc' dir='ltr'><em>ἔρανον,</em></span> <span class='ocrx_word' id='word_1_260' title='bbox 352 3358 460 3411; x_wconf 84' lang='lat' dir='ltr'><strong>Carnes</strong></span> <span class='ocrx_word' id='word_1_261' title='bbox 481 3376 570 3424; x_wconf 77' lang='lat' dir='ltr'><strong>sama,</strong></span> <span class='ocrx_word' id='word_1_262' title='bbox 589 3374 660 3425; x_wconf 87' lang='lat' dir='ltr'><strong>quac</strong></span> <span class='ocrx_word' id='word_1_263' title='bbox 675 3360 822 3427; x_wconf 72' lang='lat' dir='ltr'><strong>operantes</strong></span> <span class='ocrx_word' id='word_1_264' title='bbox 841 3356 946 3410; x_wconf 91' lang='lat' dir='ltr'><strong>multas</strong></span> <span class='ocrx_word' id='word_1_265' title='bbox 960 3356 1090 3410; x_wconf 74' lang='lat' dir='ltr'><strong>victimas</strong></span> <span class='ocrx_word' id='word_1_266' title='bbox 1104 3357 1225 3411; x_wconf 85' lang='lat' dir='ltr'><strong>otlemnt</strong></span> <span class='ocrx_word' id='word_1_267' title='bbox 1238 3388 1271 3397; x_wconf 94' lang='lat'>-</span> <span class='ocrx_word' id='word_1_268' title='bbox 1287 3364 1328 3411; x_wconf 79' lang='lat'><strong>78.</strong></span> <span class='ocrx_word' id='word_1_269' title='bbox 1349 3358 1444 3425; x_wconf 80' lang='grc' dir='ltr'><em>ἔνθεν,</em></span> <span class='ocrx_word' id='word_1_270' title='bbox 1464 3360 1501 3415; x_wconf 86' lang='lat' dir='ltr'><strong>ab</strong></span> 
     </span>
     <span class='ocr_line' id='line_1_34' title="bbox 221 3428 1499 3500; baseline 0.004 -19"><span class='ocrx_word' id='word_1_271' title='bbox 221 3430 314 3483; x_wconf 89' lang='lat' dir='ltr'><strong>insula</strong></span> <span class='ocrx_word' id='word_1_272' title='bbox 335 3429 440 3487; x_wconf 77' lang='lat' dir='ltr'><strong>Thera:</strong></span> <span class='ocrx_word' id='word_1_273' title='bbox 460 3429 608 3483; x_wconf 83' lang='lat' dir='ltr'><strong>relativum</strong></span> <span class='ocrx_word' id='word_1_274' title='bbox 629 3429 816 3499; x_wconf 86' lang='lat' dir='ltr'><strong>postpositum</strong></span> <span class='ocrx_word' id='word_1_275' title='bbox 835 3431 878 3499; x_wconf 81' lang='lat' dir='ltr'><strong>est</strong></span> <span class='ocrx_word' id='word_1_276' title='bbox 898 3431 931 3481; x_wconf 92' lang='lat' dir='ltr'><strong>ut</strong></span> <span class='ocrx_word' id='word_1_277' title='bbox 949 3445 992 3482; x_wconf 84' lang='lat' dir='ltr'><strong>vv.</strong></span> <span class='ocrx_word' id='word_1_278' title='bbox 1012 3444 1045 3481; x_wconf 87' lang='lat' dir='ltr'><strong>ro.</strong></span> <span class='ocrx_word' id='word_1_279' title='bbox 1064 3444 1099 3481; x_wconf 78' lang='grc' dir='ltr'><strong>ιι.</strong></span> <span class='ocrx_word' id='word_1_280' title='bbox 1120 3446 1156 3496; x_wconf 75' lang='grc' dir='ltr'><strong>τις</strong></span> <span class='ocrx_word' id='word_1_281' title='bbox 1180 3428 1352 3497; x_wconf 86' lang='lat' dir='ltr'><strong>Mingarellii</strong></span> <span class='ocrx_word' id='word_1_282' title='bbox 1371 3430 1499 3500; x_wconf 84' lang='lat' dir='ltr'><strong>speciosa</strong></span> 
     </span>
     <span class='ocr_line' id='line_1_35' title="bbox 220 3498 1499 3570; baseline 0.002 -16"><span class='ocrx_word' id='word_1_283' title='bbox 220 3502 383 3554; x_wconf 84' lang='lat' dir='ltr'><strong>coniectura</strong></span> <span class='ocrx_word' id='word_1_284' title='bbox 408 3498 454 3570; x_wconf 78' lang='grc' dir='ltr'><strong>ἄγ’</strong></span> <span class='ocrx_word' id='word_1_285' title='bbox 477 3500 507 3553; x_wconf 78' lang='grc' dir='ltr'><em>έν</em></span> <span class='ocrx_word' id='word_1_286' title='bbox 530 3501 693 3554; x_wconf 83' lang='grc' dir='ltr'><em>πολύθυτον</em></span> <span class='ocrx_word' id='word_1_287' title='bbox 716 3500 832 3567; x_wconf 75' lang='grc' dir='ltr'><em>ἔρανον·</em></span> <span class='ocrx_word' id='word_1_288' title='bbox 858 3500 943 3553; x_wconf 75' lang='grc' dir='ltr'><em>ἔνθεν</em></span> <span class='ocrx_word' id='word_1_289' title='bbox 966 3498 1066 3552; x_wconf 87' lang='lat' dir='ltr'><strong>nit-itur</strong></span> <span class='ocrx_word' id='word_1_290' title='bbox 1084 3499 1181 3553; x_wconf 83' lang='lat' dir='ltr'><strong>fabula</strong></span> <span class='ocrx_word' id='word_1_291' title='bbox 1200 3517 1233 3553; x_wconf 86' lang='lat' dir='ltr'><strong>cx</strong></span> <span class='ocrx_word' id='word_1_292' title='bbox 1252 3500 1364 3569; x_wconf 82' lang='lat' dir='ltr'><strong>Ephoro</strong></span> <span class='ocrx_word' id='word_1_293' title='bbox 1383 3520 1401 3554; x_wconf 88' lang='lat' dir='ltr'><strong>a</strong></span> <span class='ocrx_word' id='word_1_294' title='bbox 1420 3503 1499 3558; x_wconf 78' lang='lat' dir='ltr'><strong>sclao-</strong></span> 
     </span>
     <span class='ocr_line' id='line_1_36' title="bbox 220 3570 1499 3641; baseline 0.003 -16"><span class='ocrx_word' id='word_1_295' title='bbox 220 3572 314 3626; x_wconf 88' lang='lat' dir='ltr'><strong>liastis</strong></span> <span class='ocrx_word' id='word_1_296' title='bbox 334 3574 466 3641; x_wconf 81' lang='lat' dir='ltr'><strong>excerpta</strong></span> <span class='ocrx_word' id='word_1_297' title='bbox 485 3572 519 3625; x_wconf 89' lang='lat' dir='ltr'><strong>de</strong></span> <span class='ocrx_word' id='word_1_298' title='bbox 535 3572 711 3625; x_wconf 79' lang='lat' dir='ltr'><strong>Aristodemo</strong></span> <span class='ocrx_word' id='word_1_299' title='bbox 732 3575 760 3625; x_wconf 90' lang='lat' dir='ltr'><strong>et</strong></span> <span class='ocrx_word' id='word_1_300' title='bbox 778 3570 960 3625; x_wconf 86' lang='lat' dir='ltr'><strong>Doriensibus</strong></span> <span class='ocrx_word' id='word_1_301' title='bbox 976 3570 1098 3641; x_wconf 81' lang='lat' dir='ltr'><strong>Aegidas</strong></span> <span class='ocrx_word' id='word_1_302' title='bbox 1117 3571 1265 3624; x_wconf 85' lang='lat' dir='ltr'><strong>Thebanos</strong></span> <span class='ocrx_word' id='word_1_303' title='bbox 1284 3588 1365 3626; x_wconf 82' lang='lat' dir='ltr'><strong>seem</strong></span> <span class='ocrx_word' id='word_1_304' title='bbox 1383 3573 1440 3627; x_wconf 87' lang='lat' dir='ltr'><strong>diis</strong></span> <span class='ocrx_word' id='word_1_305' title='bbox 1458 3574 1499 3629; x_wconf 76' lang='lat' dir='ltr'><strong>su-</strong></span> 
     </span>
     <span class='ocr_line' id='line_1_37' title="bbox 220 3641 1500 3712; baseline 0.002 -15"><span class='ocrx_word' id='word_1_306' title='bbox 220 3644 326 3697; x_wconf 87' lang='lat' dir='ltr'><strong>cicntes</strong></span> <span class='ocrx_word' id='word_1_307' title='bbox 351 3643 574 3705; x_wconf 77' lang='lat' dir='ltr'><strong>invenientibus,</strong></span> <span class='ocrx_word' id='word_1_308' title='bbox 598 3660 670 3712; x_wconf 88' lang='lat' dir='ltr'><strong>quae</strong></span> <span class='ocrx_word' id='word_1_309' title='bbox 689 3660 785 3697; x_wconf 82' lang='lat' dir='ltr'><strong>uereor</strong></span> <span class='ocrx_word' id='word_1_310' title='bbox 804 3646 835 3695; x_wconf 86' lang='lat' dir='ltr'><strong>ut-</strong></span> <span class='ocrx_word' id='word_1_311' title='bbox 853 3643 909 3695; x_wconf 87' lang='lat' dir='ltr'><strong>iam</strong></span> <span class='ocrx_word' id='word_1_312' title='bbox 929 3641 1050 3696; x_wconf 89' lang='lat' dir='ltr'><strong>Pindaro</strong></span> <span class='ocrx_word' id='word_1_313' title='bbox 1069 3642 1223 3696; x_wconf 87' lang='lat' dir='ltr'><strong>innotuerit</strong></span> <span class='ocrx_word' id='word_1_314' title='bbox 1241 3674 1275 3682; x_wconf 92' lang='lat'>—</span> <span class='ocrx_word' id='word_1_315' title='bbox 1294 3648 1337 3698; x_wconf 87' lang='lat'><strong>80.</strong></span> <span class='ocrx_word' id='word_1_316' title='bbox 1359 3641 1500 3709; x_wconf 86' lang='grc' dir='ltr'><em>Ἀπολλον,</em></span> 
     </span>
     <span class='ocr_line' id='line_1_38' title="bbox 218 3712 1498 3790; baseline 0.002 -21"><span class='ocrx_word' id='word_1_317' title='bbox 218 3720 278 3790; x_wconf 76' lang='grc' dir='ltr'><em>τεᾷ,</em></span> <span class='ocrx_word' id='word_1_318' title='bbox 298 3712 430 3781; x_wconf 84' lang='grc' dir='ltr'><em>Καρνήι’,</em></span> <span class='ocrx_word' id='word_1_319' title='bbox 453 3715 482 3768; x_wconf 78' lang='grc' dir='ltr'><em>έν</em></span> <span class='ocrx_word' id='word_1_320' title='bbox 502 3713 588 3768; x_wconf 78' lang='grc' dir='ltr'><em>δαιτί·</em></span> <span class='ocrx_word' id='word_1_321' title='bbox 609 3716 704 3768; x_wconf 91' lang='lat' dir='ltr'><strong>confer</strong></span> <span class='ocrx_word' id='word_1_322' title='bbox 723 3718 753 3768; x_wconf 81' lang='lat' dir='ltr'><strong>O.</strong></span> <span class='ocrx_word' id='word_1_323' title='bbox 771 3734 798 3766; x_wconf 84' lang='lat' dir='ltr'><strong>ru</strong></span> <span class='ocrx_word' id='word_1_324' title='bbox 820 3731 841 3768; x_wconf 83' lang='grc' dir='ltr'><strong>ιι</strong></span> <span class='ocrx_word' id='word_1_325' title='bbox 860 3712 1053 3783; x_wconf 75' lang='grc' dir='ltr'><em>Ἀρχεστράτου</em></span> <span class='ocrx_word' id='word_1_326' title='bbox 1071 3724 1132 3781; x_wconf 78' lang='grc' dir='ltr'><em>παλ,</em></span> <span class='ocrx_word' id='word_1_327' title='bbox 1151 3723 1223 3779; x_wconf 81' lang='grc' dir='ltr'><em>τεᾶς,</em></span> <span class='ocrx_word' id='word_1_328' title='bbox 1240 3712 1411 3784; x_wconf 72' lang='grc' dir='ltr'><em>Ἁγησίδαμε,</em></span> <span class='ocrx_word' id='word_1_329' title='bbox 1429 3737 1498 3789; x_wconf 83' lang='grc' dir='ltr'><em>πυγ-</em></span> 
     </span>
     <span class='ocr_line' id='line_1_39' title="bbox 219 3783 1498 3857; baseline 0.002 -18"><span class='ocrx_word' id='word_1_330' title='bbox 219 3784 322 3856; x_wconf 82' lang='grc' dir='ltr'><em>μαχίας</em></span> <span class='ocrx_word' id='word_1_331' title='bbox 337 3819 370 3825; x_wconf 85' lang='grc'><strong>-</strong></span> <span class='ocrx_word' id='word_1_332' title='bbox 387 3792 428 3839; x_wconf 81' lang='grc'><strong>81.</strong></span> <span class='ocrx_word' id='word_1_333' title='bbox 445 3783 601 3857; x_wconf 77' lang='grc' dir='ltr'><strong>σεβίζομεν1</strong></span> <span class='ocrx_word' id='word_1_334' title='bbox 622 3786 795 3840; x_wconf 70' lang='lat' dir='ltr'><strong>celebramus</strong></span> <span class='ocrx_word' id='word_1_335' title='bbox 810 3802 862 3855; x_wconf 82' lang='lat' dir='ltr'><strong>ego</strong></span> <span class='ocrx_word' id='word_1_336' title='bbox 878 3803 941 3838; x_wconf 90' lang='lat' dir='ltr'><strong>cum</strong></span> <span class='ocrx_word' id='word_1_337' title='bbox 956 3784 1096 3839; x_wconf 89' lang='lat' dir='ltr'><strong>choreutis</strong></span> <span class='ocrx_word' id='word_1_338' title='bbox 1112 3784 1268 3855; x_wconf 81' lang='lat' dir='ltr'><strong>Cyrenaeis,</strong></span> <span class='ocrx_word' id='word_1_339' title='bbox 1287 3804 1343 3839; x_wconf 91' lang='lat' dir='ltr'><strong>non</strong></span> <span class='ocrx_word' id='word_1_340' title='bbox 1362 3804 1416 3857; x_wconf 87' lang='lat' dir='ltr'><strong>ego</strong></span> <span class='ocrx_word' id='word_1_341' title='bbox 1434 3805 1498 3843; x_wconf 90' lang='lat' dir='ltr'><strong>cum</strong></span> 
     </span>
     <span class='ocr_line' id='line_1_40' title="bbox 219 3856 1498 3939; baseline 0.004 -30"><span class='ocrx_word' id='word_1_342' title='bbox 219 3858 287 3911; x_wconf 84' lang='lat' dir='ltr'><strong>meis</strong></span> <span class='ocrx_word' id='word_1_343' title='bbox 311 3856 497 3939; x_wconf 85' lang='lat' dir='ltr'><strong>popularibus</strong></span> <span class='ocrx_word' id='word_1_344' title='bbox 523 3857 677 3921; x_wconf 67' lang='lat' dir='ltr'><strong>Theba-nim</strong></span> <span class='ocrx_word' id='word_1_345' title='bbox 701 3857 832 3911; x_wconf 89' lang='lat' dir='ltr'><strong>nimimm</strong></span> <span class='ocrx_word' id='word_1_346' title='bbox 856 3857 993 3910; x_wconf 83' lang='lat' dir='ltr'><strong>l&#39;indams</strong></span> <span class='ocrx_word' id='word_1_347' title='bbox 1019 3856 1079 3927; x_wconf 88' lang='lat' dir='ltr'><strong>ipse</strong></span> <span class='ocrx_word' id='word_1_348' title='bbox 1106 3858 1142 3910; x_wconf 91' lang='lat' dir='ltr'><strong>ad</strong></span> <span class='ocrx_word' id='word_1_349' title='bbox 1169 3856 1394 3912; x_wconf 89' lang='lat' dir='ltr'><strong>comissationem</strong></span> <span class='ocrx_word' id='word_1_350' title='bbox 1419 3860 1498 3914; x_wconf 81' lang='lat' dir='ltr'><strong>feriis</strong></span> 
     </span>
     <span class='ocr_line' id='line_1_41' title="bbox 219 3928 1043 3997; baseline 0.001 -15"><span class='ocrx_word' id='word_1_351' title='bbox 219 3929 334 3983; x_wconf 83' lang='lat' dir='ltr'><strong>Camers</strong></span> <span class='ocrx_word' id='word_1_352' title='bbox 354 3929 513 3982; x_wconf 86' lang='lat' dir='ltr'><strong>faciendam</strong></span> <span class='ocrx_word' id='word_1_353' title='bbox 532 3929 635 3983; x_wconf 83' lang='lat' dir='ltr'><strong>Thebis</strong></span> <span class='ocrx_word' id='word_1_354' title='bbox 655 3928 777 3997; x_wconf 83' lang='lat' dir='ltr'><strong>Cyrenas</strong></span> <span class='ocrx_word' id='word_1_355' title='bbox 797 3928 905 3983; x_wconf 81' lang='lat' dir='ltr'><strong>vonisse</strong></span> <span class='ocrx_word' id='word_1_356' title='bbox 923 3928 1043 3983; x_wconf 83' lang='lat' dir='ltr'><strong>videtur.</strong></span> 
     </span>
    </p>

    <p class='ocr_par' dir='ltr' id='par_1_5' title="bbox 216 3999 1498 4927">
     <span class='ocr_line' id='line_1_42' title="bbox 290 3999 1498 4072; baseline 0 -17"><span class='ocrx_word' id='word_1_357' title='bbox 290 4006 323 4055; x_wconf 70' lang='lat'><strong>8⁸2</strong></span> <span class='ocrx_word' id='word_1_358' title='bbox 343 4020 378 4054; x_wconf 87' lang='lat' dir='ltr'><strong>ss.</strong></span> <span class='ocrx_word' id='word_1_359' title='bbox 403 3999 506 4053; x_wconf 81' lang='lat' dir='ltr'><strong>transit</strong></span> <span class='ocrx_word' id='word_1_360' title='bbox 529 4000 565 4052; x_wconf 88' lang='lat' dir='ltr'><strong>ad</strong></span> <span class='ocrx_word' id='word_1_361' title='bbox 589 4003 696 4053; x_wconf 86' lang='lat' dir='ltr'><strong>veteres</strong></span> <span class='ocrx_word' id='word_1_362' title='bbox 719 4001 818 4054; x_wconf 87' lang='lat' dir='ltr'><strong>heroas</strong></span> <span class='ocrx_word' id='word_1_363' title='bbox 842 4000 932 4069; x_wconf 86' lang='lat' dir='ltr'><strong>urbis,</strong></span> <span class='ocrx_word' id='word_1_364' title='bbox 953 4000 1140 4054; x_wconf 77' lang='lat' dir='ltr'><strong>Antenoridas</strong></span> <span class='ocrx_word' id='word_1_365' title='bbox 1159 4000 1318 4068; x_wconf 79' lang='lat' dir='ltr'><strong>Dardanos,</strong></span> <span class='ocrx_word' id='word_1_366' title='bbox 1343 4000 1393 4069; x_wconf 80' lang='lat' dir='ltr'><strong>qui</strong></span> <span class='ocrx_word' id='word_1_367' title='bbox 1412 4001 1498 4072; x_wconf 89' lang='lat' dir='ltr'><strong>primi</strong></span> 
     </span>
     <span class='ocr_line' id='line_1_43' title="bbox 218 4071 1497 4141; baseline 0.002 -16"><span class='ocrx_word' id='word_1_368' title='bbox 218 4072 303 4126; x_wconf 83' lang='lat' dir='ltr'><strong>Troia</strong></span> <span class='ocrx_word' id='word_1_369' title='bbox 319 4072 349 4125; x_wconf 92' lang='lat' dir='ltr'><strong>in</strong></span> <span class='ocrx_word' id='word_1_370' title='bbox 367 4072 486 4140; x_wconf 69' lang='lat' dir='ltr'><strong>Libyam</strong></span> <span class='ocrx_word' id='word_1_371' title='bbox 506 4073 649 4138; x_wconf 77' lang='lat' dir='ltr'><strong>venerant,</strong></span> <span class='ocrx_word' id='word_1_372' title='bbox 668 4076 697 4125; x_wconf 87' lang='lat' dir='ltr'><strong>et</strong></span> <span class='ocrx_word' id='word_1_373' title='bbox 716 4072 865 4125; x_wconf 84' lang='lat' dir='ltr'><strong>Battiadas</strong></span> <span class='ocrx_word' id='word_1_374' title='bbox 883 4071 1003 4139; x_wconf 80' lang='lat' dir='ltr'><strong>Minyas,</strong></span> <span class='ocrx_word' id='word_1_375' title='bbox 1023 4071 1071 4139; x_wconf 87' lang='lat' dir='ltr'><strong>qui</strong></span> <span class='ocrx_word' id='word_1_376' title='bbox 1091 4071 1236 4139; x_wconf 86' lang='lat' dir='ltr'><strong>aliquanto</strong></span> <span class='ocrx_word' id='word_1_377' title='bbox 1256 4075 1321 4141; x_wconf 84' lang='lat' dir='ltr'><strong>post</strong></span> <span class='ocrx_word' id='word_1_378' title='bbox 1339 4072 1432 4127; x_wconf 73' lang='lat' dir='ltr'><strong>&#39;l‘hera</strong></span> <span class='ocrx_word' id='word_1_379' title='bbox 1450 4090 1497 4128; x_wconf 83' lang='lat' dir='ltr'><strong>ac·</strong></span> 
     </span>
     <span class='ocr_line' id='line_1_44' title="bbox 218 4141 1497 4213; baseline 0.003 -17"><span class='ocrx_word' id='word_1_380' title='bbox 218 4147 373 4211; x_wconf 85' lang='lat' dir='ltr'><strong>cessemut;</strong></span> <span class='ocrx_word' id='word_1_381' title='bbox 397 4143 432 4195; x_wconf 89' lang='lat' dir='ltr'><strong>dc</strong></span> <span class='ocrx_word' id='word_1_382' title='bbox 455 4141 554 4196; x_wconf 85' lang='lat' dir='ltr'><strong>fabula</strong></span> <span class='ocrx_word' id='word_1_383' title='bbox 573 4143 808 4197; x_wconf 88' lang='lat' dir='ltr'><strong>Antenoridarum</strong></span> <span class='ocrx_word' id='word_1_384' title='bbox 831 4160 894 4197; x_wconf 88' lang='lat' dir='ltr'><strong>eum</strong></span> <span class='ocrx_word' id='word_1_385' title='bbox 912 4143 1020 4196; x_wconf 88' lang='lat' dir='ltr'><strong>Helena</strong></span> <span class='ocrx_word' id='word_1_386' title='bbox 1040 4142 1067 4195; x_wconf 91' lang='lat' dir='ltr'><strong>in</strong></span> <span class='ocrx_word' id='word_1_387' title='bbox 1086 4142 1203 4211; x_wconf 81' lang='lat' dir='ltr'><strong>Libyam</strong></span> <span class='ocrx_word' id='word_1_388' title='bbox 1223 4144 1412 4213; x_wconf 83' lang='lat' dir='ltr'><strong>profectorum</strong></span> <span class='ocrx_word' id='word_1_389' title='bbox 1431 4162 1497 4200; x_wconf 84' lang='lat' dir='ltr'><strong>eon-</strong></span> 
     </span>
     <span class='ocr_line' id='line_1_45' title="bbox 218 4211 1498 4304; baseline 0.004 -36"><span class='ocrx_word' id='word_1_390' title='bbox 218 4216 289 4270; x_wconf 79' lang='lat' dir='ltr'><strong>serru</strong></span> <span class='ocrx_word' id='word_1_391' title='bbox 312 4215 393 4268; x_wconf 81' lang='lat' dir='ltr'><strong>iurat</strong></span> <span class='ocrx_word' id='word_1_392' title='bbox 417 4214 516 4269; x_wconf 81' lang='lat' dir='ltr'><strong>schol:</strong></span> <span class='ocrx_word' id='word_1_393' title='bbox 539 4215 602 4281; x_wconf 77' lang='grc' dir='ltr'><em>περὶ</em></span> <span class='ocrx_word' id='word_1_394' title='bbox 626 4223 675 4284; x_wconf 81' lang='grc' dir='ltr'><strong>τῆς</strong></span> <span class='ocrx_word' id='word_1_395' title='bbox 697 4216 735 4277; x_wconf 76' lang='grc' dir='ltr'><strong>εἰς</strong></span> <span class='ocrx_word' id='word_1_396' title='bbox 754 4214 887 4304; x_wconf 81' lang='grc' dir='ltr'><em>Κυρήνην</em></span> <span class='ocrx_word' id='word_1_397' title='bbox 907 4211 1028 4282; x_wconf 77' lang='grc' dir='ltr'><em>ἀφίξεως</em></span> <span class='ocrx_word' id='word_1_398' title='bbox 1047 4223 1102 4267; x_wconf 85' lang='grc' dir='ltr'><strong>τῶν</strong></span> <span class='ocrx_word' id='word_1_399' title='bbox 1118 4212 1316 4283; x_wconf 78' lang='grc' dir='ltr'><em>Ἀντηνοριδῶν</em></span> <span class='ocrx_word' id='word_1_400' title='bbox 1334 4214 1498 4287; x_wconf 73' lang='grc' dir='ltr'><em>Λυσίμαχος</em></span> 
     </span>
     <span class='ocr_line' id='line_1_46' title="bbox 218 4283 1497 4361; baseline 0.002 -20"><span class='ocrx_word' id='word_1_401' title='bbox 218 4287 248 4341; x_wconf 77' lang='grc' dir='ltr'><em>ἐν</em></span> <span class='ocrx_word' id='word_1_402' title='bbox 267 4288 365 4359; x_wconf 84' lang='grc' dir='ltr'><em>πρώτῳ</em></span> <span class='ocrx_word' id='word_1_403' title='bbox 384 4295 439 4339; x_wconf 84' lang='grc' dir='ltr'><strong>τὼν</strong></span> <span class='ocrx_word' id='word_1_404' title='bbox 458 4283 563 4338; x_wconf 87' lang='grc' dir='ltr'><em>νόστων</em></span> <span class='ocrx_word' id='word_1_405' title='bbox 583 4285 692 4353; x_wconf 84' lang='grc' dir='ltr'><em>ἱστορεῖ,</em></span> <span class='ocrx_word' id='word_1_406' title='bbox 711 4284 779 4355; x_wconf 91' lang='grc' dir='ltr'><em>παρ’</em></span> <span class='ocrx_word' id='word_1_407' title='bbox 802 4291 910 4356; x_wconf 83' lang='grc' dir='ltr'><em>Αμνακι</em></span> <span class='ocrx_word' id='word_1_408' title='bbox 934 4287 1043 4357; x_wconf 84' lang='grc' dir='ltr'><em>βασιλεῖ</em></span> <span class='ocrx_word' id='word_1_409' title='bbox 1059 4286 1161 4348; x_wconf 74' lang='grc' dir='ltr'><em>αύτούς</em></span> <span class='ocrx_word' id='word_1_410' title='bbox 1179 4283 1320 4358; x_wconf 81' lang='grc' dir='ltr'><em>ᾠκηκέναι</em></span> <span class='ocrx_word' id='word_1_411' title='bbox 1339 4288 1376 4357; x_wconf 79' lang='grc' dir='ltr'><strong>μή</strong></span> <span class='ocrx_word' id='word_1_412' title='bbox 1395 4289 1497 4361; x_wconf 81' lang='grc' dir='ltr'><em>βουλο-</em></span> 
     </span>
     <span class='ocr_line' id='line_1_47' title="bbox 216 4354 1498 4429; baseline 0.003 -17"><span class='ocrx_word' id='word_1_413' title='bbox 216 4358 317 4428; x_wconf 87' lang='grc' dir='ltr'><em>μένους</em></span> <span class='ocrx_word' id='word_1_414' title='bbox 336 4366 476 4411; x_wconf 79' lang='grc' dir='ltr'><em>συνοικεῖν</em></span> <span class='ocrx_word' id='word_1_415' title='bbox 494 4365 552 4420; x_wconf 82' lang='grc' dir='ltr'><em>τοῖς</em></span> <span class='ocrx_word' id='word_1_416' title='bbox 570 4357 602 4410; x_wconf 87' lang='grc' dir='ltr'><strong>τὸ</strong></span> <span class='ocrx_word' id='word_1_417' title='bbox 615 4355 701 4413; x_wconf 79' lang='grc' dir='ltr'><em>Ἴλιον</em></span> <span class='ocrx_word' id='word_1_418' title='bbox 719 4354 929 4425; x_wconf 79' lang='grc' dir='ltr'><em>πεπορθηκότι,</em></span> <span class='ocrx_word' id='word_1_419' title='bbox 947 4358 995 4409; x_wconf 79' lang='grc' dir='ltr'><strong>καὶ</strong></span> <span class='ocrx_word' id='word_1_420' title='bbox 1014 4354 1056 4409; x_wconf 83' lang='grc' dir='ltr'><strong>ὅτι</strong></span> <span class='ocrx_word' id='word_1_421' title='bbox 1076 4356 1164 4411; x_wconf 75' lang='grc' dir='ltr'><em>ἔκτισε</em></span> <span class='ocrx_word' id='word_1_422' title='bbox 1183 4356 1251 4427; x_wconf 86' lang='grc' dir='ltr'><em>μεθ’</em></span> <span class='ocrx_word' id='word_1_423' title='bbox 1273 4357 1373 4413; x_wconf 82' lang='grc' dir='ltr'><em>ἱκανὸν</em></span> <span class='ocrx_word' id='word_1_424' title='bbox 1391 4360 1498 4429; x_wconf 79' lang='grc' dir='ltr'><em>χρόνον</em></span> 
     </span>
     <span class='ocr_line' id='line_1_48' title="bbox 216 4425 1497 4501; baseline 0 -18"><span class='ocrx_word' id='word_1_425' title='bbox 216 4430 266 4484; x_wconf 86' lang='grc' dir='ltr'><strong>τὸν</strong></span> <span class='ocrx_word' id='word_1_426' title='bbox 289 4430 392 4499; x_wconf 82' lang='grc' dir='ltr'><em>μεταξὺ</em></span> <span class='ocrx_word' id='word_1_427' title='bbox 415 4428 546 4496; x_wconf 79' lang='grc' dir='ltr'><em>Κυρήνης</em></span> <span class='ocrx_word' id='word_1_428' title='bbox 568 4430 614 4482; x_wconf 80' lang='grc' dir='ltr'><em>καὶ</em></span> <span class='ocrx_word' id='word_1_429' title='bbox 641 4438 688 4497; x_wconf 85' lang='grc' dir='ltr'><strong>της</strong></span> <span class='ocrx_word' id='word_1_430' title='bbox 711 4429 855 4498; x_wconf 86' lang='grc' dir='ltr'><em>θαλάσσης</em></span> <span class='ocrx_word' id='word_1_431' title='bbox 877 4426 1008 4498; x_wconf 76' lang='grc' dir='ltr'><em>κείμενον</em></span> <span class='ocrx_word' id='word_1_432' title='bbox 1026 4425 1115 4497; x_wconf 83' lang='grc' dir='ltr'><em>λόφον</em></span> <span class='ocrx_word' id='word_1_433' title='bbox 1131 4426 1330 4497; x_wconf 71' lang='grc' dir='ltr'><em>Ἀντηνοριδῶν</em></span> <span class='ocrx_word' id='word_1_434' title='bbox 1350 4430 1497 4501; x_wconf 70' lang='grc' dir='ltr'><em>ἐπικεκλη-</em></span> 
     </span>
     <span class='ocr_line' id='line_1_49' title="bbox 217 4499 1497 4570; baseline 0.002 -15"><span class='ocrx_word' id='word_1_435' title='bbox 217 4500 311 4570; x_wconf 86' lang='grc' dir='ltr'><em>μένον.</em></span> <span class='ocrx_word' id='word_1_436' title='bbox 349 4500 414 4554; x_wconf 84' lang='lat' dir='ltr'><strong>Fuit</strong></span> <span class='ocrx_word' id='word_1_437' title='bbox 433 4503 528 4553; x_wconf 89' lang='lat' dir='ltr'><strong>autem</strong></span> <span class='ocrx_word' id='word_1_438' title='bbox 546 4517 617 4553; x_wconf 89' lang='lat' dir='ltr'><strong>unus</strong></span> <span class='ocrx_word' id='word_1_439' title='bbox 637 4500 671 4554; x_wconf 90' lang='lat' dir='ltr'><strong>de</strong></span> <span class='ocrx_word' id='word_1_440' title='bbox 691 4501 803 4570; x_wconf 79' lang='lat' dir='ltr'><strong>cyclicis</strong></span> <span class='ocrx_word' id='word_1_441' title='bbox 822 4500 914 4570; x_wconf 87' lang='lat' dir='ltr'><strong>poetis</strong></span> <span class='ocrx_word' id='word_1_442' title='bbox 933 4499 1104 4568; x_wconf 83' lang='lat' dir='ltr'><strong>Eugammus</strong></span> <span class='ocrx_word' id='word_1_443' title='bbox 1125 4502 1296 4569; x_wconf 69' lang='lat' dir='ltr'><strong>Cyrenaeus,</strong></span> <span class='ocrx_word' id='word_1_444' title='bbox 1316 4502 1395 4556; x_wconf 81' lang='lat' dir='ltr'><strong>errius</strong></span> <span class='ocrx_word' id='word_1_445' title='bbox 1414 4502 1497 4557; x_wconf 79' lang='lat' dir='ltr'><strong>&#39;l&#39;ele-</strong></span> 
     </span>
     <span class='ocr_line' id='line_1_50' title="bbox 216 4569 1496 4643; baseline 0 -17"><span class='ocrx_word' id='word_1_446' title='bbox 216 4573 330 4639; x_wconf 78' lang='lat' dir='ltr'><strong>goniam</strong></span> <span class='ocrx_word' id='word_1_447' title='bbox 349 4570 464 4625; x_wconf 80' lang='lat' dir='ltr'><strong>Proetus</strong></span> <span class='ocrx_word' id='word_1_448' title='bbox 483 4570 512 4623; x_wconf 91' lang='lat' dir='ltr'><strong>in</strong></span> <span class='ocrx_word' id='word_1_449' title='bbox 531 4588 582 4624; x_wconf 88' lang='lat' dir='ltr'><strong>sua</strong></span> <span class='ocrx_word' id='word_1_450' title='bbox 601 4570 820 4626; x_wconf 88' lang='lat' dir='ltr'><strong>chrestomathiu</strong></span> <span class='ocrx_word' id='word_1_451' title='bbox 839 4569 977 4640; x_wconf 85' lang='lat' dir='ltr'><strong>excerpsit</strong></span> <span class='ocrx_word' id='word_1_452' title='bbox 1000 4602 1034 4609; x_wconf 89' lang='lat'><strong>--</strong></span> <span class='ocrx_word' id='word_1_453' title='bbox 1058 4576 1100 4624; x_wconf 78' lang='lat'><strong>85.</strong></span> <span class='ocrx_word' id='word_1_454' title='bbox 1124 4573 1156 4625; x_wconf 91' lang='grc' dir='ltr'><strong>τὸ</strong></span> <span class='ocrx_word' id='word_1_455' title='bbox 1175 4570 1204 4625; x_wconf 85' lang='grc' dir='ltr'><strong>δ’</strong></span> <span class='ocrx_word' id='word_1_456' title='bbox 1226 4572 1380 4627; x_wconf 75' lang='grc' dir='ltr'><em>ἐλάσιππον</em></span> <span class='ocrx_word' id='word_1_457' title='bbox 1399 4572 1496 4643; x_wconf 77' lang='grc' dir='ltr'><em>ἔθνος,</em></span> 
     </span>
     <span class='ocr_line' id='line_1_51' title="bbox 218 4640 1497 4712; baseline 0.002 -15"><span class='ocrx_word' id='word_1_458' title='bbox 218 4642 353 4712; x_wconf 71' lang='lat' dir='ltr'><strong>Cyrenaei</strong></span> <span class='ocrx_word' id='word_1_459' title='bbox 363 4644 447 4709; x_wconf 85' lang='lat' dir='ltr'><strong>cives,</strong></span> <span class='ocrx_word' id='word_1_460' title='bbox 457 4643 505 4709; x_wconf 83' lang='lat' dir='ltr'><strong>qui</strong></span> <span class='ocrx_word' id='word_1_461' title='bbox 516 4643 664 4695; x_wconf 87' lang='lat' dir='ltr'><strong>etiamtum</strong></span> <span class='ocrx_word' id='word_1_462' title='bbox 674 4643 861 4698; x_wconf 83' lang='lat' dir='ltr'><strong>Antenoridas</strong></span> <span class='ocrx_word' id='word_1_463' title='bbox 870 4645 994 4696; x_wconf 89' lang='lat' dir='ltr'><strong>mortuos</strong></span> <span class='ocrx_word' id='word_1_464' title='bbox 1005 4640 1187 4710; x_wconf 80' lang='grc' dir='ltr'><em>ιὀἰχνέοντας·</em></span> <span class='ocrx_word' id='word_1_465' title='bbox 1203 4642 1379 4712; x_wconf 85' lang='grc' dir='ltr'><em>τεθνηκότας</em></span> <span class='ocrx_word' id='word_1_466' title='bbox 1393 4644 1497 4711; x_wconf 83' lang='lat' dir='ltr'><strong>schol.)</strong></span> 
     </span>
     <span class='ocr_line' id='line_1_52' title="bbox 217 4712 1496 4786; baseline 0.003 -19"><span class='ocrx_word' id='word_1_467' title='bbox 217 4715 361 4769; x_wconf 73' lang='lat' dir='ltr'><strong>siseriticiis</strong></span> <span class='ocrx_word' id='word_1_468' title='bbox 376 4718 426 4767; x_wconf 89' lang='lat' dir='ltr'><strong>aut</strong></span> <span class='ocrx_word' id='word_1_469' title='bbox 440 4714 622 4767; x_wconf 85' lang='lat' dir='ltr'><strong>mlveuicntes</strong></span> <span class='ocrx_word' id='word_1_470' title='bbox 640 4715 802 4782; x_wconf 75' lang='lat' dir='ltr'><strong>symbolicis</strong></span> <span class='ocrx_word' id='word_1_471' title='bbox 817 4712 976 4767; x_wconf 80' lang='lat' dir='ltr'><strong>cerimoniis</strong></span> <span class='ocrx_word' id='word_1_472' title='bbox 991 4713 1065 4766; x_wconf 90' lang='lat' dir='ltr'><strong>inter</strong></span> <span class='ocrx_word' id='word_1_473' title='bbox 1079 4715 1216 4768; x_wconf 82' lang='lat' dir='ltr'><strong>sacrificia</strong></span> <span class='ocrx_word' id='word_1_474' title='bbox 1231 4715 1384 4785; x_wconf 81' lang='lat' dir='ltr'><strong>diligenter</strong></span> <span class='ocrx_word' id='word_1_475' title='bbox 1397 4717 1496 4786; x_wconf 81' lang='lat' dir='ltr'><strong>placa-</strong></span> 
     </span>
     <span class='ocr_line' id='line_1_53' title="bbox 219 4784 1496 4856; baseline 0.005 -21"><span class='ocrx_word' id='word_1_476' title='bbox 219 4786 299 4853; x_wconf 77' lang='lat' dir='ltr'><strong>bant3</strong></span> <span class='ocrx_word' id='word_1_477' title='bbox 314 4804 364 4856; x_wconf 89' lang='lat' dir='ltr'><strong>per</strong></span> <span class='ocrx_word' id='word_1_478' title='bbox 374 4785 486 4854; x_wconf 73' lang='lat' dir='ltr'><strong>synesin</strong></span> <span class='ocrx_word' id='word_1_479' title='bbox 498 4785 571 4839; x_wconf 88' lang='lat' dir='ltr'><strong>enim</strong></span> <span class='ocrx_word' id='word_1_480' title='bbox 582 4784 699 4853; x_wconf 88' lang='lat' dir='ltr'><strong>pluralis</strong></span> <span class='ocrx_word' id='word_1_481' title='bbox 710 4786 786 4839; x_wconf 82' lang='lat' dir='ltr'><strong>verbi</strong></span> <span class='ocrx_word' id='word_1_482' title='bbox 798 4802 859 4839; x_wconf 87' lang='lat' dir='ltr'><strong>eum</strong></span> <span class='ocrx_word' id='word_1_483' title='bbox 875 4784 1009 4853; x_wconf 82' lang='lat' dir='ltr'><strong>singulari</strong></span> <span class='ocrx_word' id='word_1_484' title='bbox 1026 4786 1146 4838; x_wconf 87' lang='lat' dir='ltr'><strong>nominis</strong></span> <span class='ocrx_word' id='word_1_485' title='bbox 1160 4786 1325 4839; x_wconf 85' lang='lat' dir='ltr'><strong>coniunctus</strong></span> <span class='ocrx_word' id='word_1_486' title='bbox 1340 4791 1391 4855; x_wconf 83' lang='lat' dir='ltr'><strong>est,</strong></span> <span class='ocrx_word' id='word_1_487' title='bbox 1402 4804 1496 4856; x_wconf 87' lang='lat' dir='ltr'><strong>neque</strong></span> 
     </span>
     <span class='ocr_line' id='line_1_54' title="bbox 218 4856 1496 4927; baseline 0.002 -16"><span class='ocrx_word' id='word_1_488' title='bbox 218 4856 362 4911; x_wconf 77' lang='lat' dir='ltr'><strong>Disaenius</strong></span> <span class='ocrx_word' id='word_1_489' title='bbox 373 4858 543 4927; x_wconf 86' lang='lat' dir='ltr'><strong>probandus,</strong></span> <span class='ocrx_word' id='word_1_490' title='bbox 553 4857 600 4925; x_wconf 82' lang='lat' dir='ltr'><strong>qui</strong></span> <span class='ocrx_word' id='word_1_491' title='bbox 617 4874 679 4909; x_wconf 80' lang='lat' dir='ltr'><strong>snm</strong></span> <span class='ocrx_word' id='word_1_492' title='bbox 693 4858 822 4911; x_wconf 78' lang='grc' dir='ltr'><em>δέκονται</em></span> <span class='ocrx_word' id='word_1_493' title='bbox 838 4874 970 4926; x_wconf 83' lang='lat' dir='ltr'><strong>pmosens</strong></span> <span class='ocrx_word' id='word_1_494' title='bbox 985 4856 1147 4910; x_wconf 88' lang='lat' dir='ltr'><strong>historicum</strong></span> <span class='ocrx_word' id='word_1_495' title='bbox 1163 4874 1223 4911; x_wconf 88' lang='lat' dir='ltr'><strong>csse</strong></span> <span class='ocrx_word' id='word_1_496' title='bbox 1238 4857 1359 4925; x_wconf 77' lang='lat' dir='ltr'><strong>dureret,</strong></span> <span class='ocrx_word' id='word_1_497' title='bbox 1371 4859 1496 4915; x_wconf 86' lang='lat' dir='ltr'><strong>otiosum</strong></span> 
     </span>
    </p>
   </div>
   <div class='ocr_carea' id='block_1_5' title="bbox 0 0 1726 5550">
    <p class='ocr_par' dir='ltr' id='par_1_6' title="bbox 0 0 1726 5550">
     <span class='ocr_line' id='line_1_55' title="bbox 0 0 1726 5550; baseline 0 2"><span class='ocrx_word' id='word_1_498' title='bbox 0 0 1726 5550; x_wconf 95' lang='lat' dir='ltr'><strong> </strong></span> 
     </span>
    </p>
   </div>
  </div>
 </body>
</html>
