3442 5550
774 389 922 441 PINDARI
939 387 1107 439 EPINICIA.

467 550 484 615 δ
509 549 538 615 δ’
567 548 617 634 ἄρ’
645 549 682 615 έν
705 553 797 637 Πίσᾳ
820 552 931 625 έλσαις
955 550 1033 614 όλον
1057 570 1091 613 τε
1114 547 1257 632 στρατὸν
1303 549 1384 630 Στρ.
1408 544 1452 628 γ’.

465 660 563 721 λαίαν
585 680 619 722 τε
643 666 752 721 πᾶσαν
775 657 859 732 Διὸς
882 657 1018 739 άλκιμος

384 781 419 829 45
464 765 538 840 υίὸς
562 771 733 849 σταθμᾶτο
758 764 876 842 ζάθεον
900 764 999 839 άλσος

519 869 619 956 πατρὶ
642 860 794 958 μεγίστῳ.
839 867 914 955 περὶ
938 865 975 933 δέ
997 869 1058 933 πά-

519 977 589 1055 ξαις
602 976 718 1043 ’Ἀλτιν
741 973 801 1061 μέν
825 974 873 1058 ὅγ’
902 975 939 1041 έν
962 982 1100 1063 καθαρῷ

467 1083 628 1169 διέκρινε,
651 1086 688 1149 τὸ
713 1081 749 1149 δὲ
772 1085 882 1171 κύκλῳ
906 1082 1009 1148 πέδον

465 1195 566 1275 ἔθηκε
589 1193 717 1277 δόρπου
741 1191 853 1273 λύσιν,

465 1300 617 1382 τιμάσαις
639 1302 745 1384 πόρον
766 1295 907 1381 Ἀλφεοῦ

465 1514 545 1597 μετά
569 1509 687 1576 δώδεκ’
712 1511 865 1576 ἀνάκτων
888 1517 992 1575 θεῶν·
1015 1506 1070 1573 καὶ
1092 1509 1201 1591 πάγον
1276 1505 1360 1574 Ἀντ
1383 1505 1427 1591 γ’.

387 1636 421 1682 σο
467 1621 602 1702 Κρόνου
625 1617 909 1702 προσεφθέγξατο·
932 1618 1061 1702 πρόσθε
1083 1615 1146 1700 γάρ
1464 1632 1499 1679 60

467 1727 656 1810 νώνυμνος,
681 1720 719 1801 ἇς
744 1728 910 1810 Οἰνόμαος
933 1719 1026 1810 ἆρχε,

521 1831 655 1918 βρέχετο
678 1837 784 1919 πολλᾷ
807 1832 934 1916 νιφάδι.
957 1832 1035 1895 ταύ-

520 1963 560 2027 τρι
584 1937 615 2003 δ’
642 1938 678 2004 ἐν
701 1941 901 2026 πρωτογόνῳ
925 1943 1037 2025 τελετᾷ

468 2045 635 2132 παρέσταν
658 2043 720 2130 μὲν
742 2046 806 2131 άρα
828 2051 959 2131 Μοῖραι
982 2046 1101 2129 σχεδὸν

466 2152 484 2216 ὅ
508 2150 536 2215 τ’
564 2149 741 2234 ἐξελέγχων
763 2153 865 2235 μόνος

467 2258 629 2324 ἀλάθειαν
652 2257 815 2340 ἐτήτυμον

388 2489 422 2537 55
468 2474 604 2557 Χρόνος.
650 2471 686 2536 τὸ
711 2467 748 2535 δέ
771 2467 918 2555 σαφανὲς
944 2471 1005 2536 ἰὼν
1291 2470 1359 2546 Ἐπ.
1382 2471 1427 2555 γ’.

520 2580 633 2663 πόρσω
657 2575 878 2662 κατέφρασεν,

468 2686 532 2750 ὅπα
554 2685 616 2749 τάν
638 2681 795 2768 πολέμοιο
819 2685 915 2749 δόσιν

385 2832 406 2836 -
413 2830 523 2837 -—-—-

380 2920 421 2970 43,
443 2911 505 2982 ἄρ’;
526 2910 563 2967 διν
577 2914 604 2967 A
624 2944 658 2953 -
676 2909 762 2966 πίσσα
783 2912 857 2966 0-
876 2909 960 2974 ἐάσας
973 2913 1001 2967 Δ
1019 2942 1053 2951 -
1073 2932 1101 2966 τε
1121 2929 1174 2966 om.
1191 2913 1265 2967 0-
1283 2917 1326 2968 45.
1341 2906 1413 2967 Ἆλιν
1426 2929 1452 2968 v.
1467 2912 1485 2967 l.
1501 2912 1589 2969 schol.

309 3017 342 3026 -
367 2990 410 3039 46.
433 2983 522 3039 πέδον
546 2984 633 3053 ἔθηκε
657 2983 753 3039 Trici:
780 2982 906 3037 δάπεδον
929 2987 1002 3052 θῆκε
1026 2984 1149 3039 ΑΒΟΙ)
1171 3015 1207 3024 -
1230 2989 1272 3038 48.
1296 2983 1436 3054 τιμάσαιςε
1460 2984 1591 3054 ἀγάλλων

309 3056 380 3111 coni.
404 3057 560 3123 Hermann,
586 3055 620 3110 cf.
640 3074 665 3111 v.
685 3072 711 3110 so
734 3086 769 3095 —
792 3060 834 3110 49.
862 3056 972 3108 δώδεκα
996 3052 1023 3108 δ’
1045 3056 1076 3110 D
1098 3086 1131 3094 —
1157 3054 1300 3110 deducus:
1326 3054 1482 3110 ἀθανάτων
1507 3057 1531 3112 0
1553 3087 1590 3096 -

309 3135 351 3182 bl.
371 3129 516 3198 νώνυμνος
530 3129 614 3198 Epa:
632 3128 759 3196 νώνυμος
774 3126 837 3194 01),
856 3127 985 3195 νώνυμον
1000 3127 1060 3180 ΑΒ
1077 3157 1112 3165 -
1130 3130 1242 3210 τελευτᾷ
1260 3128 1283 3182 0
1298 3129 1328 3181 et
1345 3127 1449 3182 lemma
1467 3126 1498 3181 in
1512 3129 1540 3182 A
1555 3160 1589 3169 -

309 3204 351 3253 55.
370 3198 411 3254 τί
432 3197 460 3253 δ’
481 3202 510 3253 et
528 3198 630 3252 deinde
648 3196 748 3269 χρόνος
765 3195 829 3251 τόδε
845 3197 915 3251 coni.
930 3197 1061 3266 Hartung
1075 3199 1104 3252 et
1117 3197 1250 3267 probavit
1268 3197 1351 3268 Leop.
1367 3197 1502 3268 Schmidt,
1520 3199 1587 3255 Leb.

308 3270 389 3394 {ind
408 3289 435 3339 p.
450 3286 489 3325 roo
508 3301 541 3310 -
567 3276 609 3323 55.
636 3273 667 3324 τὸ
693 3266 720 3323 δ’
743 3268 774 3323 to
792 3267 902 3338 ἀφανὲς
923 3268 978 3323 OD
997 3301 1026 3308 —
1049 3275 1091 3323 56.
1110 3266 1243 3339 πολέμοιο
1261 3285 1295 3324 ex
1314 3287 1383 3325 corr.
1403 3273 1438 3340 A,
1457 3267 1590 3341 πολέμιος

341 3347 390 3397 00?
413 3372 448 3381 ,-

381 3488 415 3537 43
431 3500 466 3538 ss.
485 3481 591 3552 primos
609 3481 691 3536 ludos
706 3481 867 3553 Olympicos
883 3481 919 3536 ab
934 3481 1055 3537 Hercule
1075 3482 1165 3536 factos
1184 3482 1300 3552 exponit
1319 3514 1352 3524 -
1372 3488 1407 3538 45
1422 3501 1457 3539 ss.
1477 3500 1591 3541 sacrum

309 3553 409 3622 locum,
430 3571 513 3623 quem
531 3553 664 3607 Hercules
683 3554 744 3608 Iovi
758 3553 960 3608 dimetiebatur
974 3558 1139 3623 (σταθμᾶτο,
1154 3553 1189 3608 of.
1204 3552 1335 3625 τέμενος),
1351 3555 1426 3624 quod
1440 3556 1590 3612 arboribus

313 3625 381 3680 olim
401 3625 524 3679 consitus
544 3627 613 3692 erat,
638 3623 719 3687 άλσος
737 3628 823 3694 poeta
840 3624 925 3690 dixit;
952 3625 1011 3679 eius
1031 3625 1101 3679 duas
1120 3629 1219 3696 partes*
1234 3625 1377 3695 distinxit,
1394 3624 1496 3696 Ἄλτιν,
1516 3646 1591 3697 quae

309 3696 423 3768 proprie
447 3696 520 3750 Iovis
545 3696 714 3764 deorumque
737 3712 818 3750 sacra
840 3695 914 3767 palie
933 3713 951 3749 a
970 3700 1063 3751 cetera
1082 3696 1195 3778 regione
1215 3697 1337 3753 discreta
1356 3701 1426 3762 erat,
1444 3703 1474 3753 et
1492 3700 1591 3755 dever-

312 3770 388 3824 soria
406 3766 648 3836 circumiacentia,
669 3784 742 3836 quae
760 3767 951 3822 tabernaculis
970 3771 999 3821 et
1017 3768 1147 3837 hospitiis
1166 3768 1293 3823 homines
1312 3768 1459 3839 epulantes
1478 3773 1508 3825 et
1526 3771 1590 3826 dor·

314 3841 432 3895 mientcs
447 3838 629 3921 recipiebant.
664 3838 725 3892 Hae
747 3838 819 3891 duae
837 3842 931 3909 partes
945 3838 976 3892 in
989 3838 1109 3909 planitie
1128 3839 1166 3893 ad
1184 3840 1274 3909 ripam
1289 3840 1391 3911 Alphei
1410 3841 1482 3895 sitae
1501 3845 1590 3911 aaut,

310 3912 385 3965 unde
408 3927 456 3964 eas
483 3911 626 3964 dimensus
653 3908 799 3979 Hercules,
826 3927 890 3963 cum
917 3927 997 3964 sacra
1025 3910 1142 3980 faceret,
1165 3911 1306 3981 Alpheum
1334 3913 1438 3967 honore
1462 3912 1591 3968 affecisse

310 3982 413 4037 dicitur
431 3986 466 4050 (v.
481 3985 532 4052 se),
551 3981 587 4034 iis
606 3981 757 4051 opponitur
775 3980 855 4035 collie
870 3980 994 4049 Cronius,
1015 3982 1063 4051 qui
1079 3982 1201 4051 Saturni,
1220 3983 1309 4053 patris
1328 3982 1411 4050 lovis,
1431 4000 1510 4038 sacer
1528 3988 1591 4040 erat

311 4085 344 4094 -
364 4060 406 4108 49.
446 4053 495 4107 ετά
514 4050 614 4107 δώδεκ’
636 4053 767 4107 ἀνάκτων
785 4057 874 4107 θεῶν’
894 4070 1012 4122 quorum
1030 4071 1102 4107 unus
1121 4052 1246 4123 Alpheus
1265 4056 1340 4122 crat,
1360 4054 1425 4108 vide
1444 4054 1476 4110 Ο.
1491 4072 1536 4109 νει
1556 4087 1589 4097 -

311 4131 352 4179 51.
368 4120 402 4187 ἇς
441 4125 548 4179 oricum
561 4141 611 4195 pro
627 4122 678 4187 ἕως
695 4156 727 4163 -
743 4123 855 4197 βρέχετο
869 4129 958 4199 πολλᾷ
973 4123 1085 4194 νιφάδι·
1101 4125 1204 4179 audaci
1217 4125 1383 4195 metaphora
1397 4124 1490 4179 locum
1505 4129 1591 4182 antea

311 4195 469 4266 neglectum
483 4195 549 4250 nive
568 4197 698 4250 obrutum
718 4195 802 4262 dicit3
823 4194 866 4249 his
880 4200 975 4250 autem
989 4195 1082 4250 verbis
1096 4196 1244 4251 mendacia
1258 4196 1389 4250 Eleorum
1403 4197 1590 4267 sacerdotum,

311 4267 359 4336 qui
379 4267 492 4321 Saturni
510 4265 648 4336 templum
667 4267 723 4320 iam
743 4283 827 4321 aureo
847 4283 916 4322 aevo
939 4267 1086 4321 conditum
1111 4284 1171 4322 esse
1194 4267 1411 4336 fabulabantur,
1430 4284 1449 4322 a
1466 4268 1590 4325 Pindaro

310 4337 471 4409 impugnari
490 4341 573 4392 acute
591 4338 701 4392 monuit
718 4338 868 4407 Luebbert,
887 4339 928 4393 De
947 4338 1027 4392 Pind.
1043 4356 1127 4393 carm.
1143 4341 1165 4393 0
1180 4358 1197 4392 x
1212 4358 1238 4408 p.
1254 4357 1266 4394 o
1280 4371 1316 4380 -
1332 4345 1374 4395 52.
1394 4342 1426 4393 ut
1444 4340 1591 4395 hominum

310 4409 405 4481 partui
428 4413 464 4477 (v.
480 4411 511 4464 0.
526 4427 554 4461 vr
567 4414 618 4477 sa),
641 4409 682 4462 eic
701 4427 842 4464 sacrorum
861 4409 963 4480 origini
982 4410 1087 4463 Parcae
1112 4410 1240 4478 adstant,
1264 4412 1387 4465 futuram
1407 4414 1511 4467 sortem
1530 4429 1591 4467 cur·

312 4497 429 4551 eumque
448 4480 559 4534 felicem
578 4484 749 4550 augurantes
768 4511 804 4520 -
822 4487 864 4536 53.
884 4480 913 4534 in
931 4480 1111 4551 proverbium
1126 4481 1198 4535 abiit
1211 4481 1258 4535 hic
1272 4482 1359 4551 locus,
1374 4483 1448 4538 unde
1463 4483 1589 4554 Xenoph.

311 4552 383 4608 Hell.
398 4571 429 4604 111
448 4568 473 4619 ³,
489 4569 514 4607 a:
534 4553 756 4621 συνεμαρτύρησε
779 4560 868 4606 ταῦτα
891 4553 965 4625 αὐτῷ
989 4553 1038 4605 καὶ
1061 4552 1076 4606 δ
1099 4551 1290 4621 ἀληθέστατος
1313 4552 1459 4625 λεγόμενος
1482 4553 1589 4626 χρόνος.

311 4623 433 4694 Tempus
452 4626 547 4677 autem
566 4626 596 4675 et
613 4622 719 4676 famum
738 4623 808 4677 haec
827 4623 979 4678 tradidisse
997 4627 1083 4694 poeta
1103 4622 1188 4691 dixit,
1209 4627 1242 4677 ut
1262 4625 1292 4678 in
1312 4625 1471 4680 litterarum
1492 4643 1589 4681 monu-

311 4694 413 4749 mentis
428 4694 501 4748 nihil
514 4693 573 4748 tale
587 4698 697 4748 exstare
712 4693 885 4763 significaret
899 4726 933 4736 -
948 4701 990 4751 55.
1010 4695 1040 4749 τὸ
1055 4694 1087 4749 δὲ
1106 4695 1176 4763 quid
1195 4695 1240 4763 sit,
1260 4696 1353 4750 verbis
1373 4695 1429 4751 ὅπα
1445 4742 1450 4752 .
1467 4741 1473 4753 .
1490 4742 1496 4753 .
1512 4718 1590 4752 νικα-

311 4763 439 4834 φορίαισί
457 4785 485 4820 τε
505 4764 674 4835 explicatur,
700 4765 826 4835 σαφανὲς
844 4771 939 4821 autem
959 4766 996 4820 ad
1014 4766 1207 4836 praedicatum
1226 4764 1402 4836 κατέφρασεν
1421 4769 1591 4824 trahendum

311 4840 368 4893 est:
387 4836 459 4890 illud
478 4840 582 4907 autern,
601 4837 677 4906 quod
696 4836 776 4891 ludos
796 4838 930 4911 instituit,
948 4841 1058 4909 tempus
1077 4838 1259 4910 progrediens
1274 4838 1304 4892 in
1318 4839 1395 4894 clara
1409 4839 1471 4895 luce
1485 4841 1590 4913 posuit.
