3442 5550
322 366 434 421 LXVIII
826 369 1104 421 PROLEGOMENA.

321 531 429 594 brium
452 530 592 594 maxime
615 531 727 594 decere
751 530 929 594 ridebatur.
938 528 963 618 1)
1013 529 1134 615 Apium
1158 553 1249 614 vero,
1277 552 1340 614 quo
1365 529 1546 595 Nemeaeae
1571 535 1605 594 et

321 636 496 701 Isthmicae
525 660 662 702 coronae
692 638 918 722 nectebantur,
949 637 1108 701 Pindarus
1141 639 1227 721 qnod
1256 636 1296 701 N.
1317 639 1413 700 v147
1448 638 1604 720 pabulum

320 744 424 808 leonis
453 745 493 809 ab
517 744 656 809 Hercule
685 744 850 808 interemti
878 744 970 830 dicit,
1002 767 1041 808 ex
1065 767 1116 826 e0‚
1149 743 1235 827 quod
1261 744 1297 807 in
1323 744 1390 808 illis
1414 744 1603 829 regionibus

320 850 382 915 hoc
402 874 538 936 gramen
555 851 856 936 frequentissimum
875 851 988 935 fuerit,
1011 852 1051 915 ad
1070 873 1206 915 coronas
1226 851 1401 914 nectendas
1420 850 1603 914 adhibitum

320 980 389 1022 esse
414 959 585 1044 siguificat.
632 955 755 1022 Contra
779 958 973 1022 scholiastae
997 957 1130 1022 Pindari
1158 980 1231 1022 cum
1255 962 1373 1022 natura
1400 958 1529 1022 funebri
1557 957 1605 1021 lu-

320 1066 436 1130 dorum
464 1071 497 1130 et
524 1065 623 1150 pullis
651 1065 812 1149 vestibus,
840 1066 958 1150 quibus
988 1065 1094 1129 induti
1121 1065 1244 1130 iudices
1273 1064 1427 1129 Nemeaei
1450 1065 1489 1128 de
1514 1087 1604 1148 prae-

259 1226 262 1230 .
321 1172 395 1236 miis
430 1172 658 1254 decernebant,
691 1171 756 1256 apii
789 1195 926 1237 coronas
959 1173 1130 1237 cohaerere
1159 1178 1273 1257 argute
1305 1169 1603 1257 interpretantur.²)

320 1278 438 1343 Pinum
473 1285 596 1364 autem,
633 1279 685 1343 cui
717 1279 919 1363 temporibus
951 1279 1079 1365 imperii
1108 1278 1247 1344 Romani
1278 1280 1312 1343 in
1339 1278 1486 1343 Isthmiis
1518 1278 1603 1342 ludis

321 1386 431 1470 apium
459 1384 604 1471 cassia),
625 1386 778 1470 Neptuni
801 1388 862 1451 hos
885 1387 979 1451 ludos
1003 1409 1112 1451 sacros
1141 1409 1211 1451 esse
1236 1387 1437 1472 significasse
1460 1408 1526 1450 non
1553 1392 1604 1450 est

320 1517 377 1557 cur
408 1493 520 1558 multis
549 1493 732 1557 edisseram.
784 1492 931 1577 Denique
965 1499 1124 1578 myrteam
1157 1515 1325 1576 coronam,
1353 1515 1416 1576 qua
1439 1492 1603 1557 Thebanis

319 1599 485 1664 Heracleis
513 1601 652 1664 victores
686 1605 816 1664 ornatos
849 1623 920 1664 esse
952 1600 1021 1684 ipse
1054 1600 1212 1664 Pindarus
1237 1599 1261 1663 I.
1287 1600 1387 1664 11188
1420 1599 1603 1684 testatur⁴),

321 1707 516 1771 scholiastae
540 1713 573 1771 et
596 1707 701 1792 ipsam
725 1707 764 1771 ad
792 1707 960 1772 funebrem
990 1707 1149 1791 originem
1177 1707 1293 1770 horum
1322 1706 1472 1770 ludorum
1500 1712 1602 1771 rettu-

318 1813 434 1878 lerunt.
484 1815 592 1898 Atque
624 1814 659 1877 in
687 1813 788 1878 sacris
816 1814 967 1878 Manibus
994 1814 1150 1878 faciendis
1179 1819 1322 1898 myrtum
1349 1813 1384 1876 in
1412 1837 1474 1877 usu
1503 1814 1604 1879 fuisse

320 1920 414 1984 docet
442 1920 614 2003 Euripides
642 1920 761 1985 Electr.
787 1923 852 1986 324
867 1943 908 1984 ss.
935 1919 1176 2004 Ἀγαμέμνονος
1209 1917 1244 1983 δὲ
1277 1921 1401 2005 τύμβος
1427 1919 1603 2005 ἠτιμασμέ-

320 2050 378 2102 νος
408 2027 499 2091 οὔπω
533 2027 612 2111 χοάς
640 2026 713 2091 ποτ’
741 2023 820 2091 οὐδὲ
850 2033 960 2092 κλῶνα
992 2032 1155 2113 μυρσίνης
1187 2031 1295 2111 ἔλαβε,
1328 2048 1432 2110 neque
1464 2050 1603 2094 coronae

319 2156 448 2214 aureae,
484 2156 565 2217 quae
602 2157 641 2197 ex
679 2134 827 2218 sepulcro
866 2134 1019 2199 Graeciae
1057 2133 1195 2219 Magnae
1228 2134 1262 2197 in
1299 2133 1405 2198 lucem
1438 2140 1605 2220 protracta

320 2238 416 2303 hodie
444 2240 478 2303 in
507 2241 692 2324 antiquario
718 2240 904 2306 blonacensi
928 2243 1127 2325 adservatur,
1150 2243 1245 2305 flores
1270 2241 1387 2324 myrtei
1411 2243 1535 2306 desunt.

409 2368 497 2438 Quae
524 2365 691 2449 hucusque
721 2366 929 2449 exposuimus
962 2389 1070 2430 rerum
1102 2366 1164 2429 fide
1198 2352 1392 2430 confirmata
1424 2369 1514 2448 sunt,
1546 2364 1603 2429 sed

320 2471 403 2535 veris
436 2471 509 2555 plus
543 2495 638 2555 saepe
671 2471 821 2536 fabulosa
852 2472 887 2535 in
921 2472 1120 2537 carminibus
1154 2495 1228 2536 cum
1261 2472 1333 2536 aliis
1365 2477 1435 2536 turn
1471 2471 1603 2536 Pindari

320 2577 468 2661 epinioiis
500 2578 618 2642 valent.
676 2577 886 2662 Splendorem
924 2580 1010 2644 enim
1046 2579 1197 2643 ludorum
1230 2584 1267 2643 ut
1301 2578 1538 2662 amplificarent
1570 2583 1604 2642 et

319 2685 499 2750 victoribus
523 2685 596 2770 plus
615 2684 721 2749 laudis
742 2686 954 2768 adstruerent,
978 2709 1045 2750 non
1068 2686 1108 2750 ab
1128 2686 1327 2770 hominibus,
1350 2685 1406 2750 sed
1429 2708 1448 2748 a
1472 2686 1533 2749 diis
1552 2685 1603 2749 vel

318 2792 474 2856 heroibus
500 2792 594 2856 ludos
623 2792 770 2856 conditos
800 2815 869 2857 esse
898 2798 931 2857 et
960 2794 1074 2857 heroes
1103 2782 1192 2877 ipsos
1221 2793 1300 2857 olim
1329 2793 1367 2857 de
1396 2815 1516 2857 corona
1539 2813 1603 2856 eer-

319 2904 406 2963 tasse
430 2899 577 2964 ementiti
601 2903 687 2962 sunt.
724 2898 834 2984 Atque
859 2906 895 2965 ut
919 2900 1037 2965 callida
1056 2900 1255 2965 Graecorum
1280 2900 1371 2965 natio
1392 2900 1456 2964 fuit
1478 2900 1602 2983 lepidas

318 3007 577 3073 narratiunculas
601 3005 795 3091 inveniendi,
818 3008 961 3094 origines
981 3009 1131 3073 ludorum
1150 3008 1300 3093 plurimis
1320 3013 1353 3072 et
1375 3006 1602 3092 pulcherrimis

318 3114 439 3178 fabulis
459 3118 664 3180 exornarunt.
703 3113 878 3179 Pindarum
898 3120 931 3179 et
949 3116 1056 3199 ipsum
1076 3115 1197 3199 partim
1211 3137 1312 3179 novas
1328 3114 1460 3180 finxisse
1474 3113 1602 3178 fabulas

319 3223 439 3304 partim
458 3220 648 3306 popularem
667 3220 788 3285 famam
807 3221 974 3305 pulchrius
993 3244 1182 3305 exornasse,
1204 3245 1300 3286 nemo
1320 3221 1376 3306 qui
1395 3222 1601 3309 ingeniosum

317 3332 425 3391 ratem
449 3328 586 3410 noverit,
608 3327 730 3391 infitias
755 3327 832 3410 ibit,
855 3328 948 3412 plura
976 3332 1183 3392 tamencum
1208 3352 1227 3393 a
1250 3329 1471 3414 superioribus
1494 3327 1601 3411 poetis

317 3438 451 3518 accepta
479 3433 593 3497 tulisse
622 3437 654 3496 et
682 3432 850 3516 paululum
878 3438 1007 3498 tantum
1034 3435 1207 3500 immutata
1237 3436 1305 3500 suis
1333 3434 1532 3499 carminibus
1555 3435 1602 3498 in-

317 3540 460 3605 texuisse
476 3540 624 3624 equidem
639 3540 719 3604 mihi
736 3541 890 3624 persuasi.
917 3540 969 3605 Sic
985 3541 1154 3627 Olympiae
1169 3542 1322 3626 Pelopem
1337 3565 1410 3606 cum
1425 3542 1602 3626 Oenomao,

317 3653 425 3713 vetere
454 3669 528 3733 rege
556 3648 644 3711 illius
673 3649 825 3733 regionis,
854 3671 949 3712 curru
978 3650 1159 3714 decertasse
1184 3653 1218 3713 et
1240 3646 1420 3731 praemium
1444 3646 1601 3712 victoriae

319 3756 419 3820 filiam
452 3756 522 3820 eius
553 3754 805 3839 Hippodamiam
835 3754 869 3817 in
894 3755 1138 3820 matrimonium
1170 3754 1333 3837 accepisse
1361 3753 1503 3817 carmine
1533 3753 1602 3819 O.1

317 3865 481 3947 praeclare
511 3866 630 3926 narrat.
677 3861 864 3944 Olympicus
895 3883 969 3925 vero
998 3861 1090 3926 ludos
1119 3860 1294 3926 Herculem
1316 3858 1449 3924 heroem
1473 3861 1601 3926 devicto
1631 3865 1633 3869 ’

408 4130 434 4194 1)
452 4127 524 4180 Nam
541 4126 702 4196 Olympicos
717 4144 828 4196 quoque
842 4126 923 4181 ludos
938 4127 1005 4182 olim
1020 4144 1070 4197 pro
1085 4125 1251 4182 funebribus
1266 4126 1380 4181 habitos
1401 4144 1461 4182 esse
1476 4127 1601 4181 ostendit

321 4198 473 4268 Pelopiam,
495 4198 512 4252 i.
530 4215 552 4253 e.
568 4199 680 4268 Pelopis
700 4198 857 4268 sepulcrum
876 4199 906 4252 in
924 4199 1019 4252 media
1037 4198 1098 4253 Alti
1117 4198 1265 4268 Olympios
1284 4198 1378 4254 situm.

410 4290 437 4355 ⁶2)
457 4285 547 4341 Schol.
564 4286 644 4343 Pind.
666 4287 696 4342 Ο.
715 4306 763 4340 xm
778 4292 812 4340 46
836 4289 864 4340 et
886 4286 916 4340 in
940 4286 1147 4342 introductione
1171 4287 1339 4342 Nemeorum
1358 4308 1386 4359 p.
1407 4294 1459 4342 425
1474 4289 1523 4343 Bo.
1560 4289 1600 4342 De

322 4357 434 4412 funebri
458 4357 553 4412 indole
578 4359 637 4428 apii
660 4360 755 4413 confer
773 4357 846 4412 Plul.
862 4358 932 4411 Tim.
949 4364 982 4412 26
1002 4361 1031 4412 et
1048 4362 1157 4427 quaest.
1177 4376 1256 4415 conv.
1270 4379 1288 4413 v
1303 4366 1328 4428 3,
1343 4367 1366 4415 2.
1407 4359 1487 4425 Quod
1507 4362 1602 4414 autem

319 4429 431 4484 Nemeis
457 4429 549 4498 viridi,
572 4430 697 4484 Isthmiis
718 4429 791 4484 sicco
815 4429 880 4502 apio
904 4430 948 4483 uei
971 4446 1032 4484 esse
1056 4430 1194 4499 dicuntur,
1219 4432 1272 4485 hoo
1296 4448 1330 4486 ex
1349 4432 1509 4485 discrimine
1528 4435 1598 4485 tcm-

317 4501 448 4571 pascatis,
467 4518 524 4569 qua
542 4502 653 4569 utrique
672 4501 733 4555 ludi
752 4501 918 4571 agebantur,
937 4501 1133 4571 explicandum
1152 4518 1213 4557 csse
1233 4503 1351 4559 videtur.

408 4593 435 4662 3)
454 4590 545 4646 Schol.
560 4591 640 4645 Pind.
656 4611 683 4662 p.
699 4597 758 4645 514.
796 4591 870 4644 l‘lut.
885 4594 986 4659 quaest
1008 4607 1086 4646 conv.
1102 4611 1120 4645 v
1134 4598 1159 4658 3,
1176 4600 1198 4646 1.

408 4687 436 4751 4)
454 4680 604 4735 Praeterea
622 4681 738 4735 Heraeis
753 4679 866 4750 Argivis
879 4680 1017 4735 victorum
1036 4683 1164 4750 tempora
1182 4685 1292 4751 myrtea
1310 4699 1413 4736 corona
1427 4681 1520 4735 cincta
1539 4697 1598 4735 esse

319 4753 405 4806 refert
423 4751 510 4807 schol.
525 4752 557 4807 0.
572 4759 667 4807 w183.
704 4751 799 4806 Etiam
823 4751 897 4804 ludis
922 4751 1057 4822 Epidami
1081 4758 1111 4806 et
1133 4752 1311 4823 Megarorum
1334 4756 1458 4823 myrteas
1482 4768 1598 4807 coronas

318 4825 381 4878 dari
400 4825 541 4895 significat
559 4823 697 4877 Pindarus
719 4826 857 4879 1.v11117.
