3442 5550
268 372 271 377 ’
291 388 334 451 58
763 394 910 443 emnam
930 394 1095 446 semen.

380 552 631 636 ἐστεφανώσατο
655 555 717 630 δίς,
740 560 853 639 κλεινᾷ
877 553 908 618 τ’
934 554 970 620 έν
991 553 1113 642 Ἰσθμῷ
1137 557 1285 641 τετράκις
1308 558 1482 643 εὐτυχέων,

380 659 493 746 Νεμέᾳ
516 658 545 724 τ’
570 662 675 725 ἀλλαν
698 659 749 726 ἐπ’
774 663 872 748 ἀλλᾳ,
895 660 950 725 καὶ
973 675 1133 746 κρανααῖς
1156 663 1193 728 έν
1213 661 1379 741 Ἀθάναις.
1519 685 1571 733 150

1336 861 1419 926 'Ave
1443 862 1481 927 ε’.

380 965 397 1028 ὅ
421 963 452 1028 τ’
478 964 515 1028 έν
529 963 643 1049 ’Ἀργει
666 966 786 1048 χαλκὸς
809 969 893 1047 ἔγνω
917 990 990 1048 νιν,
1012 967 1052 1030 τά
1075 965 1105 1031 τ’
1132 966 1169 1030 έν
1190 965 1344 1055 Ἀρκαδίᾳ

380 1074 459 1153 ἔργα
482 1071 537 1136 καί.
563 1075 702 1156 Θήβαις,
726 1071 851 1153 ἀγῶνές
873 1070 903 1136 τ’
928 1076 1061 1156 ἔννομοιΙ

313 1195 323 1207 ·
383 1182 568 1261 Βοιωτίων,

380 1291 503 1367 Αἴγινα
527 1285 681 1350 Πελλάνά
704 1310 739 1350 τε
763 1286 900 1351 νικῶνθ’
928 1285 1046 1364 έξάκις·
1071 1287 1108 1352 έν
1131 1289 1341 1373 ,Μεγάροισίν
1364 1289 1391 1353 τ’
1419 1291 1480 1374 οὐχ

929 1393 1041 1479 ἕτερον
1065 1398 1180 1459 λιθίνα

379 1509 491 1583 ψᾶφος
509 1503 573 1582 ἔχει
595 1503 704 1582 λόγον.
741 1499 814 1565 ἀλλ’
834 1497 861 1566 ὦ
882 1506 948 1566 Ζεῦ
970 1503 1083 1585 πάτερ,
1106 1503 1263 1568 νώτοισιν
1285 1502 1481 1589 Ἀταβυρίου
1519 1522 1570 1570 160

379 1606 520 1690 μεδέων,
543 1611 620 1691 τίμα
643 1604 703 1691 μὲν
726 1608 834 1692 ὕμνου
858 1610 983 1692 τεθμὸν
1004 1607 1270 1694 Ὀλυμπιονίκαν,

1365 1807 1432 1872 Ἐπ.
1456 1832 1480 1872 ε.

380 1912 487 1996 ἀνδρα
510 1935 543 1976 τε
566 1910 630 1988 πὺξ
654 1911 774 1996 ἀρετὰν
798 1912 955 1995 εὑρόντα,
979 1913 1068 1977 δίδοι
1092 1912 1128 1976 τέ
1147 1919 1201 1977 fot
1225 1915 1359 1979 αίδοίαν
1382 1915 1480 1998 χάριν

379 2017 434 2083 καὶ
457 2017 530 2083 ποτ’
552 2018 661 2083 ἀστῶν
684 2017 738 2083 καὶ
762 2018 837 2083 ποτὶ
861 2020 992 2098 ξείνων·
1015 2018 1084 2084 ἐπεὶ
1103 2001 1220 2104 ὕβριος
1238 2020 1381 2105 έχ-θράν
1399 2021 1480 2087 ὁδὸν
1518 2039 1568 2086 165

379 2126 571 2210 εὐθυπορεῖ,
594 2126 684 2209 σάφα
708 2125 799 2202 δαεὶς
821 2127 843 2191 ίί
866 2151 898 2191 τε
921 2133 976 2191 λοι
1003 2125 1155 2211 πατέρων
1178 2126 1280 2212 ὀρθαὶ
1304 2127 1423 2213 φρένες
1446 2128 1478 2206 έξ

929 2233 1069 2315 ἀγαθῶν

379 2343 518 2425 ε’χραογ.4
553 2343 597 2425 μὴ
621 2343 743 2426 κρύπτε
766 2343 881 2406 κοινὸν
1517 2360 1568 2407 170

379 2447 496 2532 σπέρμ’
517 2448 580 2514 ἀπὸ
598 2449 858 2524 Καλλιάνακτος·
880 2447 1053 2533 Ἐρατιδᾶν
1068 2472 1118 2513 τοι
1133 2451 1197 2513 σὺν
1212 2454 1400 2535 χαρίτεσσιν
1413 2452 1478 2532 ἔχει

362 2646 403 2694 81.
420 2643 466 2696 καί
481 2661 557 2710 στεφ.
568 2641 666 2696 Thom.
677 2642 720 2695 D’
740 2676 760 2680 —
782 2641 808 2696 τ’
821 2642 862 2697 ἔνι
882 2662 925 2696 τοι
941 2641 971 2696 ἐν
983 2643 1006 2697 0
1017 2675 1049 2682 —
1066 2648 1107 2695 82.
1124 2651 1291 2710 κρανααλσιν
1306 2642 1336 2696 έν
1349 2643 1411 2697 0-
1422 2647 1465 2696 86.
1481 2647 1554 2696 Βοιτο

290 2711 357 2767 τίων
380 2714 419 2768 A:
443 2716 568 2840 βφιωτῶν
591 2713 665 2780 BD,
685 2716 815 2785 βοιωτίας
839 2716 863 2768 C
884 2747 915 2752 —
940 2718 981 2767 86.
1006 2713 1105 2784 Αἴγινα
1123 2714 1254 2768 Πελλάνα
1276 2733 1305 2768 τε
1325 2713 1421 2769 Trici:
1443 2712 1569 2768 πελλάνα

290 2783 423 2859 (πελλοίνᾳ
472 2791 481 2854 )
505 2784 530 2839 τ’
551 2784 777 2855 αίγινά,(αίγίνα
797 2787 834 2854 Β)
856 2803 885 2839 τε
910 2785 1044 2853 ΑΒΟΙ),
1068 2785 1197 2840 Πέλλανά
1216 2784 1253 2849 τ’,
1277 2783 1376 2854 Λίγίνα
1399 2805 1427 2840 τε
1446 2784 1568 2852 Boeotii,

290 2855 420 2911 Πέλλανά
439 2855 465 2910 τ’
488 2857 601 2912 Οίνὼνα
618 2875 648 2910 τε
668 2856 739 2911 coni.
758 2840 851 2926 Bergk
870 2889 903 2896 -
923 2855 1066 2926 μεγάροισι
1086 2856 1114 2910 δ’
1136 2860 1163 2912 A
1182 2889 1215 2897 -
1236 2856 1331 2925 ἕτερον
1350 2840 1453 2912 βθΒε
1474 2855 1568 2925 ἑτέρου

290 2929 326 2996 A,
344 2928 420 2997 quod
439 2929 526 2983 ctiam
542 2946 613 2982 unus
628 2944 661 2982 ex
675 2927 836 2983 scholiastis
851 2928 953 2999 legisse
967 2927 1079 2982 ridetur
1098 2962 1129 2967 -
1151 2932 1193 2982 89.
1213 2926 1295 2982 δίδου
1309 2931 1337 2982 A
1356 2961 1388 2967 -
1409 2933 1451 2982 92.
1471 2927 1568 2998 ἔχρεον

289 3001 317 3054 A
345 3032 379 3040 -
407 3001 516 3056 κοινὸνς
546 3001 656 3054 κλεινὸν
683 3000 753 3054 coni.
782 3000 951 3054 Herwerden
982 3033 1013 3039 —
1045 3006 1087 3054 93.
1117 3000 1250 3067 ἐρατιδᾶν
1276 2999 1374 3054 Τι’ίολε
1403 2999 1568 3066 ἐραστειδᾶν

289 3071 412 3126 ΑΒΟΙ)
430 3075 459 3126 et
477 3072 561 3126 schol.
583 3106 614 3111 —
635 3073 690 3143 τοι]
709 3070 738 3125 τὲ
758 3075 785 3126 A
805 3105 838 3111 —
858 3069 962 3135 θαλίας
981 3071 1036 3141 ἔχει
1055 3074 1082 3125 A
1101 3104 1134 3111 -

290 3215 339 3268 sed
358 3214 452 3284 μήλων
471 3214 569 3284 πομπὰ
588 3218 617 3267 et
635 3213 723 3281 κρίσις
742 3213 814 3284 ἀμφ’
835 3213 958 3282 ἀέθλοις,
979 3218 1010 3268 ut
1028 3216 1129 3282 λίτρον
1147 3223 1293 3283 συμφορᾶς
1306 3214 1397 3267 vicem
1430 3213 1567 3267 raedicati

289 3286 430 3352 obtineat3
469 3304 552 3356 ompa
572 3285 646 3340 enim
661 3286 816 3340 hostiarum
830 3288 860 3339 et
874 3285 1074 3340 certaminibus
1089 3285 1219 3340 ludorum
1234 3302 1314 3339 sacra
1328 3232 1482 3354 Tlepoiemi
1496 3286 1569 3339 fiunt

289 3390 321 3397 -
343 3361 377 3409 83
392 3375 427 3411 ss.
447 3306 482 3411 δυ
501 3357 654 3410 minoribus
674 3356 717 3410 his
736 3356 811 3410 ludis
830 3357 894 3411 vide
914 3356 985 3411 Prol.
1001 3376 1120 3410 numu
1136 3375 1170 3411 ss.
1192 3389 1225 3396 —
1244 3361 1287 3409 84.
1307 3355 1374 3426 ἔργα
1393 3356 1514 3410 artificia
1533 3373 1567 3409 ex

288 3427 461 3493 catalecta,
485 3428 563 3482 velut
581 3428 720 3498 tripodes,
744 3431 776 3481 ut
799 3428 911 3482 Polemo
930 3428 959 3482 in
979 3428 1094 3483 scholiis
1113 3428 1207 3482 docet:
1233 3427 1366 3497 Πολέμων
1389 3427 1420 3482 έν
1442 3433 1479 3499 τῷ
1502 3429 1568 3495 περλ

287 3508 344 3553 τῶν
364 3499 490 3571 Θήβησιν
506 3499 676 3567 Ἡρακλείων
695 3492 764 3569 φασδ
782 3501 885 3569 χαλκὸν
904 3499 936 3554 τὸ
955 3495 1047 3554 ἆθλον
1066 3495 1139 3554 εἶναι
1158 3508 1215 3562 τοῖς
1234 3499 1265 3553 έν
1280 3496 1409 3573 Ἀρκαδίᾳ
1423 3501 1567 3562 Λυκαίοις,

288 3569 356 3625 ὥστε
375 3571 432 3624 ἀπὸ
451 3579 548 3625 κοινοῦ
566 3571 601 3623 τὰ
621 3571 688 3640 ἔργα
707 3573 754 3624 καί
773 3571 822 3625 τὸν
841 3572 945 3641 χαλκὸν
963 3571 1095 3639 ληπτέον,
1119 3569 1163 3625 ὅτε
1186 3571 1274 3640 φησὶν
1292 3571 1307 3624 δ
1327 3569 1483 3638 Πίνδαρος·
1504 3570 1519 3625 δ
1537 3569 1564 3624 τ’

289 3641 324 3696 ἐν
350 3640 456 3711 ’Ἀργει
488 3642 611 3712 χαλκὸς
643 3642 726 3712 ἔγνω
759 3664 816 3713 μιν
841 3641 881 3696 τά
912 3641 939 3696 τ’
967 3642 1002 3697 ἐν
1032 3641 1187 3717 Ἀρκαδίᾳ
1220 3642 1301 3711 ἔργα
1334 3643 1390 3696 καὶ
1424 3642 1565 3715 Θήβαις·

288 3712 399 3768 δίδοται
422 3713 475 3783 γὰρ
500 3714 530 3767 ἐν
553 3715 668 3776 ταύταις
690 3712 805 3782 τρίπους
827 3719 953 3785 χαλκοῦς.
991 3714 1089 3782 Neque
1106 3716 1201 3768 tamen
1221 3713 1322 3784 χαλκὸς
1344 3716 1373 3768 et
1393 3713 1460 3783 ἔργα
1483 3730 1566 3782 syno-

288 3802 374 3854 nyma
397 3789 474 3853 sunt,
498 3786 546 3840 sed
571 3789 680 3839 scutum
706 3802 824 3840 aeneum
848 3787 985 3856 Argorum
1014 3785 1136 3855 simplici
1163 3785 1276 3839 nomine
1303 3789 1408 3855 χαλκοῦ
1435 3784 1567 3853 designa·

288 3861 341 3923 tur,
361 3857 486 3927 tripodes
506 3856 656 3912 artificiose
675 3874 708 3910 er
728 3874 791 3911 aare
810 3857 880 3911 facti
898 3857 1010 3910 nominc
1030 3856 1119 3926 ἔργων
1137 3856 1328 3926 insigniuntur
1346 3889 1379 3896 -
1399 3862 1442 3913 86.
1467 3855 1566 3925 Αἴγινα

288 3927 418 3981 Πελλάνα
441 3947 471 3982 τε
495 3928 519 3981 si
542 3932 617 3982 recte
637 3946 652 3981 u
672 3927 807 3983 Triclinio
831 3927 992 3982 restitutum
1016 3932 1072 3995 est,
1098 3928 1159 3998 ipso
1183 3927 1320 3997 asyndeto
1339 3931 1424 3997 pocta
1443 3943 1490 3981 sex
1509 3927 1567 3982 vic-

287 3998 375 4053 torias
398 3999 551 4069 Diagoram
574 4000 618 4052 his
642 4001 752 4053 duabus
775 3999 805 4052 in
830 3999 1007 4067 civitatibus,
1032 4016 1088 4052 non
1110 3999 1140 4052 in
1164 4016 1212 4052 sex
1236 4016 1305 4066 quos
1329 3997 1469 4053 recensuit
1491 3998 1567 4052 ludis

287 4074 467 4124 consecutum
495 4089 555 4126 esse
583 4071 725 4142 significat
750 4104 784 4111 -
811 4069 908 4126 λιθίνα
936 4080 1045 4139 ψᾶφος·
1075 4071 1210 4125 iudicium
1233 4069 1364 4140 lapideae
1388 4069 1503 4124 tabulae
1526 4069 1569 4123 in-

287 4141 435 4212 scriptum,
460 4161 515 4212 quo
538 4144 573 4197 de
598 4160 673 4198 more
693 4162 717 4198 v.
737 4142 810 4197 Prol.
825 4162 881 4196 που
907 4175 940 4182 —-
966 4147 1009 4197 87.
1033 4141 1206 4213 Ἀταβυρίου·
1235 4158 1315 4196 mons
1338 4140 1432 4195 Rhodi
1454 4141 1521 4209 fuit,
1540 4159 1567 4193 v.

287 4213 380 4268 Strab.
394 4234 411 4266 x
426 4230 466 4268 τοι
485 4219 513 4269 et
531 4235 577 4268 mv
591 4232 644 4277 στος
664 4215 794 4269 similiter
813 4231 898 4284 supra
917 4213 948 4268 0.
963 4233 991 4267 1v
1006 4232 1018 4268 ο
1036 4214 1065 4267 in
1086 4214 1183 4268 Sicilia
1200 4214 1296 4267 Iovem
1314 4214 1472 4267 Aetnaeum
1490 4213 1568 4268 iuro·

287 4285 376 4350 cavit;
405 4288 470 4354 apte
497 4292 591 4340 autem
617 4287 710 4340 lovem
738 4287 775 4340 ad
801 4291 955 4341 extremum
982 4285 1111 4355 precibus
1136 4285 1221 4350 adiit,
1247 4288 1279 4338 ut
1297 4284 1346 4352 qui
1364 4290 1392 4338 et
1413 4283 1568 4354 Olympicis

287 4355 362 4410 ludis
380 4361 524 4437 praeesset
542 4362 571 4411 et-
590 4375 698 4410 summa
722 4358 846 4411 omnium
864 4374 956 4412 rerum
974 4357 1166 4426 gubernacula
1191 4360 1300 4411 teneret
1325 4388 1359 4396 -
1385 4361 1426 4409 89.
1453 4354 1568 4423 ἀρετὰν,

287 4427 402 4481 virtutis
421 4428 547 4495 laudem,
566 4432 598 4482 ut
617 4427 648 4482 Ο.
663 4447 738 4481 uma
758 4462 792 4468 -
819 4435 861 4483 90.
887 4427 951 4482 ποτ’
973 4445 1006 4482 ex
1025 4429 1090 4482 ποτλ
1108 4428 1209 4481 elisum
1228 4430 1279 4495 est,
1300 4431 1329 4480 ut
1349 4428 1381 4481 fr.
1398 4443 1436 4481 ινα
1455 4429 1484 4481 et
1501 4426 1566 4493 περ’

286 4516 320 4553 ex
334 4500 399 4567 περὶ
414 4500 445 4554 0,
461 4518 488 4551 vr
503 4516 529 4554 aa
548 4533 581 4539 —
602 4505 644 4554 91.
664 4499 693 4564 ἐξ
708 4501 829 4569 ἀγαθῶν
848 4500 956 4554 scholia
975 4516 993 4553 a
1012 4516 1062 4552 suo
1081 4499 1194 4553 nomine
1214 4498 1363 4566 (πατέρων)
1384 4497 1523 4552 divellunt
1539 4501 1569 4552 et

287 4588 350 4625 cum
377 4571 480 4642 ἔχραον
505 4571 638 4642 iungunt3
665 4571 739 4639 quod
766 4590 828 4624 cum
848 4572 895 4625 rix
921 4571 980 4624 ficri
998 4571 1102 4640 possit,
1127 4570 1256 4638 πατέρων
1275 4569 1382 4639 φρένας
1400 4570 1429 4635 ἐξ
1447 4571 1569 4639 ἀγαθῶν

286 4643 437 4712 prudentia
455 4643 576 4698 consilia
595 4647 707 4712 patrum
726 4660 744 4696 a
763 4642 858 4713 probis
877 4641 1031 4696 maioribus
1051 4645 1173 4695 ortorum
1193 4642 1369 4711 interpretor.
1407 4642 1483 4695 inter
1501 4640 1566 4694 Dia·

287 4731 372 4783 gorae
392 4715 512 4769 maiores
531 4719 627 4769 autem
645 4714 731 4768 etiam
746 4714 893 4768 Callianax
912 4718 948 4784 (v.
964 4716 1001 4781 ua)
1020 4713 1086 4779 luit,
1106 4713 1272 4782 sapientiae,
1290 4712 1403 4782 opinor,
1420 4712 1505 4766 laude
1524 4712 1565 4765 in·

286 4786 375 4855 signis
391 4819 421 4827 -
443 4787 553 4857 ἔγραον,
563 4786 644 4855 quasi
656 4785 885 4840 vaticinabantur
903 4817 936 4825 -
957 4790 998 4837 92.
1018 4785 1183 4859 μὴ-κρύπτε,
1198 4785 1246 4839 sed
1261 4785 1405 4839 laudando
1424 4787 1454 4838 et
1472 4800 1567 4838 aemu-

288 4856 374 4912 lando
392 4860 497 4928 profer3
518 4862 552 4913 cl.
568 4860 586 4912 l.
602 4878 622 4911 u
638 4875 672 4912 ιι.
705 4858 781 4913 Inter
800 4857 918 4912 virtutes
936 4860 1032 4910 autem
1052 4856 1235 4910 Callianactis
1254 4856 1340 4910 etiam
1359 4855 1518 4910 liberalitas
1538 4859 1567 4909 et
