3442 5550
844 1243 996 1296 ΠΤΘΙΟΝ.
1016 1241 1062 1295 H'.

514 1407 993 1490 ΑΡΙΣΤΟΜΕΝΕΙ
1034 1405 1392 1491 ΑΙΓΙΝΗΤΗι

845 1602 1055 1653 mummi.

863 1885 1039 1956 strophae.

830 3441 1070 3538 Argumentum.

402 3573 605 3632 Aristomenes
634 3573 777 3631 Xenamis
805 3571 885 3631 filius
908 3573 1057 3650 Aeginete
1087 3592 1102 3631 e
1133 3572 1226 3631 nobili
1256 3574 1344 3649 gente
1374 3571 1589 3647 Midylidurum

314 3654 355 3741 (v.
375 3655 425 3743 38)
448 3662 595 3738 Pythiade
620 3665 660 3722 35
681 3687 723 3708 =
744 3664 809 3721 450
828 3654 924 3743 (446)
951 3681 976 3720 u.
997 3660 1064 3720 chr.
1083 3662 1165 3721 lucta
1188 3661 1313 3737 Delphis
1336 3661 1440 3720 vicisse
1465 3679 1483 3717 a
1505 3661 1589 3720 scho-

312 3750 410 3810 liastis
439 3752 576 3811 traditur.
623 3751 735 3810 Verum
765 3751 800 3809 de
824 3755 957 3826 tempore
980 3751 1110 3827 primum
1134 3751 1171 3808 ab
1196 3747 1249 3809 Od.
1268 3751 1426 3827 diuellere,
1450 3749 1588 3828 Aeginet.

313 3860 341 3917 p.
363 3851 427 3916 177,
455 3844 521 3898 tum
544 3860 563 3898 u
585 3840 736 3900 Boeekhio
764 3840 893 3919 Bergkio
921 3839 1089 3899 Luebberte
1117 3840 1307 3899 vehementer
1334 3838 1505 3897 dubitatum
1533 3842 1588 3915 est,

313 3930 366 4006 qui
390 3950 457 3989 cum
481 3949 507 3988 e.
528 3931 590 3989 456
615 3930 779 4007 Aeginetae
803 3928 840 3988 ab
863 3929 1095 3989 Atheniensibus
1118 3930 1191 3989 victi
1214 3948 1305 3988 neves
1328 3929 1457 4005 tradere,
1485 3947 1588 3988 muros

313 4018 439 4094 diruere,
463 4020 610 4078 tributum
634 4019 760 4095 pendere
780 4019 875 4077 eoacti
893 4023 999 4097 essent,
1018 4039 1052 4078 eo
1072 4023 1175 4077 eutem
1198 4023 1339 4094 tempere,
1363 4037 1423 4094 quo
1447 4018 1501 4077 hoe
1525 4037 1588 4076 cur-

315 4128 382 4166 men
409 4110 601 4185 cantabatur,
625 4109 741 4186 Aegina
769 4108 907 4167 libertate
931 4109 992 4167 frui
1013 4109 1162 4168 diceretur
1185 4101 1226 4188 (v.
1247 4100 1305 4188 98),
1328 4127 1486 4167 numerum
1508 4107 1588 4166 eodi-

314 4216 381 4256 eum
405 4192 448 4256 λε’
466 4198 496 4255 in
516 4200 560 4276 ιγ’
582 4191 730 4278 (Boeekh)
750 4198 796 4256 vel
816 4191 866 4275 λβ’
885 4190 1062 4280 (Lnebbert)
1082 4197 1299 4257 emendandum
1319 4216 1381 4256 esse
1400 4200 1588 4274 censuerunt,

314 4292 350 4344 ut
378 4287 434 4346 hoe
463 4306 580 4345 carmen
612 4290 681 4347 ente
710 4287 857 4364 Aeginam
885 4287 1053 4365 subactam,
1080 4287 1131 4346 sed
1162 4306 1229 4345 eum
1259 4287 1320 4344 iem
1351 4287 1441 4344 saluti
1473 4286 1588 4344 insulse

314 4395 403 4453 gmve
427 4377 593 4452 perieulum
619 4376 811 4452 impenderet,
835 4395 912 4435 enno
936 4378 1000 4436 458
1025 4369 1174 4456 (Boeekhh
1197 4377 1245 4434 vel
1268 4378 1333 4434 462
1357 4376 1502 4451 seriptum
1525 4394 1587 4433 esse

314 4465 510 4540 perhiberent.
556 4467 656 4541 Atque
686 4464 710 4522 si
739 4464 874 4523 codicum
905 4464 977 4524 fides
1005 4465 1171 4524 vellicanda
1203 4468 1260 4540 est,
1293 4464 1454 4523 Luebberti
1487 4463 1588 4541 potius

314 4573 406 4631 quum
436 4554 578 4614 Boeekhii
608 4553 773 4612 sententiae
803 4574 903 4613 meum
934 4554 1084 4614 caleulum
1119 4554 1246 4612 adiciam
1308 4554 1470 4612 Hermanni
1509 4553 1587 4612 enim

314 4644 492 4703 senteutiam
516 4662 633 4702 earnreu
658 4644 712 4701 hoe
735 4643 882 4719 Pythiede
905 4638 956 4719 κη’
974 4643 1021 4702 vel
1041 4662 1119 4702 enne
1138 4646 1202 4702 478
1223 4664 1248 4702 a.
1270 4644 1336 4702 Chr.
1356 4643 1500 4719 seriptum
1524 4661 1587 4701 esse

313 4733 464 4808 opinantis
495 4737 525 4790 et
548 4732 750 4808 Porphyrione
781 4737 873 4809 atque
897 4733 1038 4808 Typhone
1063 4725 1104 4811 (v.
1126 4746 1165 4790 ιι).
1188 4727 1235 4796 16)
1260 4735 1397 4808 Xerxem,
1429 4733 1586 4792 Persarum

313 4842 422 4901 regern,
442 4822 602 4898 significari
621 4822 777 4880 sentientis
791 4819 913 4903 [Opusc.
929 4840 972 4879 vu
992 4834 1042 4880 155
1058 4816 1110 4904 ss.)
1125 4822 1200 4880 nihil
1219 4843 1326 4899 morer,
1346 4821 1587 4899 qnnndoquidem
