<?xml version="1.0" encoding="UTF-8"?>
<!DOCTYPE html PUBLIC "-//W3C//DTD XHTML 1.0 Transitional//EN"
    "http://www.w3.org/TR/xhtml1/DTD/xhtml1-transitional.dtd">
<html xmlns="http://www.w3.org/1999/xhtml" xml:lang="en" lang="en">
 <head>
  <title>
</title>
<meta http-equiv="Content-Type" content="text/html;charset=utf-8" />
  <meta name='ocr-system' content='tesseract 3.04.00' />
  <meta name='ocr-capabilities' content='ocr_page ocr_carea ocr_par ocr_line ocrx_word'/>
</head>
<body>
  <div class='ocr_page' id='page_1' title='image "./pindaricarminap00chrigoog_0183.png"; bbox 0 0 3442 5550; ppageno 0'>
   <div class='ocr_carea' id='block_1_1' title="bbox 843 1443 1048 1498">
    <p class='ocr_par' dir='ltr' id='par_1_1' title="bbox 843 1443 1048 1498">
     <span class='ocr_line' id='line_1_1' title="bbox 843 1443 1048 1498; baseline -0.005 -1"><span class='ocrx_word' id='word_1_1' title='bbox 843 1445 985 1497; x_wconf 63' lang='lat' dir='ltr'><strong>ouran.</strong></span> <span class='ocrx_word' id='word_1_2' title='bbox 1007 1443 1048 1498; x_wconf 81' lang='grc' dir='ltr'><strong>ς’.</strong></span> 
     </span>
    </p>
   </div>
   <div class='ocr_carea' id='block_1_2' title="bbox 583 1624 1315 1711">
    <p class='ocr_par' dir='ltr' id='par_1_2' title="bbox 583 1624 1315 1711">
     <span class='ocr_line' id='line_1_2' title="bbox 583 1624 1315 1711; baseline -0.001 -1"><span class='ocrx_word' id='word_1_3' title='bbox 583 1627 863 1711; x_wconf 62' lang='grc' dir='ltr'><strong>ΑΓΗΣΙΑι</strong></span> <span class='ocrx_word' id='word_1_4' title='bbox 899 1624 1315 1709; x_wconf 69' lang='grc' dir='ltr'>ΣΤΡΑΚΟΣΙΩι</span> 
     </span>
    </p>
   </div>
   <div class='ocr_carea' id='block_1_3' title="bbox 869 1821 1020 1872">
    <p class='ocr_par' dir='ltr' id='par_1_3' title="bbox 869 1821 1020 1872">
     <span class='ocr_line' id='line_1_3' title="bbox 869 1821 1020 1872; baseline -0.013 0"><span class='ocrx_word' id='word_1_5' title='bbox 869 1821 1020 1872; x_wconf 60' lang='lat' dir='ltr'><strong>annunt.</strong></span> 
     </span>
    </p>
   </div>
   <div class='ocr_carea' id='block_1_4' title="bbox 856 2120 1035 2191">
    <p class='ocr_par' dir='ltr' id='par_1_4' title="bbox 856 2120 1035 2191">
     <span class='ocr_line' id='line_1_4' title="bbox 856 2120 1035 2191; baseline -0.006 -16"><span class='ocrx_word' id='word_1_6' title='bbox 856 2120 1035 2191; x_wconf 73' lang='lat' dir='ltr'>strophae.</span> 
     </span>
    </p>
   </div>
   <div class='ocr_carea' id='block_1_5' title="bbox 828 3871 1070 3953">
    <p class='ocr_par' dir='ltr' id='par_1_5' title="bbox 828 3871 1070 3953">
     <span class='ocr_line' id='line_1_5' title="bbox 828 3871 1070 3953; baseline 0.004 -19"><span class='ocrx_word' id='word_1_7' title='bbox 828 3871 1070 3953; x_wconf 79' lang='lat' dir='ltr'><strong>Argumentum.</strong></span> 
     </span>
    </p>
   </div>
   <div class='ocr_carea' id='block_1_6' title="bbox 311 4014 1592 4901">
    <p class='ocr_par' dir='ltr' id='par_1_6' title="bbox 311 4014 1592 4901">
     <span class='ocr_line' id='line_1_6' title="bbox 401 4014 1590 4095; baseline 0 -20"><span class='ocrx_word' id='word_1_8' title='bbox 401 4017 527 4095; x_wconf 79' lang='lat' dir='ltr'><strong>Agesias</strong></span> <span class='ocrx_word' id='word_1_9' title='bbox 551 4018 680 4077; x_wconf 77' lang='lat' dir='ltr'>Sostrati</span> <span class='ocrx_word' id='word_1_10' title='bbox 704 4018 784 4076; x_wconf 85' lang='lat' dir='ltr'><strong>filius</strong></span> <span class='ocrx_word' id='word_1_11' title='bbox 804 4019 1010 4094; x_wconf 88' lang='lat' dir='ltr'><strong>Syracusanus</strong></span> <span class='ocrx_word' id='word_1_12' title='bbox 1029 4039 1062 4078; x_wconf 82' lang='lat' dir='ltr'><strong>ex</strong></span> <span class='ocrx_word' id='word_1_13' title='bbox 1083 4019 1268 4078; x_wconf 87' lang='lat' dir='ltr'><strong>nobilissima</strong></span> <span class='ocrx_word' id='word_1_14' title='bbox 1286 4020 1375 4095; x_wconf 77' lang='lat' dir='ltr'><strong>genle</strong></span> <span class='ocrx_word' id='word_1_15' title='bbox 1396 4014 1590 4093; x_wconf 71' lang='lat' dir='ltr'><strong>Iamidarum,</strong></span> 
     </span>
     <span class='ocr_line' id='line_1_7' title="bbox 311 4105 1590 4183; baseline 0.001 -20"><span class='ocrx_word' id='word_1_16' title='bbox 311 4106 396 4164; x_wconf 89' lang='lat' dir='ltr'><strong>cuius</strong></span> <span class='ocrx_word' id='word_1_17' title='bbox 429 4126 464 4165; x_wconf 85' lang='lat' dir='ltr'><strong>ex</strong></span> <span class='ocrx_word' id='word_1_18' title='bbox 496 4107 659 4167; x_wconf 90' lang='lat' dir='ltr'><strong>maioribus</strong></span> <span class='ocrx_word' id='word_1_19' title='bbox 691 4127 770 4166; x_wconf 86' lang='lat' dir='ltr'><strong>unus</strong></span> <span class='ocrx_word' id='word_1_20' title='bbox 802 4128 870 4167; x_wconf 85' lang='lat' dir='ltr'><strong>oum</strong></span> <span class='ocrx_word' id='word_1_21' title='bbox 900 4109 1011 4168; x_wconf 81' lang='lat' dir='ltr'><strong>Archia</strong></span> <span class='ocrx_word' id='word_1_22' title='bbox 1044 4108 1198 4166; x_wconf 73' lang='lat' dir='ltr'><strong>Corinthio</strong></span> <span class='ocrx_word' id='word_1_23' title='bbox 1231 4107 1395 4183; x_wconf 78' lang='lat' dir='ltr'><strong>Syracusas</strong></span> <span class='ocrx_word' id='word_1_24' title='bbox 1424 4105 1590 4165; x_wconf 79' lang='lat' dir='ltr'><strong>condidisse</strong></span> 
     </span>
     <span class='ocr_line' id='line_1_8' title="bbox 311 4187 1590 4276; baseline -0.001 -22"><span class='ocrx_word' id='word_1_25' title='bbox 311 4195 407 4254; x_wconf 84' lang='lat' dir='ltr'><strong>fertur</strong></span> <span class='ocrx_word' id='word_1_26' title='bbox 430 4187 471 4274; x_wconf 81' lang='lat' dir='ltr'><strong>(v.</strong></span> <span class='ocrx_word' id='word_1_27' title='bbox 491 4189 532 4276; x_wconf 80' lang='grc'><strong>6),</strong></span> <span class='ocrx_word' id='word_1_28' title='bbox 555 4197 647 4256; x_wconf 88' lang='lat' dir='ltr'><strong>rheda</strong></span> <span class='ocrx_word' id='word_1_29' title='bbox 670 4198 778 4255; x_wconf 83' lang='lat' dir='ltr'><strong>malari</strong></span> <span class='ocrx_word' id='word_1_30' title='bbox 803 4196 848 4255; x_wconf 87' lang='lat'><strong>01.</strong></span> <span class='ocrx_word' id='word_1_31' title='bbox 871 4198 1011 4257; x_wconf 70' lang='lat' dir='ltr'><strong>revicit.</strong></span> <span class='ocrx_word' id='word_1_32' title='bbox 1050 4197 1238 4273; x_wconf 83' lang='lat' dir='ltr'><strong>Quamquam</strong></span> <span class='ocrx_word' id='word_1_33' title='bbox 1262 4196 1340 4253; x_wconf 84' lang='lat' dir='ltr'><strong>enim</strong></span> <span class='ocrx_word' id='word_1_34' title='bbox 1365 4195 1509 4253; x_wconf 89' lang='lat' dir='ltr'><strong>memoria</strong></span> <span class='ocrx_word' id='word_1_35' title='bbox 1532 4195 1590 4253; x_wconf 84' lang='lat' dir='ltr'><strong>vic·</strong></span> 
     </span>
     <span class='ocr_line' id='line_1_9' title="bbox 312 4283 1591 4362; baseline -0.002 -19"><span class='ocrx_word' id='word_1_36' title='bbox 312 4284 407 4343; x_wconf 75' lang='lat' dir='ltr'><strong>toriae</strong></span> <span class='ocrx_word' id='word_1_37' title='bbox 445 4285 505 4343; x_wconf 90' lang='lat' dir='ltr'><strong>iam</strong></span> <span class='ocrx_word' id='word_1_38' title='bbox 542 4286 723 4345; x_wconf 85' lang='lat' dir='ltr'><strong>scholiorum</strong></span> <span class='ocrx_word' id='word_1_39' title='bbox 755 4286 940 4362; x_wconf 75' lang='lat' dir='ltr'><strong>temporibus</strong></span> <span class='ocrx_word' id='word_1_40' title='bbox 973 4287 1147 4345; x_wconf 73' lang='lat' dir='ltr'><strong>oblitterata</strong></span> <span class='ocrx_word' id='word_1_41' title='bbox 1179 4286 1251 4361; x_wconf 73' lang='lat' dir='ltr'><strong>luit,</strong></span> <span class='ocrx_word' id='word_1_42' title='bbox 1288 4288 1388 4342; x_wconf 79' lang='lat' dir='ltr'><strong>tamen</strong></span> <span class='ocrx_word' id='word_1_43' title='bbox 1421 4283 1591 4343; x_wconf 81' lang='lat' dir='ltr'><strong>Bocelrhius</strong></span> 
     </span>
     <span class='ocr_line' id='line_1_10' title="bbox 313 4370 1592 4453; baseline -0.002 -21"><span class='ocrx_word' id='word_1_44' title='bbox 313 4370 486 4448; x_wconf 81' lang='lat' dir='ltr'><strong>Olympiadi</strong></span> <span class='ocrx_word' id='word_1_45' title='bbox 512 4377 551 4432; x_wconf 72' lang='lat'><strong>78</strong></span> <span class='ocrx_word' id='word_1_46' title='bbox 576 4394 642 4433; x_wconf 89' lang='lat' dir='ltr'><strong>eam</strong></span> <span class='ocrx_word' id='word_1_47' title='bbox 666 4379 746 4434; x_wconf 82' lang='lat' dir='ltr'><strong>certo</strong></span> <span class='ocrx_word' id='word_1_48' title='bbox 770 4375 905 4434; x_wconf 87' lang='lat' dir='ltr'><strong>acumine</strong></span> <span class='ocrx_word' id='word_1_49' title='bbox 930 4375 1109 4453; x_wconf 80' lang='lat' dir='ltr'><strong>adsignavit,</strong></span> <span class='ocrx_word' id='word_1_50' title='bbox 1133 4375 1214 4450; x_wconf 85' lang='lat' dir='ltr'><strong>quod</strong></span> <span class='ocrx_word' id='word_1_51' title='bbox 1237 4378 1302 4431; x_wconf 81' lang='lat' dir='ltr'><strong>tum</strong></span> <span class='ocrx_word' id='word_1_52' title='bbox 1327 4373 1469 4448; x_wconf 75' lang='lat' dir='ltr'><strong>temporis</strong></span> <span class='ocrx_word' id='word_1_53' title='bbox 1493 4372 1592 4431; x_wconf 80' lang='lat' dir='ltr'><strong>Aetna</strong></span> 
     </span>
     <span class='ocr_line' id='line_1_11' title="bbox 312 4456 1592 4544; baseline -0.002 -23"><span class='ocrx_word' id='word_1_54' title='bbox 312 4461 384 4521; x_wconf 87' lang='lat' dir='ltr'><strong>urbs</strong></span> <span class='ocrx_word' id='word_1_55' title='bbox 403 4462 463 4521; x_wconf 89' lang='lat' dir='ltr'><strong>iam</strong></span> <span class='ocrx_word' id='word_1_56' title='bbox 482 4463 602 4522; x_wconf 76' lang='lat' dir='ltr'><strong>condita</strong></span> <span class='ocrx_word' id='word_1_57' title='bbox 622 4457 662 4543; x_wconf 86' lang='lat' dir='ltr'><strong>(v.</strong></span> <span class='ocrx_word' id='word_1_58' title='bbox 683 4456 732 4544; x_wconf 78' lang='grc'><strong>96)</strong></span> <span class='ocrx_word' id='word_1_59' title='bbox 752 4469 783 4523; x_wconf 81' lang='lat' dir='ltr'><strong>et</strong></span> <span class='ocrx_word' id='word_1_60' title='bbox 802 4465 949 4523; x_wconf 83' lang='lat' dir='ltr'><strong>Pindarus</strong></span> <span class='ocrx_word' id='word_1_61' title='bbox 968 4485 1002 4522; x_wconf 82' lang='lat' dir='ltr'><strong>ex</strong></span> <span class='ocrx_word' id='word_1_62' title='bbox 1027 4464 1130 4522; x_wconf 85' lang='lat' dir='ltr'><strong>Sicilia</strong></span> <span class='ocrx_word' id='word_1_63' title='bbox 1153 4463 1269 4521; x_wconf 85' lang='lat' dir='ltr'><strong>Thebas</strong></span> <span class='ocrx_word' id='word_1_64' title='bbox 1292 4462 1386 4521; x_wconf 83' lang='lat' dir='ltr'><strong>redux</strong></span> <span class='ocrx_word' id='word_1_65' title='bbox 1408 4462 1592 4520; x_wconf 74' lang='lat' dir='ltr'><strong>secluserat</strong></span> 
     </span>
     <span class='ocr_line' id='line_1_12' title="bbox 313 4542 1591 4634; baseline -0.001 -25"><span class='ocrx_word' id='word_1_66' title='bbox 313 4544 354 4630; x_wconf 81' lang='lat' dir='ltr'><strong>(v.</strong></span> <span class='ocrx_word' id='word_1_67' title='bbox 374 4542 433 4634; x_wconf 80' lang='grc'>86),</span> <span class='ocrx_word' id='word_1_68' title='bbox 457 4552 626 4628; x_wconf 81' lang='lat' dir='ltr'><strong>nequedum</strong></span> <span class='ocrx_word' id='word_1_69' title='bbox 649 4553 740 4612; x_wconf 90' lang='lat' dir='ltr'><strong>Hiero</strong></span> <span class='ocrx_word' id='word_1_70' title='bbox 764 4573 814 4611; x_wconf 85' lang='lat' dir='ltr'><strong>rex</strong></span> <span class='ocrx_word' id='word_1_71' title='bbox 838 4555 901 4612; x_wconf 79' lang='lat' dir='ltr'><strong>vita</strong></span> <span class='ocrx_word' id='word_1_72' title='bbox 924 4554 1083 4612; x_wconf 83' lang='lat' dir='ltr'><strong>defunctus</strong></span> <span class='ocrx_word' id='word_1_73' title='bbox 1107 4558 1179 4611; x_wconf 79' lang='lat' dir='ltr'><strong>erat.</strong></span> <span class='ocrx_word' id='word_1_74' title='bbox 1218 4552 1358 4628; x_wconf 80' lang='lat' dir='ltr'><strong>Iamidae,</strong></span> <span class='ocrx_word' id='word_1_75' title='bbox 1382 4552 1468 4610; x_wconf 90' lang='lat' dir='ltr'><strong>cuius</strong></span> <span class='ocrx_word' id='word_1_76' title='bbox 1491 4551 1591 4629; x_wconf 80' lang='lat' dir='ltr'><strong>gentis</strong></span> 
     </span>
     <span class='ocr_line' id='line_1_13' title="bbox 314 4640 1591 4718; baseline -0.001 -19"><span class='ocrx_word' id='word_1_77' title='bbox 314 4645 421 4699; x_wconf 78' lang='lat' dir='ltr'><strong>auctor</strong></span> <span class='ocrx_word' id='word_1_78' title='bbox 443 4642 544 4700; x_wconf 83' lang='lat' dir='ltr'><strong>lamus</strong></span> <span class='ocrx_word' id='word_1_79' title='bbox 567 4641 605 4700; x_wconf 90' lang='lat' dir='ltr'><strong>ab</strong></span> <span class='ocrx_word' id='word_1_80' title='bbox 628 4642 769 4718; x_wconf 85' lang='lat' dir='ltr'><strong>Apolline</strong></span> <span class='ocrx_word' id='word_1_81' title='bbox 796 4646 881 4718; x_wconf 81' lang='lat' dir='ltr'><strong>patre</strong></span> <span class='ocrx_word' id='word_1_82' title='bbox 909 4642 1092 4702; x_wconf 82' lang='lat' dir='ltr'><strong>vaticinandi</strong></span> <span class='ocrx_word' id='word_1_83' title='bbox 1120 4645 1183 4700; x_wconf 82' lang='lat' dir='ltr'><strong>arlo</strong></span> <span class='ocrx_word' id='word_1_84' title='bbox 1214 4644 1322 4700; x_wconf 83' lang='lat' dir='ltr'><strong>auctus</strong></span> <span class='ocrx_word' id='word_1_85' title='bbox 1345 4659 1408 4699; x_wconf 87' lang='lat' dir='ltr'><strong>esse</strong></span> <span class='ocrx_word' id='word_1_86' title='bbox 1432 4640 1591 4716; x_wconf 74' lang='lat' dir='ltr'><strong>larebatur,</strong></span> 
     </span>
     <span class='ocr_line' id='line_1_14' title="bbox 314 4722 1591 4810; baseline 0 -23"><span class='ocrx_word' id='word_1_87' title='bbox 314 4748 382 4788; x_wconf 84' lang='lat' dir='ltr'><strong>curn</strong></span> <span class='ocrx_word' id='word_1_88' title='bbox 401 4731 432 4789; x_wconf 93' lang='lat' dir='ltr'><strong>in</strong></span> <span class='ocrx_word' id='word_1_89' title='bbox 452 4730 520 4790; x_wconf 87' lang='lat' dir='ltr'><strong>aliis</strong></span> <span class='ocrx_word' id='word_1_90' title='bbox 538 4730 662 4790; x_wconf 87' lang='lat' dir='ltr'><strong>urbibus</strong></span> <span class='ocrx_word' id='word_1_91' title='bbox 681 4734 746 4790; x_wconf 81' lang='lat' dir='ltr'><strong>tum</strong></span> <span class='ocrx_word' id='word_1_92' title='bbox 766 4730 923 4808; x_wconf 79' lang='lat' dir='ltr'><strong>Olympiae</strong></span> <span class='ocrx_word' id='word_1_93' title='bbox 943 4732 973 4789; x_wconf 91' lang='lat' dir='ltr'><strong>in</strong></span> <span class='ocrx_word' id='word_1_94' title='bbox 992 4750 1045 4790; x_wconf 90' lang='lat' dir='ltr'><strong>ara</strong></span> <span class='ocrx_word' id='word_1_95' title='bbox 1063 4730 1142 4789; x_wconf 90' lang='lat' dir='ltr'><strong>Iovis</strong></span> <span class='ocrx_word' id='word_1_96' title='bbox 1163 4751 1197 4788; x_wconf 85' lang='lat' dir='ltr'><strong>ex</strong></span> <span class='ocrx_word' id='word_1_97' title='bbox 1216 4730 1346 4789; x_wconf 77' lang='lat' dir='ltr'><strong>victimis</strong></span> <span class='ocrx_word' id='word_1_98' title='bbox 1367 4722 1421 4810; x_wconf 80' lang='grc' dir='ltr'>(δι’</span> <span class='ocrx_word' id='word_1_99' title='bbox 1442 4727 1591 4807; x_wconf 73' lang='grc' dir='ltr'><strong>ἐμπύρων,</strong></span> 
     </span>
     <span class='ocr_line' id='line_1_15' title="bbox 314 4812 1591 4901; baseline -0.001 -24"><span class='ocrx_word' id='word_1_100' title='bbox 314 4839 341 4877; x_wconf 86' lang='lat' dir='ltr'><strong>v.</strong></span> <span class='ocrx_word' id='word_1_101' title='bbox 365 4820 455 4879; x_wconf 85' lang='lat' dir='ltr'><strong>schol.</strong></span> <span class='ocrx_word' id='word_1_102' title='bbox 479 4820 518 4880; x_wconf 91' lang='lat' dir='ltr'><strong>ad</strong></span> <span class='ocrx_word' id='word_1_103' title='bbox 542 4831 557 4879; x_wconf 78' lang='lat'>7</span> <span class='ocrx_word' id='word_1_104' title='bbox 580 4825 612 4880; x_wconf 77' lang='lat' dir='ltr'><strong>el</strong></span> <span class='ocrx_word' id='word_1_105' title='bbox 636 4812 701 4901; x_wconf 84' lang='grc' dir='ltr'>ιιι)</span> <span class='ocrx_word' id='word_1_106' title='bbox 730 4821 873 4880; x_wconf 79' lang='lat' dir='ltr'><strong>vaticinia</strong></span> <span class='ocrx_word' id='word_1_107' title='bbox 902 4821 1037 4881; x_wconf 77' lang='lat' dir='ltr'><strong>edebant.</strong></span> <span class='ocrx_word' id='word_1_108' title='bbox 1083 4820 1209 4899; x_wconf 81' lang='lat' dir='ltr'><strong>Agesias</strong></span> <span class='ocrx_word' id='word_1_109' title='bbox 1239 4820 1315 4897; x_wconf 86' lang='lat' dir='ltr'><strong>ipse,</strong></span> <span class='ocrx_word' id='word_1_110' title='bbox 1345 4838 1415 4879; x_wconf 90' lang='lat' dir='ltr'><strong>cum</strong></span> <span class='ocrx_word' id='word_1_111' title='bbox 1445 4818 1591 4895; x_wconf 82' lang='lat' dir='ltr'><strong>Hieronis,</strong></span> 
     </span>
    </p>
   </div>
   <div class='ocr_carea' id='block_1_7' title="bbox 0 0 1742 5550">
    <p class='ocr_par' dir='ltr' id='par_1_7' title="bbox 0 0 1742 5550">
     <span class='ocr_line' id='line_1_16' title="bbox 0 0 1742 5550; baseline 0 0"><span class='ocrx_word' id='word_1_112' title='bbox 0 0 1742 5550; x_wconf 95' lang='lat' dir='ltr'><strong> </strong></span> 
     </span>
    </p>
   </div>
  </div>
 </body>
</html>
