<?xml version="1.0" encoding="UTF-8"?>
<!DOCTYPE html PUBLIC "-//W3C//DTD XHTML 1.0 Transitional//EN"
    "http://www.w3.org/TR/xhtml1/DTD/xhtml1-transitional.dtd">
<html xmlns="http://www.w3.org/1999/xhtml" xml:lang="en" lang="en">
 <head>
  <title>
</title>
<meta http-equiv="Content-Type" content="text/html;charset=utf-8" />
  <meta name='ocr-system' content='tesseract 3.04.00' />
  <meta name='ocr-capabilities' content='ocr_page ocr_carea ocr_par ocr_line ocrx_word'/>
</head>
<body>
  <div class='ocr_page' id='page_1' title='image "./pindaricarminap00chrigoog_0474.png"; bbox 0 0 3442 5550; ppageno 0'>
   <div class='ocr_carea' id='block_1_1' title="bbox 539 1421 1176 1880">
    <p class='ocr_par' dir='ltr' id='par_1_1' title="bbox 539 1421 1176 1880">
     <span class='ocr_line' id='line_1_1' title="bbox 576 1421 1144 1521; baseline 0.007 -5"><span class='ocrx_word' id='word_1_1' title='bbox 576 1421 1144 1521; x_wconf 78' lang='grc' dir='ltr'><strong>ΙΣΘΜΙΟΝΙΚΑΙΣ.</strong></span> 
     </span>
     <span class='ocr_line' id='line_1_2' title="bbox 835 1631 878 1686; baseline 0.07 -3"><span class='ocrx_word' id='word_1_2' title='bbox 835 1631 878 1686; x_wconf 78' lang='grc' dir='ltr'>Α’.</span> 
     </span>
     <span class='ocr_line' id='line_1_3' title="bbox 539 1794 1176 1880; baseline 0.005 -3"><span class='ocrx_word' id='word_1_3' title='bbox 539 1794 864 1880; x_wconf 62' lang='grc' dir='ltr'>ΗΡΟΔΟΤΩι</span> <span class='ocrx_word' id='word_1_4' title='bbox 900 1794 1176 1880; x_wconf 65' lang='grc' dir='ltr'>ΘΗΒΑΙΩι</span> 
     </span>
    </p>
   </div>
   <div class='ocr_carea' id='block_1_2' title="bbox 790 1990 922 2041">
    <p class='ocr_par' dir='ltr' id='par_1_2' title="bbox 790 1990 922 2041">
     <span class='ocr_line' id='line_1_4' title="bbox 790 1990 922 2041; baseline 0 -1"><span class='ocrx_word' id='word_1_5' title='bbox 790 1990 922 2041; x_wconf 79' lang='grc' dir='ltr'><strong>ΑΡΜΑΤΙ</strong></span> 
     </span>
    </p>
   </div>
   <div class='ocr_carea' id='block_1_3' title="bbox 767 2272 944 2344">
    <p class='ocr_par' dir='ltr' id='par_1_3' title="bbox 767 2272 944 2344">
     <span class='ocr_line' id='line_1_5' title="bbox 767 2272 944 2344; baseline 0.011 -18"><span class='ocrx_word' id='word_1_6' title='bbox 767 2272 944 2344; x_wconf 74' lang='lat' dir='ltr'>strophae.</span> 
     </span>
    </p>
   </div>
   <div class='ocr_carea' id='block_1_4' title="bbox 215 3779 1490 4931">
    <p class='ocr_par' dir='ltr' id='par_1_4' title="bbox 215 3779 1490 4931">
     <span class='ocr_line' id='line_1_6' title="bbox 306 3779 1490 3857; baseline 0.002 -19"><span class='ocrx_word' id='word_1_7' title='bbox 306 3779 491 3840; x_wconf 87' lang='lat' dir='ltr'>Herodotum</span> <span class='ocrx_word' id='word_1_8' title='bbox 504 3781 672 3857; x_wconf 88' lang='lat' dir='ltr'>Asopodori</span> <span class='ocrx_word' id='word_1_9' title='bbox 687 3780 782 3840; x_wconf 88' lang='lat' dir='ltr'>filium</span> <span class='ocrx_word' id='word_1_10' title='bbox 797 3781 972 3840; x_wconf 83' lang='lat' dir='ltr'>Thebanum</span> <span class='ocrx_word' id='word_1_11' title='bbox 987 3801 1076 3840; x_wconf 89' lang='lat' dir='ltr'>curru</span> <span class='ocrx_word' id='word_1_12' title='bbox 1092 3781 1217 3841; x_wconf 87' lang='lat' dir='ltr'>Isthmia</span> <span class='ocrx_word' id='word_1_13' title='bbox 1232 3781 1336 3842; x_wconf 87' lang='lat' dir='ltr'>vicisse</span> <span class='ocrx_word' id='word_1_14' title='bbox 1351 3782 1490 3841; x_wconf 89' lang='lat' dir='ltr'>eundem·</span> 
     </span>
     <span class='ocr_line' id='line_1_7' title="bbox 217 3869 1490 3946; baseline 0.002 -19"><span class='ocrx_word' id='word_1_15' title='bbox 217 3889 275 3946; x_wconf 93' lang='lat' dir='ltr'>que</span> <span class='ocrx_word' id='word_1_16' title='bbox 299 3870 410 3928; x_wconf 88' lang='lat' dir='ltr'>multas</span> <span class='ocrx_word' id='word_1_17' title='bbox 434 3871 509 3929; x_wconf 85' lang='lat' dir='ltr'>alias</span> <span class='ocrx_word' id='word_1_18' title='bbox 528 3870 669 3930; x_wconf 86' lang='lat' dir='ltr'>victorias</span> <span class='ocrx_word' id='word_1_19' title='bbox 692 3870 771 3929; x_wconf 91' lang='lat' dir='ltr'>ludis</span> <span class='ocrx_word' id='word_1_20' title='bbox 790 3870 940 3929; x_wconf 79' lang='lat' dir='ltr'><strong>Thebanis</strong></span> <span class='ocrx_word' id='word_1_21' title='bbox 959 3869 1163 3930; x_wconf 89' lang='lat' dir='ltr'>Orchomeniis</span> <span class='ocrx_word' id='word_1_22' title='bbox 1181 3870 1343 3930; x_wconf 82' lang='lat' dir='ltr'>Eleusiniis</span> <span class='ocrx_word' id='word_1_23' title='bbox 1362 3871 1490 3931; x_wconf 86' lang='lat' dir='ltr'>Protesi·</span> 
     </span>
     <span class='ocr_line' id='line_1_8' title="bbox 216 3959 1489 4036; baseline 0.002 -20"><span class='ocrx_word' id='word_1_24' title='bbox 216 3959 285 4017; x_wconf 89' lang='lat' dir='ltr'>laiis</span> <span class='ocrx_word' id='word_1_25' title='bbox 309 3963 500 4019; x_wconf 85' lang='lat' dir='ltr'>consecutum</span> <span class='ocrx_word' id='word_1_26' title='bbox 524 3979 586 4019; x_wconf 84' lang='lat' dir='ltr'>csse</span> <span class='ocrx_word' id='word_1_27' title='bbox 610 3981 644 4019; x_wconf 84' lang='lat' dir='ltr'>ex</span> <span class='ocrx_word' id='word_1_28' title='bbox 667 3960 723 4019; x_wconf 92' lang='lat' dir='ltr'>hoc</span> <span class='ocrx_word' id='word_1_29' title='bbox 747 3959 875 4019; x_wconf 82' lang='lat' dir='ltr'>carmine</span> <span class='ocrx_word' id='word_1_30' title='bbox 900 3960 964 4036; x_wconf 89' lang='lat' dir='ltr'>ipso</span> <span class='ocrx_word' id='word_1_31' title='bbox 988 3960 1193 4036; x_wconf 72' lang='lat' dir='ltr'>comperimus,</span> <span class='ocrx_word' id='word_1_32' title='bbox 1240 3960 1436 4020; x_wconf 67' lang='lat' dir='ltr'>decumana</span> <span class='ocrx_word' id='word_1_33' title='bbox 1461 3961 1489 4018; x_wconf 93' lang='lat' dir='ltr'>in</span> 
     </span>
     <span class='ocr_line' id='line_1_9' title="bbox 216 4048 1489 4125; baseline 0.002 -19"><span class='ocrx_word' id='word_1_34' title='bbox 216 4048 336 4108; x_wconf 87' lang='lat' dir='ltr'>scholiis</span> <span class='ocrx_word' id='word_1_35' title='bbox 359 4069 456 4125; x_wconf 91' lang='lat' dir='ltr'>nequc</span> <span class='ocrx_word' id='word_1_36' title='bbox 479 4050 517 4108; x_wconf 91' lang='lat' dir='ltr'>ad</span> <span class='ocrx_word' id='word_1_37' title='bbox 540 4050 595 4109; x_wconf 94' lang='lat' dir='ltr'>hoc</span> <span class='ocrx_word' id='word_1_38' title='bbox 619 4069 714 4125; x_wconf 91' lang='lat' dir='ltr'>neque</span> <span class='ocrx_word' id='word_1_39' title='bbox 738 4049 776 4107; x_wconf 90' lang='lat' dir='ltr'>ad</span> <span class='ocrx_word' id='word_1_40' title='bbox 800 4048 916 4125; x_wconf 92' lang='lat' dir='ltr'>reliqua</span> <span class='ocrx_word' id='word_1_41' title='bbox 940 4049 1072 4108; x_wconf 86' lang='lat' dir='ltr'>carmina</span> <span class='ocrx_word' id='word_1_42' title='bbox 1095 4049 1238 4108; x_wconf 85' lang='lat' dir='ltr'>isthmica</span> <span class='ocrx_word' id='word_1_43' title='bbox 1261 4049 1357 4107; x_wconf 83' lang='lat' dir='ltr'>relata</span> <span class='ocrx_word' id='word_1_44' title='bbox 1376 4049 1489 4109; x_wconf 83' lang='lat' dir='ltr'>inveni·</span> 
     </span>
     <span class='ocr_line' id='line_1_10' title="bbox 215 4137 1489 4217; baseline 0.001 -21"><span class='ocrx_word' id='word_1_45' title='bbox 215 4157 290 4196; x_wconf 85' lang='lat' dir='ltr'>mus.</span> <span class='ocrx_word' id='word_1_46' title='bbox 324 4137 461 4217; x_wconf 82' lang='lat' dir='ltr'>Catalogi</span> <span class='ocrx_word' id='word_1_47' title='bbox 480 4140 558 4198; x_wconf 88' lang='lat' dir='ltr'>enim</span> <span class='ocrx_word' id='word_1_48' title='bbox 577 4139 786 4198; x_wconf 88' lang='lat' dir='ltr'>Isthmicorum</span> <span class='ocrx_word' id='word_1_49' title='bbox 810 4138 948 4198; x_wconf 92' lang='lat' dir='ltr'>ludorum</span> <span class='ocrx_word' id='word_1_50' title='bbox 973 4159 1069 4215; x_wconf 89' lang='lat' dir='ltr'>neque</span> <span class='ocrx_word' id='word_1_51' title='bbox 1093 4138 1130 4197; x_wconf 97' lang='lat' dir='ltr'>ab</span> <span class='ocrx_word' id='word_1_52' title='bbox 1150 4137 1312 4197; x_wconf 78' lang='lat' dir='ltr'>Aristotele</span> <span class='ocrx_word' id='word_1_53' title='bbox 1337 4157 1431 4213; x_wconf 89' lang='lat' dir='ltr'>neque</span> <span class='ocrx_word' id='word_1_54' title='bbox 1452 4138 1489 4197; x_wconf 93' lang='lat' dir='ltr'>ab</span> 
     </span>
     <span class='ocr_line' id='line_1_11' title="bbox 215 4226 1489 4306; baseline 0.001 -21"><span class='ocrx_word' id='word_1_55' title='bbox 215 4227 424 4287; x_wconf 81' lang='lat' dir='ltr'>Alexandrinis</span> <span class='ocrx_word' id='word_1_56' title='bbox 446 4227 649 4306; x_wconf 76' lang='lat' dir='ltr'>grammaticis</span> <span class='ocrx_word' id='word_1_57' title='bbox 672 4228 799 4288; x_wconf 84' lang='lat' dir='ltr'>confecti</span> <span class='ocrx_word' id='word_1_58' title='bbox 823 4246 886 4287; x_wconf 88' lang='lat' dir='ltr'>esse</span> <span class='ocrx_word' id='word_1_59' title='bbox 905 4228 1051 4287; x_wconf 81' lang='lat' dir='ltr'>videntur.</span> <span class='ocrx_word' id='word_1_60' title='bbox 1089 4227 1171 4298; x_wconf 81' lang='lat' dir='ltr'>Quae</span> <span class='ocrx_word' id='word_1_61' title='bbox 1190 4247 1258 4286; x_wconf 92' lang='lat' dir='ltr'>curn</span> <span class='ocrx_word' id='word_1_62' title='bbox 1277 4226 1322 4285; x_wconf 87' lang='lat' dir='ltr'>ita</span> <span class='ocrx_word' id='word_1_63' title='bbox 1341 4226 1409 4303; x_wconf 90' lang='lat' dir='ltr'>sint,</span> <span class='ocrx_word' id='word_1_64' title='bbox 1429 4245 1489 4301; x_wconf 89' lang='lat' dir='ltr'>quo</span> 
     </span>
     <span class='ocr_line' id='line_1_12' title="bbox 215 4315 1489 4394; baseline -0.001 -19"><span class='ocrx_word' id='word_1_65' title='bbox 215 4320 348 4391; x_wconf 88' lang='lat' dir='ltr'>tempore</span> <span class='ocrx_word' id='word_1_66' title='bbox 371 4316 513 4375; x_wconf 87' lang='lat' dir='ltr'>Isthmica</span> <span class='ocrx_word' id='word_1_67' title='bbox 535 4317 607 4376; x_wconf 87' lang='lat' dir='ltr'>hacc</span> <span class='ocrx_word' id='word_1_68' title='bbox 627 4317 753 4376; x_wconf 83' lang='lat' dir='ltr'>victoria</span> <span class='ocrx_word' id='word_1_69' title='bbox 771 4317 916 4377; x_wconf 82' lang='lat' dir='ltr'>Herodoti</span> <span class='ocrx_word' id='word_1_70' title='bbox 934 4319 1087 4394; x_wconf 88' lang='lat' dir='ltr'>reportata</span> <span class='ocrx_word' id='word_1_71' title='bbox 1107 4318 1154 4394; x_wconf 81' lang='lat' dir='ltr'>sit,</span> <span class='ocrx_word' id='word_1_72' title='bbox 1178 4316 1251 4375; x_wconf 90' lang='lat' dir='ltr'>nihil</span> <span class='ocrx_word' id='word_1_73' title='bbox 1270 4315 1344 4375; x_wconf 83' lang='lat' dir='ltr'>certi</span> <span class='ocrx_word' id='word_1_74' title='bbox 1362 4317 1489 4376; x_wconf 85' lang='lat' dir='ltr'>constat.</span> 
     </span>
     <span class='ocr_line' id='line_1_13' title="bbox 216 4404 1489 4467; baseline 0 -5"><span class='ocrx_word' id='word_1_75' title='bbox 216 4405 329 4464; x_wconf 81' lang='lat' dir='ltr'>Verum</span> <span class='ocrx_word' id='word_1_76' title='bbox 348 4426 415 4465; x_wconf 91' lang='lat' dir='ltr'>cum</span> <span class='ocrx_word' id='word_1_77' title='bbox 435 4406 464 4463; x_wconf 90' lang='lat' dir='ltr'>in</span> <span class='ocrx_word' id='word_1_78' title='bbox 484 4405 624 4465; x_wconf 89' lang='lat' dir='ltr'>laudibus</span> <span class='ocrx_word' id='word_1_79' title='bbox 643 4406 720 4465; x_wconf 88' lang='lat' dir='ltr'>[olai</span> <span class='ocrx_word' id='word_1_80' title='bbox 736 4406 869 4465; x_wconf 81' lang='lat' dir='ltr'>Thebani</span> <span class='ocrx_word' id='word_1_81' title='bbox 889 4411 919 4465; x_wconf 86' lang='lat' dir='ltr'>et</span> <span class='ocrx_word' id='word_1_82' title='bbox 938 4407 1071 4467; x_wconf 91' lang='lat' dir='ltr'>Pollucis</span> <span class='ocrx_word' id='word_1_83' title='bbox 1089 4404 1316 4466; x_wconf 81' lang='lat' dir='ltr'>Lacedaemonii</span> <span class='ocrx_word' id='word_1_84' title='bbox 1335 4404 1489 4464; x_wconf 84' lang='lat' dir='ltr'>efferendis</span> 
     </span>
     <span class='ocr_line' id='line_1_14' title="bbox 215 4493 1489 4573; baseline 0 -21"><span class='ocrx_word' id='word_1_85' title='bbox 215 4494 271 4554; x_wconf 87' lang='lat' dir='ltr'>hoc</span> <span class='ocrx_word' id='word_1_86' title='bbox 298 4513 415 4554; x_wconf 90' lang='lat' dir='ltr'>carmen</span> <span class='ocrx_word' id='word_1_87' title='bbox 443 4496 570 4554; x_wconf 80' lang='lat' dir='ltr'>maxime</span> <span class='ocrx_word' id='word_1_88' title='bbox 598 4499 746 4573; x_wconf 84' lang='lat' dir='ltr'>versetur,</span> <span class='ocrx_word' id='word_1_89' title='bbox 775 4495 842 4555; x_wconf 90' lang='lat' dir='ltr'>inde</span> <span class='ocrx_word' id='word_1_90' title='bbox 870 4496 1023 4572; x_wconf 86' lang='lat' dir='ltr'>probabile</span> <span class='ocrx_word' id='word_1_91' title='bbox 1052 4496 1098 4573; x_wconf 83' lang='lat' dir='ltr'>fit,</span> <span class='ocrx_word' id='word_1_92' title='bbox 1127 4516 1161 4556; x_wconf 84' lang='lat' dir='ltr'>eo</span> <span class='ocrx_word' id='word_1_93' title='bbox 1189 4500 1322 4572; x_wconf 89' lang='lat' dir='ltr'>tempore</span> <span class='ocrx_word' id='word_1_94' title='bbox 1351 4493 1381 4552; x_wconf 92' lang='lat' dir='ltr'>id</span> <span class='ocrx_word' id='word_1_95' title='bbox 1411 4512 1489 4554; x_wconf 85' lang='lat' dir='ltr'>oom-</span> 
     </span>
     <span class='ocr_line' id='line_1_15' title="bbox 215 4575 1489 4662; baseline -0.002 -19"><span class='ocrx_word' id='word_1_96' title='bbox 215 4584 348 4660; x_wconf 86' lang='lat' dir='ltr'>positum</span> <span class='ocrx_word' id='word_1_97' title='bbox 366 4603 437 4662; x_wconf 87' lang='lat' dir='ltr'>osse,</span> <span class='ocrx_word' id='word_1_98' title='bbox 458 4604 517 4660; x_wconf 93' lang='lat' dir='ltr'>quo</span> <span class='ocrx_word' id='word_1_99' title='bbox 537 4585 618 4644; x_wconf 89' lang='lat' dir='ltr'>salus</span> <span class='ocrx_word' id='word_1_100' title='bbox 637 4585 752 4661; x_wconf 88' lang='lat' dir='ltr'>patriae</span> <span class='ocrx_word' id='word_1_101' title='bbox 772 4585 888 4644; x_wconf 84' lang='lat' dir='ltr'>loedere</span> <span class='ocrx_word' id='word_1_102' title='bbox 908 4586 1117 4646; x_wconf 82' lang='lat' dir='ltr'>Thebanorum</span> <span class='ocrx_word' id='word_1_103' title='bbox 1136 4589 1167 4643; x_wconf 87' lang='lat' dir='ltr'>ct</span> <span class='ocrx_word' id='word_1_104' title='bbox 1185 4575 1489 4643; x_wconf 77' lang='lat' dir='ltr'>Lacedaemoniorum</span> 
     </span>
     <span class='ocr_line' id='line_1_16' title="bbox 215 4671 1489 4752; baseline -0.002 -21"><span class='ocrx_word' id='word_1_105' title='bbox 215 4672 313 4732; x_wconf 90' lang='lat' dir='ltr'>denuo</span> <span class='ocrx_word' id='word_1_106' title='bbox 345 4674 519 4733; x_wconf 84' lang='lat' dir='ltr'>confirmata</span> <span class='ocrx_word' id='word_1_107' title='bbox 552 4693 614 4734; x_wconf 87' lang='lat' dir='ltr'>csse</span> <span class='ocrx_word' id='word_1_108' title='bbox 646 4674 817 4750; x_wconf 81' lang='lat' dir='ltr'>videbatur,</span> <span class='ocrx_word' id='word_1_109' title='bbox 844 4675 864 4733; x_wconf 91' lang='lat' dir='ltr'>i.</span> <span class='ocrx_word' id='word_1_110' title='bbox 887 4696 911 4736; x_wconf 89' lang='lat' dir='ltr'>e.</span> <span class='ocrx_word' id='word_1_111' title='bbox 936 4673 982 4734; x_wconf 90' lang='lat' dir='ltr'>Ol.</span> <span class='ocrx_word' id='word_1_112' title='bbox 1008 4678 1063 4752; x_wconf 83' lang='lat'>80,</span> <span class='ocrx_word' id='word_1_113' title='bbox 1089 4678 1106 4733; x_wconf 81' lang='lat'><strong>2</strong></span> <span class='ocrx_word' id='word_1_114' title='bbox 1132 4675 1193 4734; x_wconf 85' lang='lat' dir='ltr'>sive</span> <span class='ocrx_word' id='word_1_115' title='bbox 1224 4692 1251 4732; x_wconf 86' lang='lat' dir='ltr'>a.</span> <span class='ocrx_word' id='word_1_116' title='bbox 1274 4675 1338 4732; x_wconf 79' lang='lat'>458</span> <span class='ocrx_word' id='word_1_117' title='bbox 1363 4691 1389 4730; x_wconf 87' lang='lat' dir='ltr'>a.</span> <span class='ocrx_word' id='word_1_118' title='bbox 1413 4671 1489 4750; x_wconf 73' lang='lat' dir='ltr'>Cha,</span> 
     </span>
     <span class='ocr_line' id='line_1_17' title="bbox 216 4756 1489 4844; baseline -0.002 -23"><span class='ocrx_word' id='word_1_119' title='bbox 216 4767 285 4822; x_wconf 86' lang='lat' dir='ltr'>ante</span> <span class='ocrx_word' id='word_1_120' title='bbox 313 4762 454 4838; x_wconf 83' lang='lat' dir='ltr'>Pythicos</span> <span class='ocrx_word' id='word_1_121' title='bbox 481 4764 568 4823; x_wconf 92' lang='lat' dir='ltr'>ludos</span> <span class='ocrx_word' id='word_1_122' title='bbox 592 4763 778 4840; x_wconf 84' lang='lat' dir='ltr'>Olympiadis</span> <span class='ocrx_word' id='word_1_123' title='bbox 803 4766 853 4833; x_wconf 78' lang='lat'>80,</span> <span class='ocrx_word' id='word_1_124' title='bbox 878 4766 896 4822; x_wconf 88' lang='grc'><strong><em>3</em></strong></span> <span class='ocrx_word' id='word_1_125' title='bbox 922 4757 963 4844; x_wconf 85' lang='lat' dir='ltr'>(v.</span> <span class='ocrx_word' id='word_1_126' title='bbox 988 4756 1044 4844; x_wconf 81' lang='lat'>65).</span> <span class='ocrx_word' id='word_1_127' title='bbox 1090 4763 1259 4841; x_wconf 83' lang='lat' dir='ltr'>Naufragia</span> <span class='ocrx_word' id='word_1_128' title='bbox 1287 4765 1388 4820; x_wconf 85' lang='lat' dir='ltr'>autem</span> <span class='ocrx_word' id='word_1_129' title='bbox 1415 4761 1489 4840; x_wconf 76' lang='lat' dir='ltr'>dira,</span> 
     </span>
     <span class='ocr_line' id='line_1_18' title="bbox 215 4851 1488 4931; baseline 0.001 -21"><span class='ocrx_word' id='word_1_130' title='bbox 215 4852 325 4930; x_wconf 86' lang='lat' dir='ltr'>quibus</span> <span class='ocrx_word' id='word_1_131' title='bbox 339 4852 540 4931; x_wconf 79' lang='lat' dir='ltr'>Asopodorus,</span> <span class='ocrx_word' id='word_1_132' title='bbox 554 4857 641 4930; x_wconf 88' lang='lat' dir='ltr'>pater</span> <span class='ocrx_word' id='word_1_133' title='bbox 655 4852 806 4927; x_wconf 85' lang='lat' dir='ltr'>Herodoti,</span> <span class='ocrx_word' id='word_1_134' title='bbox 826 4853 957 4913; x_wconf 89' lang='lat' dir='ltr'>afflictus</span> <span class='ocrx_word' id='word_1_135' title='bbox 972 4853 1080 4913; x_wconf 87' lang='lat' dir='ltr'>Thebis</span> <span class='ocrx_word' id='word_1_136' title='bbox 1095 4852 1314 4913; x_wconf 90' lang='lat' dir='ltr'>Orchomenum</span> <span class='ocrx_word' id='word_1_137' title='bbox 1329 4851 1488 4911; x_wconf 86' lang='lat' dir='ltr'>concedere</span> 
     </span>
    </p>
   </div>
   <div class='ocr_carea' id='block_1_5' title="bbox 0 0 1726 5550">
    <p class='ocr_par' dir='ltr' id='par_1_5' title="bbox 0 0 1726 5550">
     <span class='ocr_line' id='line_1_19' title="bbox 0 0 1726 5550; baseline 0 1"><span class='ocrx_word' id='word_1_138' title='bbox 0 0 1726 5550; x_wconf 95' lang='lat' dir='ltr'> </span> 
     </span>
    </p>
   </div>
  </div>
 </body>
</html>
