3442 5550
787 405 935 455 PlNDARI
954 405 1119 456 EPINICIA.

473 564 633 652 Ὀλυμπίᾳ
655 562 716 650 μὲν
738 566 800 649 γάρ
825 566 925 642 αὐτὸς
1274 563 1359 629 Ἀντ.
1383 561 1425 646 γ’.

478 672 575 758 γέρας
598 674 724 751 ἔδεκτο,
748 678 892 737 Πυθῶνι
917 672 946 736 δ’
974 673 1160 757 ὁμόκλαρον
1185 672 1217 747 ές
1240 671 1403 756 ἀδελφεὸν

399 797 432 843 55
475 778 608 864 Ἰσθμοῖ
628 804 662 843 τε
685 778 794 844 κοιναὶ
818 780 956 863 Χάριτες
980 782 1086 844 ἀνθεα
1110 783 1245 862 τεθρέπ-
1473 796 1506 841 90

530 909 602 951 πων
626 886 911 971 δυωδεκαδρόμων

386 1003 440 1067 (51)
478 995 611 1075 ἀγαγον.
657 995 694 1058 τὸ
718 990 754 1057 δὲ·
777 1005 889 1077 τυχεῖν

475 1102 679 1183 πειρώμενον
702 1099 847 1181 ἀγωνίας
869 1101 1030 1185 παραλύει
1054 1101 1260 1183 δυσφρονᾶν.
1472 1118 1505 1163 95

477 1207 494 1271 ὁ
518 1208 584 1290 μάν
607 1212 749 1282 πλοῦτος
773 1206 904 1293 ἀρεταῖς
927 1205 1184 1290 δεδαιδαλμένος

476 1312 569 1397 φέρει
593 1325 660 1378 τῶν
683 1312 795 1378 τεκαὶ
818 1325 886 1377 τῶν

396 1439 429 1483 oo
475 1424 607 1503 καιρόν,
630 1424 773 1503 βαθεῖαν
796 1419 928 1504 ὑπέχων
950 1418 1113 1504 μέριμναν
1136 1418 1334 1506 ἀγροτέραν,
1457 1437 1506 1483 roe

386 1608 440 1672 (oe)
478 1597 580 1682 ἀστὴρ
606 1597 771 1681 ἀρίζηλος,
795 1597 1002 1681 έτυμώτατον
1290 1596 1358 1661 Ἐπ.
1382 1596 1425 1678 γ’.

477 1703 575 1789 ἀνδρὶ
600 1703 734 1788 φέγγος·
759 1710 792 1767 εῖ

528 1809 568 1892 γέ
589 1835 644 1875 νιν
667 1813 751 1894 ἔχων
775 1834 824 1885 τις
847 1805 954 1874 οἶ-δεν
977 1811 1014 1874 τὸ
1038 1810 1173 1894 μέλλον,

476 1919 526 1983 ὅτι
549 1921 727 1981 θανόντων
749 1913 810 2001 μὲν
834 1915 948 1981 ἐνθάδ’
977 1912 1028 1981 αὖ·

529 2048 578 2099 τις
602 2024 787 2107 ἀπάλαμνοι
807 2022 928 2107 φρένες
1454 2041 1504 2087 105

385 2223 426 2271 bb.
443 2214 566 2270 δυόδεκα
581 2214 692 2286 δρόμων
707 2216 734 2268 Β
749 2248 781 2254 -
798 2221 839 2269 57.
859 2220 960 2283 παραλ.
976 2218 1076 2283 δυσφρ.
1092 2214 1188 2270 Trici:
1204 2216 1305 2285 δυσφρ.
1321 2221 1422 2285 παραλ.
1439 2218 1597 2271 ABODE

314 2320 347 2327 —
367 2291 530 2356 δυσφρονᾶν
545 2288 615 2342 coni.
632 2286 753 2341 Dindorf
760 2311 766 2342 ε
782 2287 982 2354 δυσφρυσύναν
992 2288 1052 2341 AB
1060 2287 1122 2351 CI),
1142 2286 1310 2355 δυσφρόνων
1320 2287 1413 2356 Trici,
1427 2289 1595 2356 ἀφροσυνᾶν

314 2357 399 2414 schol.
421 2391 453 2398 -
473 2363 514 2413 58.
535 2358 721 2425 δαιδαλμένος
734 2358 764 2412 D
783 2390 815 2397 —
836 2363 878 2412 59.
897 2377 938 2413 re:
960 2361 992 2411 δε
1007 2360 1033 2411 Α
1054 2391 1086 2397 -
1107 2365 1149 2412 6⁴2.
1170 2358 1199 2412 εἴ
1213 2378 1243 2428 γε
1263 2359 1389 2427 Boeckh3
1409 2360 1434 2412 εἰ
1453 2358 1483 2413 δὲ
1503 2359 1593 2426 codd,

315 2427 376 2482 εὖτε
396 2430 548 2498 Hermann,
568 2428 598 2484 εδ
617 2431 649 2484 δέ
668 2452 713 2485 νιν
733 2428 749 2483 ἕ
764 2450 804 2483 ων
822 2450 864 2491 τις
878 2429 948 2483 οἴσει
962 2429 1131 2483 Herwerden
1153 2462 1184 2468 -
1205 2436 1247 2484 63.
1267 2427 1348 2492 αὖτις
1361 2430 1430 2484 coni.
1447 2430 1595 2484 Rauehen-

313 2501 398 2556 stein:
419 2499 513 2555 αὐτίκ’
534 2502 614 2557 codd.
635 2505 664 2556 et
683 2451 769 2555 achei.
790 2533 822 2539 --

388 2649 430 2699 54.
451 2643 576 2697 victoriis
595 2643 730 2712 Pythicae
745 2646 774 2696 et
787 2641 947 2711 isthmioae,
966 2660 1084 2711 quarum
1103 2644 1219 2696 fratrem
1234 2644 1418 2697 Xenocratem
1437 2650 1594 2697 consortem

314 2712 404 2767 Thero
419 2714 528 2783 habuit,
544 2714 670 2767 carmina
683 2714 713 2768 P.
724 2734 751 2768 vr
765 2719 795 2767 et
809 2715 828 2767 Ι.
839 2733 860 2765 n
874 2718 1038 2768 consecratu
1052 2717 1118 2768 sunt
1133 2747 1165 2754 -
1181 2720 1224 2770 55.
1243 2711 1478 2783 δυδεκαδρόμων·
1494 2713 1593 2769 schot:

314 2783 356 2838 ὅτι
371 2786 481 2839 δώδεκα
497 2784 616 2856 δρόμους
631 2785 742 2855 ἔτρεχον
756 2790 791 2838 τὰ
805 2784 895 2838 τέλεια
911 2784 1030 2854 ἅρματα,
1044 2784 1168 2839 τουτέστι
1183 2786 1222 2858 ιβ’
1239 2794 1415 2855 καμπτῆρας
1431 2784 1465 2840 cf.
1478 2784 1508 2840 0.
1519 2804 1550 2837 111
1560 2802 1594 2840 es.

314 2874 341 2908 v1
361 2873 392 2909 vs.
413 2856 435 2910 Ρ
464 2876 480 2909 v
499 2874 537 2921 σος
562 2859 596 2910 de
616 2857 750 2927 ambigua
769 2856 942 2924 quaestione,
962 2859 1056 2910 utrum
1075 2857 1223 2911 duodecim
1242 2856 1381 2909 curricula
1399 2855 1540 2926 simplicia
1558 2873 1596 2909 an

315 2927 351 2979 du
373 2927 402 2980 la
435 2928 551 2994 fuerint,
575 2928 620 2982 vel
644 2931 737 2982 utrum
761 2927 910 2982 duodecies
934 2946 970 2980 an
999 2927 1088 2982 sexies
1113 2927 1187 2981 circa
1206 2932 1310 2981 metam
1329 2928 1510 2995 cucurrerint,
1528 2926 1594 2981 vide

316 2945 445 3068 Poiiach,
469 2999 702 3070 Hippodromica,
726 2999 800 3068 Lips.
822 3004 891 3052 1890
909 3018 935 3069 p.
957 3016 995 3053 ror
1020 3031 1052 3038 -
1076 3006 1119 3054 57.
1139 3001 1316 3067 δυσφρονᾶν,
1340 2999 1415 3068 quod
1435 2992 1594 3053 Dindorfius

314 3070 446 3138 restituit,
466 3071 503 3124 ud
522 3071 684 3140 analogiam
703 3069 903 3125 vocabulorum
922 3068 1060 3138 εὐφρόνη,
1080 3068 1238 3138 δυσφρόνη,
1258 3068 1370 3139 epodon
1386 3070 1536 3124 formatum
1551 3071 1595 3124 est

314 3173 345 3181 -
371 3148 412 3195 60.
442 3140 609 3211 ἀγροτέραν·
638 3142 812 3211 θηρευτικὴν
840 3140 948 3194 scholia
976 3141 1208 3211 interpretantur,
1233 3145 1261 3194 et
1285 3141 1419 3209 analogia
1440 3139 1594 3210 Ἀρτέμιδος

314 3213 467 3280 ἀγροτέρας
487 3213 652 3283 interpretes
667 3214 846 3279 confirmant,
866 3212 930 3265 aliis
945 3212 1022 3280 locis,
1042 3215 1074 3265 ut
1092 3212 1121 3267 P.
1136 3232 1167 3264 111
1181 3230 1202 3266 ι.
1221 3212 1256 3268 N.
1271 3232 1302 3264 nr
1317 3230 1351 3281 ιο,
1370 3213 1490 3267 fortasse
1505 3213 1593 3266 etium

317 3283 346 3336 P.
367 3303 394 3336 rx
414 3302 426 3333 c
445 3284 571 3353 vulgaris
591 3284 761 3354 significatio
781 3284 877 3351 ‘ferae
897 3300 914 3336 a
949 3282 1028 3336 estis'
1049 3282 1114 3337 huie
1133 3283 1240 3337 nomini
1259 3287 1309 3337 est.

387 3360 429 3408 62.
455 3355 590 3408 Theronis
613 3355 734 3425 epinicio
757 3354 903 3424 aptissime
949 3354 1061 3407 'ndurus
1090 3354 1189 3407 inserit
1220 3354 1326 3424 placita
1348 3354 1532 3424 Orphieorum
1557 3355 1592 3409 de

335 3425 412 3479 eenis
437 3428 465 3479 et
488 3426 620 3495 praemiis
645 3426 840 3480 defunctorum
863 3430 889 3478 et
914 3425 1153 3494 Pythagoreorum
1182 3426 1290 3480 somnia
1321 3426 1355 3480 de
1383 3425 1592 3496 palingenesiu;

313 3443 383 3549 Haec
404 3495 559 3549 enimcum
579 3497 608 3549 in
627 3496 711 3554 ltalia
731 3499 760 3551 et
779 3497 876 3550 Sicilia
897 3497 1065 3566 pervulgata
1088 3501 1182 3551 essent·
1201 3498 1247 3567 (cf.
1266 3497 1337 3550 Ervv.
1358 3497 1464 3564 Rohde,
1483 3496 1592 3565 Psyche

312 3585 339 3636 p.
354 3583 394 3621 urs
408 3570 464 3636 ss),
479 3567 599 3622 Theroni
616 3571 644 3620 et
657 3568 735 3638 genti
750 3568 986 3636 Emmenidurum,
1001 3585 1057 3637 qua
1074 3567 1181 3637 pietate
1196 3586 1263 3638 erge
1278 3568 1345 3623 deos
1360 3570 1450 3634 erunt,
1464 3568 1592 3637 apprime

365 3640 395 3691 ta
415 3641 444 3691 et
462 3642 579 3707 accepta
598 3644 686 3693 erant.
724 3638 834 3694 Similia
858 3640 893 3693 de
916 3639 960 3692 his
984 3637 1066 3692 rebus
1091 3645 1234 3708 exponunt
1257 3640 1395 3692 Pindarus
1414 3638 1446 3692 fr.
1467 3655 1590 3693 rasi-rso.

334 3709 393 3763 lato
421 3710 456 3762 de
488 3727 544 3778 rep.
565 3730 580 3762 x
601 3727 638 3764 mv
659 3728 711 3777 ss,
739 3711 856 3764 Phaedr.
877 3728 923 3765 νιν.
960 3710 1005 3764 Ps.
1029 3710 1101 3765 Plut.
1125 3711 1240 3765 Axiooh.
1260 3728 1307 3766 un.
1349 3708 1490 3778 Vergilius
1519 3710 1588 3766 Aen.

312 3800 340 3834 vr
354 3797 392 3836 res
407 3799 441 3835 ss.
471 3780 571 3835 Totum
587 3782 659 3835 hanc
677 3781 833 3836 doctrinam
853 3781 991 3836 uberrime
1010 3797 1098 3851 nuper
1112 3782 1297 3869 pertractavit
1311 3780 1460 3848 Dieterich,
1479 3778 1591 3849 Nekyiu

258 3904 264 3919 ,
313 3869 350 3905 uo
360 3870 396 3905 ss.
413 3884 445 3891 -
460 3858 502 3906 6⁴2.
518 3854 601 3921 ἀνδρὶ
615 3851 728 3923 φέγγος·
745 3854 778 3908 of.
790 3853 932 3923 Aristoph.
948 3853 1020 3907 Plut.
1036 3869 1076 3908 eso
1090 3873 1159 3923 μεγα
1175 3856 1297 3924 βροτοῖσι
1311 3852 1412 3922 φέγγος
1428 3849 1590 3919 Ἀσκληπιόν

313 3954 345 3962 -
369 3923 399 3977 εἴ
417 3923 449 3992 γέ
472 3943 528 3978 νιν·
554 3924 621 3994 loci,
649 3924 761 3994 qualern
785 3924 942 3979 Boechhius
961 3924 1097 3993 restituit,
1125 3925 1265 3978 sententia
1291 3924 1360 3978 haec
1387 3925 1442 3977 est:
1471 3920 1590 3976 divitiae

312 3993 464 4048 virtutibus
484 4000 600 4050 ornatae
620 3996 668 4048 lux
687 3997 826 4065 quaedam
845 3995 951 4050 homini
970 3998 1043 4063 sunt,
1059 3995 1082 4048 si
1098 3996 1219 4064 quidem,
1235 4013 1297 4049 cum
1312 3995 1391 4050 dives
1405 3994 1443 4047 sit
1457 3997 1591 4062 (πλοῦτον

312 4064 396 4135 ἔχων,
418 4084 474 4122 non
493 4071 614 4122 πλοῦτον
632 4069 745 4135 ἀρεταῖς
763 4065 984 4136 δεδαιδαλμένον
1004 4066 1083 4136 ἔχων)
1105 4084 1149 4120 res
1172 4071 1237 4136 post
1261 4070 1379 4120 mortem
1402 4066 1511 4118 futurus
1535 4082 1592 4119 non

312 4135 438 4207 ignorat3
453 4137 482 4191 hi
493 4139 577 4206 enim,
592 4157 653 4193 eum
668 4156 740 4208 quae
755 4155 862 4207 poenae
877 4137 971 4207 impiis
985 4142 1050 4208 post
1064 4141 1182 4192 mortem
1196 4138 1368 4193 constitutae
1382 4136 1440 4191 sint
1453 4140 1592 4218 reputent,

313 4224 331 4261 a
350 4209 454 4263 scelere
473 4213 501 4263 et
521 4210 652 4278 superbia
671 4211 858 4275 deterrentur,
888 4209 987 4264 ceteris
1011 4214 1118 4277 autem,
1143 4226 1206 4263 cum
1229 4210 1265 4263 ad
1289 4209 1377 4279 impia
1400 4207 1520 4263 consiha
1543 4208 1592 4262 ad·

314 4277 503 4334 ministranda
518 4280 627 4335 divitiis
642 4282 804 4350 abutantur,
820 4281 904 4335 decus
920 4298 953 4335 ex
968 4280 1076 4334 divitiis
1090 4284 1207 4350 paratur
1221 4280 1331 4333 nullum
1347 4313 1379 4319 -
1400 4286 1435 4334 63
1449 4298 1485 4334 ss.
1505 4279 1592 4334 etium

314 4354 428 4420 recepta
446 4352 677 4406 Rauchensteinii
695 4353 841 4422 praeclara
865 4352 1060 4406 emendatione
1079 4347 1158 4415 αὖτις
1176 4370 1226 4421 pro
1246 4350 1339 4405 αὐτίκ’
1360 4354 1450 4406 restat
1468 4350 1592 4405 obscuri-

311 4428 356 4475 tas
382 4423 522 4492 quaedam
545 4423 612 4491 loci,
637 4424 769 4492 quonium
795 4441 868 4492 quae
892 4423 1013 4477 secundo
1032 4422 1094 4476 loco
1114 4422 1191 4476 dictu
1210 4426 1275 4476 sunt
1294 4423 1329 4476 td
1348 4422 1377 4476 δ’
1399 4466 1450 4477 ...
1470 4421 1591 4503 ἀνάγκᾳ,

311 4493 402 4563 priore
424 4494 486 4548 loco
509 4494 629 4548 diceudo
655 4495 774 4549 suerunt.
813 4496 910 4563 Neque
936 4499 1032 4549 tamen
1058 4493 1179 4548 inversio
1205 4493 1312 4547 ordinis
1340 4494 1412 4548 adeo
1440 4492 1590 4548 offensioni

311 4568 367 4634 est,
391 4567 423 4619 ut
445 4570 495 4618 nut
514 4566 678 4619 adverbium
707 4565 818 4620 ἐνθάθε
842 4584 859 4619 u
878 4584 929 4620 suo
956 4567 1041 4620 verbo
1070 4564 1165 4618 ἔτισαν
1193 4564 1361 4619 divellamus
1391 4569 1420 4620 et
1448 4582 1511 4618 cum
1540 4564 1589 4617 od·

311 4636 413 4691 iectivo
432 4636 594 4691 ἀπάλαμνοι
614 4649 649 4705 (v.
665 4637 751 4691 schol.
767 4642 804 4708 τῷ
824 4637 855 4690 δὲ
874 4636 1036 4706 ἀπάλαμνοι
1057 4635 1158 4705 φρένες
1172 4637 1330 4692 σνναπτέον
1348 4638 1380 4690 τὸ
1401 4635 1528 4705 ἐνθάδε),
1544 4634 1589 4689 vel

311 4725 375 4762 cum
402 4692 552 4778 participio
580 4706 730 4762 θανόντων
756 4707 865 4778 (ttohde
893 4708 1000 4778 Psyche
1028 4728 1054 4778 p.
1078 4711 1129 4776 sor)
1157 4709 1373 4777 coniungarnus,
1404 4711 1454 4761 aut
1480 4706 1591 4761 animas

310 4778 340 4831 in
368 4784 471 4833 terrum
496 4778 627 4833 remissus
645 4779 801 4833 facinorum
823 4779 851 4833 in
875 4780 945 4833 Oreo
972 4779 1181 4832 commissorum
1205 4797 1310 4848 poenas
1334 4779 1411 4833 luere
1436 4778 1592 4845 credamus,

311 4854 361 4904 aut
380 4850 499 4919 denique
518 4851 701 4921 ἀπαλάμνους
720 4849 825 4919 φρένας
844 4851 953 4906 auirnas
971 4868 1027 4904 non
1047 4849 1163 4920 flagitiis
1179 4850 1311 4920 pollutas,
1332 4851 1380 4905 sed
1395 4848 1591 4921 perversitatis
