3442 5550
580 423 609 472 V.
639 423 792 473 annolini
811 424 1050 475 GliNllALOClA.
1354 425 1452 479 l'XVll

262 583 471 648 Athamantis
500 588 532 647 ct
559 582 725 668 Nephelae
753 584 812 649 filii
841 585 980 649 Phrixus
1008 589 1041 650 et
1065 586 1157 650 llcllc
1182 585 1230 675 (P.
1252 606 1285 650 iv
1310 588 1383 671 lud)
1411 626 1447 634 —

172 690 382 755 Athamantis
406 695 439 754 et
462 690 540 754 Inus
564 687 678 755 Cadmi
700 691 722 755 f.
745 690 805 755 filii
829 691 992 757 Learchus
1017 697 1051 757 et
1074 693 1256 758 Melicertes
1281 691 1333 781 (i'r.
1353 695 1389 781 5)
1409 733 1450 741 —

171 797 343 862 Praeterea
370 796 580 861 Athamantis
614 801 647 862 ct
675 797 862 863 Themistus
890 799 974 864 filios
1003 800 1200 884 Leuconem,
1232 802 1451 887 Erythraeum

170 901 375 969 Schoenenm
398 902 518 968 Ptoum
542 909 777 969 commemorat
800 905 951 989 Apollod.
971 924 983 970 1
1003 909 1054 972 84.

260 1008 393 1095 Sisyphi
421 1015 454 1075 et
478 1009 614 1075 Perieris
643 1012 681 1075 de
704 1010 781 1075 filiis
806 1010 877 1075 vide
902 1011 1060 1078 Achaicus
1084 1013 1202 1097 stirpes
1226 1015 1450 1100 Peloponnesi.

259 1116 429 1183 Hellenem
452 1117 661 1183 Deucalionis
684 1118 788 1183 filium
812 1118 894 1183 dixit
917 1118 1121 1203 Thucydides
1144 1124 1196 1185 13
1220 1127 1253 1186 et
1277 1124 1450 1189 credidisse

170 1225 297 1291 videtur
324 1224 510 1292 Herodotus
539 1244 550 1289 i
575 1226 633 1311 50,
663 1248 742 1290 num
769 1224 927 1290 Pindarus
961 1227 1026 1291 iam
1054 1227 1172 1292 dixerit
1200 1230 1250 1293 vel
1278 1230 1451 1297 crediderit

168 1331 330 1397 incertum
362 1337 412 1397 est
439 1368 483 1379 -
509 1332 784 1398 Athamantemne
816 1356 857 1397 an
890 1331 1066 1418 Sisyphum
1095 1334 1197 1398 lnoan
1225 1334 1338 1401 Cadmi
1366 1338 1387 1401 f.
1415 1338 1450 1402 in

169 1438 413 1504 matrimonium
432 1439 561 1505 duxisse
574 1439 733 1505 Pindarus
752 1439 886 1524 putarit,
904 1441 945 1504 ab
960 1441 1175 1525 explicatione
1189 1442 1227 1506 fr.
1239 1446 1259 1507 5
1273 1445 1392 1527 pendet
1409 1481 1446 1491 -

168 1545 316 1611 Xuthum
340 1543 495 1611 Creusam
518 1547 695 1613 Erechthei
723 1547 744 1611 f.
772 1569 906 1611 uxorem
935 1548 1063 1613 duxisse
1091 1554 1124 1613 et
1151 1572 1190 1614 ex
1219 1572 1256 1614 ca
1280 1550 1392 1615 Ionem
1416 1555 1450 1616 et

168 1650 335 1719 Achaeum
358 1674 545 1739 procreasse
568 1659 644 1739 post
667 1653 842 1719 Pindarum
861 1654 966 1720 Attici
990 1655 1164 1740 scriptores
1184 1656 1359 1721 commenti
1379 1680 1448 1723 esse

168 1760 325 1826 ridentur.
371 1758 457 1825 Nam
488 1760 642 1827 Pindarus
665 1761 706 1826 N.
726 1780 761 1826 XI
782 1763 824 1827 35
848 1761 968 1827 Aeolos
996 1763 1037 1826 ab
1065 1761 1204 1828 Achaeis
1232 1764 1376 1829 nondum
1404 1764 1449 1829 di-

168 1865 291 1932 stinxit.

252 1974 421 2040 Hellenica
444 1976 543 2062 stirps
567 1977 741 2041 maximam
760 1982 887 2062 partem
905 1977 941 2041 in
960 1977 1112 2063 gentibus
1131 1975 1336 2042 Achaeorum
1355 1978 1446 2043 Pelo-

166 2081 302 2167 ponnesi
326 2082 544 2169 continuatur,
567 2106 646 2168 quas
669 2083 752 2149 haue
775 2084 882 2168 ipsam
902 2085 944 2148 ob
964 2106 1095 2149 caeream
1113 2084 1179 2149 iam
1198 2084 1260 2150 hoc
1279 2085 1351 2150 loco
1371 2090 1446 2149 aute

166 2186 340 2254 Boeoticas
368 2194 401 2255 et
423 2190 632 2276 Aegineticas
660 2190 778 2277 stirpes
801 2191 1049 2256 recensebimus.
1097 2190 1216 2275 Stirpis
1240 2197 1350 2256 autem
1372 2192 1447 2256 Hel-

167 2294 289 2362 lenicae
316 2296 350 2361 iu
373 2297 598 2382 Peloponneso
626 2297 833 2362 continuatae
862 2319 961 2362 causa
987 2298 1161 2382 repetenda
1189 2303 1239 2362 cst
1268 2320 1306 2362 ex
1331 2298 1447 2384 migra-

166 2402 311 2468 tionibus
330 2403 535 2470 Achaeorum
554 2404 814 2470 Thessalicorum
832 2404 867 2468 in
881 2404 1142 2489 Peloponnesum
1161 2405 1268 2489 factis,
1287 2406 1343 2470 ubi
1361 2405 1447 2471 inter

165 2515 290 2576 veteres
312 2532 406 2597 reges
429 2510 626 2577 domesticos
649 2517 682 2576 et
704 2511 872 2595 Pelopidas
893 2510 1148 2595 Heraclidesque
1173 2512 1314 2577 medium
1338 2513 1445 2578 locum

166 2621 348 2684 tenuerunt

535 2795 693 2863 Achaicae
716 2795 835 2880 stirpes
859 2796 1076 2881 Peloponnesi.

254 2939 413 3025 Sisyphus
431 2939 527 3005 Aeoli
550 2940 570 3004 f.
595 2962 651 3004 rex
671 2939 820 3004 Corinthi
842 2962 899 3004 seu
918 2940 1069 3024 Ephyrae
1089 2940 1139 3025 (ll.
1159 2958 1195 3003 vr
1219 2942 1288 3005 153.
1326 2939 1362 3004 C.
1383 2959 1444 3005 xur

163 3050 215 3115 53.
235 3050 286 3114 67.
323 3048 362 3113 fr.
381 3045 432 3134 5),
463 3048 549 3132 apud
576 3046 697 3111 inferos
725 3068 847 3131 poenas
876 3047 1030 3112 avaritiae
1058 3047 1120 3112 luit
1149 3046 1221 3132 (ild.
1241 3064 1277 3109 xi
1296 3048 1369 3112 593.
1408 3047 1444 3112 0.

164 3152 252 3241 162)
277 3192 319 3201 —
345 3152 477 3239 Sisyphi
500 3153 587 3218 filius
607 3153 748 3219 Glaucus
772 3152 823 3239 (Il.
843 3171 878 3216 vr
902 3151 989 3239 154),
1013 3153 1068 3237 qui
1091 3152 1126 3217 in
1149 3153 1234 3217 ludis
1253 3152 1444 3219 funebribus

163 3260 270 3327 Peliae
293 3260 428 3346 periisse
447 3260 613 3326 ferebatur
632 3259 739 3347 (Paus.
760 3262 932 3344 1112919.
970 3260 1022 3324 Et.
1042 3257 1238 3345 m.’‘Axrerp)
1263 3298 1303 3306 -
1329 3258 1444 3327 Glauci

162 3369 249 3435 filius
271 3367 525 3453 Bellerophonta
548 3367 601 3455 (Il.
621 3386 656 3431 vi
678 3370 749 3449 iod.
788 3364 996 3451 Caruilii),
1025 3389 1044 3431 a
1067 3366 1199 3449 Proeto,
1228 3389 1304 3454 rege
1331 3374 1446 3453 poten-

161 3476 290 3541 tissimo
313 3474 487 3563 Argorum
510 3474 619 3560 patria
641 3475 763 3541 eiectus
787 3474 840 3561 (ll.
859 3492 894 3538 vr
917 3476 987 3539 157.
1021 3472 1047 3539 Ι.
1066 3492 1115 3538 vu
1133 3472 1206 3561 4o);
1230 3475 1268 3540 de
1288 3474 1444 3561 Neptuno

163 3590 253 3668 patre
276 3583 550 3667 Bellerophontae
577 3606 606 3648 u.
633 3587 715 3647 nott.
741 3583 781 3647 ad
805 3582 840 3646 Ο.
860 3599 923 3645 xur
943 3583 984 3647 69
1015 3619 1055 3627 -
1085 3580 1357 3668 Bellerophontae
1385 3584 1443 3648 filii

166 3690 299 3756 leander
317 3689 543 3775 Hippolochus
563 3690 739 3755 Laodamia
758 3689 808 3776 (Il.
829 3707 865 3753 vr
885 3688 961 3775 197)
986 3726 1027 3735 -
1052 3688 1246 3754 Laodamiae
1265 3691 1351 3754 filius
1373 3690 1445 3755 Sar-

167 3798 282 3883 pedon,
304 3821 360 3862 rex
379 3797 553 3884 Lyciorum
574 3796 626 3884 (ll.
646 3814 682 3861 vi
704 3798 765 3862 199
790 3801 823 3861 et
847 3795 945 3861 schol.
966 3795 999 3859 P.
1019 3813 1057 3858 111
1079 3794 1155 3879 112)
1180 3833 1221 3842 —
1246 3796 1444 3881 Hippolochi

168 3905 253 3970 lilius
278 3904 420 3970 Glaucus
443 3904 495 3992 (ll.
514 3924 550 3970 vr
570 3907 642 3970 206.
681 3904 715 3968 Ο.
735 3903 883 3989 sintii).

254 4011 399 4078 Perieres
422 4011 516 4077 Aeoli
540 4011 560 4075 f.
585 4011 764 4076 Messeniae
787 4034 843 4076 rex
867 4010 1030 4097 (Paua1v
1050 4008 1134 4096 9,2)
1160 4048 1198 4057 -
1223 4010 1361 4077 Perieris
1385 4012 1445 4077 filii

167 4117 337 4204 Aphareus
365 4117 548 4204 Leucippus
577 4116 853 4204 (Paus.1v·2,4)
882 4117 1069 4202 Tyndareus
1097 4117 1221 4181 Icarius
1249 4115 1445 4202 (Apollodr

167 4224 225 4313 87)
250 4264 290 4274 -
315 4225 458 4311 Apharei
485 4229 518 4291 et
541 4224 707 4290 Eueninae
733 4224 793 4289 filii
816 4224 890 4289 ldas
914 4229 947 4289 et
970 4223 1119 4309 Lynceus
1144 4224 1199 4311 (N.
1218 4242 1243 4288 x
1261 4227 1312 4291 61.
1348 4226 1443 4291 Paus.

167 4352 202 4399 iv
221 4336 252 4418 2,
268 4332 306 4421 4)
330 4371 371 4380 -
395 4333 472 4398 ldae
495 4338 528 4398 et
547 4332 732 4418 Marpessae
755 4332 823 4396 filia
842 4329 1025 4417 Cleopatra,
1048 4354 1130 4416 quae
1149 4330 1313 4418 Meleagro
1332 4333 1445 4417 nupsit
1494 4402 1498 4408 ,

166 4438 439 4527 (il.1x556)—
468 4440 630 4525 Tyndarei
658 4439 745 4525 regis
773 4438 1018 4504 Lacedaemonii
1046 4443 1079 4504 et
1106 4438 1212 4503 Ledae
1240 4439 1300 4504 filii
1328 4438 1444 4505 Castor

166 4554 199 4613 et
223 4547 338 4612 Pollux
362 4546 433 4634 (Οά.
453 4565 490 4611 xr
508 4548 582 4613 298.
621 4545 657 4611 0.
676 4564 715 4610 ur
734 4546 785 4611 35.
818 4546 852 4610 P.
872 4563 908 4609 1v
931 4543 1018 4632 ria),
1040 4545 1127 4610 filiae
1146 4546 1271 4611 Helena
1290 4544 1443 4633 (Curi)

166 4652 427 4739 Clytaemuesira
447 4653 498 4742 (Ο.
517 4672 553 4719 xr
573 4656 647 4720 439.
685 4671 770 4718 xxiv
793 4650 868 4740 199)
895 4691 933 4699 -
958 4653 1053 4718 Icarii
1079 4654 1147 4718 filia
1170 4653 1340 4738 Penelopa,
1363 4674 1445 4717 uxor

165 4760 273 4828 Ulixis
291 4761 365 4848 (oc.
379 4779 391 4825 1
406 4762 470 4826 329
490 4758 546 4848 al.)
567 4799 603 4809 —
626 4761 718 4826 Idam
732 4759 962 4845 Lynceumque
981 4765 1014 4825 et
1028 4758 1199 4827 Castorem
1213 4759 1445 4845 Pollucemque

162 4869 327 4956 patrueles
351 4867 452 4933 fuisse
474 4868 634 4934 Pindarus
655 4890 723 4934 non
746 4867 919 4953 significat.
