3442 5550
318 417 381 472 XIV
820 420 1098 472 PROLEGOMENA.

316 582 496 647 arbitratus
529 605 615 666 sum,
649 583 734 666 quod
767 583 808 647 ab
840 581 1012 647 Iohanne
1040 581 1245 665 Rumpelio
1277 581 1312 645 in
1339 581 1598 667 locupletissimo

317 687 436 754 Lexico
473 687 645 754 Pindarico
682 688 790 776 (Lips.
828 689 862 752 in
895 688 1028 753 aedibus
1065 688 1227 754 Teubneri
1264 688 1368 776 1883)
1407 688 1488 753 satis
1524 688 1600 754 huic

315 796 501 881 provinciae
528 797 695 881 provisum
719 818 789 862 esse
812 801 964 888 expertus
987 796 1135 883 cognovi.

936 1099 980 1165 II.

663 1249 716 1306 DE
742 1249 848 1308 ARTE
872 1248 1052 1308 rmralcn
1075 1247 1253 1307 PINDARI.

406 1384 512 1449 Multa
540 1408 613 1450 cum
641 1386 787 1451 difficilia
815 1386 882 1450 sint
903 1386 939 1450 in
963 1385 1160 1451 carminibus
1184 1385 1315 1450 Pindari
1338 1387 1541 1451 recensendis
1565 1392 1599 1452 et

317 1491 533 1575 illustrandis,
565 1492 649 1556 nihil
682 1493 847 1557 difficilius
879 1500 929 1557 est
962 1515 1058 1576 quam
1088 1515 1200 1557 versus
1229 1496 1263 1557 et
1291 1493 1363 1557 cola
1390 1493 1598 1578 stropharum

316 1605 403 1663 recte
437 1599 577 1664 dividere
610 1604 643 1665 et
675 1600 794 1664 summi
824 1605 940 1684 poetae
973 1600 1130 1663 musicam
1163 1605 1279 1683 artem,
1312 1622 1393 1684 quae
1426 1605 1597 1684 tantopere

315 1707 465 1791 plausum
497 1707 667 1771 hominum
700 1706 883 1790 aequalium
916 1705 1038 1791 tulit¹),
1071 1705 1245 1790 deperditis
1276 1707 1363 1771 notis
1397 1707 1529 1771 musicis
1559 1728 1598 1770 ex

315 1813 387 1897 ipsa
410 1813 602 1899 compagine
632 1836 782 1878 versuum
811 1835 1051 1900 recognoscere.
1097 1812 1168 1889 Qua
1195 1814 1233 1877 de
1261 1836 1359 1878 causa
1385 1837 1452 1879 non
1479 1814 1597 1878 mirum

316 1920 490 2004 videbitur,
511 1921 537 1984 si
553 1920 694 2005 spinosis
710 1922 955 2006 quaestionibus
970 1921 1008 1985 de
1024 1920 1136 1985 metris
1151 1920 1283 1985 Pindari
1298 1944 1408 1986 curam
1422 1922 1598 1986 maximam

316 2026 564 2112 impendendam
596 2032 693 2110 atque
726 2027 824 2092 etiam
856 2028 891 2092 in
922 2028 974 2092 his
1007 2027 1251 2113 Prolegomenis
1289 2029 1452 2113 copiosius
1485 2030 1523 2093 de
1555 2029 1597 2093 iis

315 2132 546 2200 disserendum.
565 2134 721 2199 duximus.
769 2133 831 2199 Sed
860 2158 933 2200 cum
962 2134 1208 2199 Pindaricorum
1237 2140 1416 2199 metrorum
1444 2136 1527 2200 ratio
1557 2136 1598 2200 ab

216 2308 217 2312 ,
318 2240 467 2305 universa
492 2263 703 2306 numerorum
731 2246 764 2306 et
792 2247 970 2307 metrorum
998 2241 1147 2307 doctrina
1173 2242 1312 2325 pendeat
1334 2264 1438 2326 neque
1462 2243 1503 2306 ab
1528 2249 1597 2307 arte

316 2352 498 2412 ceterorum
525 2355 696 2433 poetarum
724 2349 834 2413 divelli
861 2350 980 2432 possit,
1008 2347 1244 2433 expositionem
1270 2349 1478 2414 metricarum
1501 2351 1599 2415 ratio

316 2475 393 2517 num
416 2456 547 2539 plenam
571 2460 668 2540 atque
691 2455 870 2539 perfectam
888 2455 982 2540 aequi
999 2456 1121 2521 iudices
1140 2455 1176 2519 iu
1193 2454 1246 2520 his
1264 2456 1476 2541 praefationis
1496 2478 1599 2542 angu-

317 2559 391 2624 stiis
418 2583 438 2624 a
466 2584 517 2626 me
544 2584 611 2627 non
638 2564 882 2648 exspectabunt.
929 2562 1018 2638 Quae
1046 2567 1154 2626 autern
1181 2563 1315 2628 Pindari
1342 2564 1474 2649 propria
1502 2564 1599 2629 etad

316 2668 553 2754 diagrammata
571 2671 707 2735 metrica
725 2675 812 2735 recte
832 2671 1032 2734 aestimanda
1050 2668 1233 2734 necessaria
1251 2674 1341 2753 sunt,
1362 2670 1481 2754 duplici
1501 2672 1598 2736 modo

315 2776 396 2840 mihi
414 2777 608 2841 illustranda
625 2777 791 2862 proposui.
827 2778 936 2861 Atque
955 2777 1096 2862 primum
1116 2775 1246 2859 quidem
1265 2775 1403 2862 singulis
1423 2777 1598 2842 schematis

320 2882 432 2947 brevia
464 2889 647 2949 commenta
677 2884 813 2949 metrica
844 2884 1054 2967 subiecimus,
1091 2883 1209 2966 quibus
1241 2883 1276 2946 in
1308 2883 1500 2948 commentis
1533 2907 1598 2969 quo

315 3012 526 3055 numerorum
554 3012 670 3076 genere
698 2991 834 3077 stropha
863 3013 1008 3075 quaeque
1036 2994 1164 3055 constet
1192 2996 1225 3054 et
1252 3012 1316 3074 quo
1342 2991 1438 3055 modo
1462 2991 1598 3076 locoque

316 3119 446 3163 carmen
474 3099 624 3182 quodque
652 3104 819 3164 cantatum
848 3121 918 3164 esse
948 3099 1110 3183 videatur,
1142 3098 1305 3162 succincte
1338 3098 1523 3183 expositum
1552 3100 1598 3163 in-

315 3205 435 3269 venies.
481 3203 594 3289 Neque
619 3206 646 3270 si
676 3229 740 3290 quo
763 3206 836 3271 loco
861 3228 1012 3271 versuum
1040 3205 1156 3270 divisio
1184 3204 1311 3268 incerta
1338 3205 1401 3268 fuit
1429 3211 1462 3269 et
1489 3207 1598 3291 plures

316 3312 489 3377 scandendi
513 3312 583 3376 viae
606 3312 681 3376 iniri
705 3318 873 3397 poterant,
896 3313 928 3377 id
952 3312 1082 3376 silentio
1106 3311 1297 3396 pressimus,
1319 3311 1420 3376 immo
1439 3313 1512 3397 plus
1532 3335 1597 3378 uno

315 3419 387 3484 loco
416 3441 567 3484 versuum
594 3419 783 3504 ictuumque
811 3420 874 3483 duo
904 3418 1071 3483 schemata
1098 3419 1308 3501 proponenda
1331 3419 1597 3486 existimavimus.

316 3525 416 3591 Nulla
443 3527 529 3591 enim
557 3550 591 3592 re
619 3526 772 3591 metricos
800 3530 914 3590 nostra
941 3524 1099 3588 memoria
1126 3525 1231 3610 magis
1260 3525 1323 3589 sibi
1350 3526 1440 3609 ipsos
1468 3526 1598 3590 officere

316 3633 454 3719 cognovi
474 3656 571 3717 quam
590 3632 676 3717 quod
695 3634 733 3697 de
752 3633 849 3697 rebus
864 3632 971 3697 dubiis
986 3638 1153 3715 tamquam
1168 3632 1206 3694 de
1222 3631 1348 3715 tripode
1363 3631 1419 3693 uni
1434 3631 1597 3713 sapientes

315 3740 533 3826 praecipiunt,
559 3739 642 3804 nihil
670 3740 809 3805 aliorum
837 3740 1006 3824 opiniones
1030 3742 1189 3804 curantes.
1235 3737 1384 3800 Alteram
1408 3735 1535 3820 copiam
1558 3737 1597 3800 de

316 3869 350 3910 re
374 3848 509 3913 metrica
532 3846 665 3912 Pindari
688 3847 875 3933 disputandi
900 3846 979 3911 mihi
1002 3845 1153 3932 praebuit
1176 3844 1256 3909 haec
1279 3842 1453 3928 praefati0,
1475 3842 1510 3906 in
1533 3865 1598 3927 qua

316 3953 354 4017 de
392 3954 582 4019 colometria
619 3954 790 4020 Pindarica
831 3955 982 4019 universa
1023 3954 1056 4018 id
1096 3959 1146 4018 est
1187 3952 1226 4016 de
1272 3949 1418 4015 versibus
1460 3951 1596 4035 pedihus

316 4061 396 4125 colis
419 4061 563 4126 numeris
587 4060 768 4126 carminum
791 4059 1037 4126 Pindaricorum
1061 4061 1217 4125 disserere
1241 4064 1275 4123 et
1298 4057 1466 4144 signorum
1490 4060 1598 4122 metri-

316 4190 428 4233 corum
452 4168 700 4253 explicationem
723 4190 903 4252 proponere
928 4169 1008 4232 mihi
1031 4168 1137 4233 visum
1161 4172 1218 4230 est.

406 4275 458 4340 De
490 4275 660 4339 historia
690 4274 949 4338 colometriae.
995 4274 1124 4338 Iustum
1151 4273 1400 4337 fundamentum
1428 4278 1464 4337 ut
1491 4275 1599 4359 dispu-

316 4381 433 4447 tationi
463 4383 703 4466 substruamus,
734 4380 774 4444 ab
802 4380 942 4445 historia
970 4381 1178 4446 colometriae
1206 4381 1301 4445 nobis
1328 4380 1598 4466 proficiscendum

315 4491 374 4552 est.
420 4487 550 4552 Pindari
583 4488 686 4573 igitur
720 4487 863 4551 carmina
896 4486 1046 4551 similiter
1076 4493 1172 4571 atque
1200 4488 1400 4571 reliquorum
1428 4493 1598 4571 poetarum

315 4592 492 4678 lyricorum
520 4593 646 4658 librarii
675 4593 766 4679 olim,
794 4615 867 4658 cum
895 4598 928 4657 et
956 4592 1088 4658 chartae
1116 4600 1286 4678 parcerent
1309 4601 1342 4660 et
1363 4595 1598 4680 inaequalitate

406 4807 444 4932 130
452 4803 642 4932 (lininiolim
662 4820 705 4874 ap.
720 4803 822 4858 Athen.
841 4821 868 4873 p.
884 4809 935 4873 8a,
955 4803 1097 4875 Aristoph.
1114 4822 1158 4861 av.
1173 4810 1233 4860 924.
1250 4811 1314 4876 939,
1335 4805 1533 4861 Aristoxenum
1553 4823 1597 4874 ap.
1697 4863 1701 4869 ,

315 4876 389 4934 Plut.
