3442 5550
393 404 430 523 ,j'b
707 409 865 459 OLYMPIA
884 408 933 461 IX.
1416 407 1457 469 (39

178 573 228 636 καί
255 569 413 655 Ὀλύμπια,
443 573 483 648 ὡς
513 580 674 655 προεῖπον,
704 572 754 635 καί
783 575 890 636 Πύθια
920 570 967 654 oy'
995 569 1169 653 Ὀλυμπιάδι
1204 568 1268 653 (αρ’
1295 571 1350 635 Ὀλ.
1382 576 1457 636 coni.

180 667 340 742 Hermann,
359 646 404 745 ly'
426 664 564 724 Πυθιάδι
583 665 657 725 coni.
672 657 808 746 Bceckh)
824 711 830 722 .
847 709 853 722 .
869 711 875 722 .
890 662 939 723 aul
957 662 1013 743 γὰρ
1033 664 1141 725 Πύθια
1159 662 1293 741 ἐνίκησεν
1314 660 1329 723 δ
1346 658 1455 741 Ἐφάρ-

180 772 285 832 μοστος
304 752 358 831 τὴν
377 749 424 834 λμ’
439 747 496 834 (sic
510 754 545 831 A,
561 747 590 812 λ’
603 733 712 832 iulgo)
727 753 880 812 Πυθιάδα.
906 753 978 812 Inde
998 753 1188 813 Hermannus
1206 754 1261 813 hoc
1281 773 1399 813 carmen
1419 754 1456 812 ad
1560 755 1565 765 '

180 843 225 904 Ol.
242 846 282 903 78
303 870 345 891 =
366 845 430 902 468
451 862 477 902 a,
494 842 569 919 Ohr,
592 842 762 902 Boechhius
784 843 895 901 rectius
919 842 957 901 ad
982 841 1028 903 Ol.
1043 845 1081 902 81
1106 869 1148 890 =
1169 846 1232 902 456
1249 863 1275 904 a.
1291 842 1357 901 Chr.
1372 862 1457 902 revo-

178 933 270 1010 cavit,
294 951 386 1008 quam
416 932 454 991 ad
481 932 714 991 controversiam
741 931 856 1009 redibo,
885 934 1046 1008 postquam
1075 935 1288 1009 argumentum
1316 931 1456 991 carminis

179 1041 364 1081 enarravero.

259 1110 293 1168 In
307 1111 459 1186 prooemio
474 1113 564 1186 poeta
578 1110 700 1186 exponit
711 1107 868 1186 Olympiae
883 1113 952 1185 post
966 1110 1061 1186 ipsam
1073 1110 1230 1169 victoriam
1240 1113 1371 1169 veterem
1385 1127 1455 1168 ean-

179 1200 303 1259 tilenam
312 1198 483 1258 Archilochi
495 1199 653 1275 suffecisse,
664 1217 743 1257 nunc
755 1217 824 1257 vero
837 1198 950 1258 victore
962 1199 993 1257 in
1005 1198 1137 1276 patriam
1148 1199 1255 1258 reduce
1266 1197 1455 1274 Olympicam

178 1290 317 1365 palmam,
341 1289 390 1348 cui
413 1287 559 1364 Delphica
582 1288 751 1364 accesserit,
775 1287 973 1363 splendidiore
996 1288 1125 1348 carmine
1149 1287 1360 1346 illustrandam
1383 1305 1455 1363 esse,

179 1396 239 1454 quo
263 1396 385 1436 munere
409 1378 453 1436 ita
475 1396 506 1435 se
529 1378 718 1453 functurum,
746 1380 782 1435 ut
809 1376 912 1436 divina
939 1395 994 1435 sua
1017 1379 1081 1436 arte
1105 1377 1230 1436 celerius
1254 1395 1345 1453 quam
1369 1376 1455 1451 equis

177 1466 364 1542 navibusque
387 1467 501 1526 laetum
524 1466 664 1524 nuntium
685 1465 822 1544 divulget
835 1458 961 1545 (1-27).
995 1469 1096 1542 Atque
1120 1465 1250 1542 primum
1274 1469 1310 1523 ut
1332 1465 1455 1524 virtutis

178 1555 323 1615 divinitus
353 1555 460 1615 insitae
483 1554 544 1615 vim
569 1555 712 1632 declaret,
744 1555 782 1612 ad
811 1555 946 1613 facinora
976 1555 1114 1614 Herculis
1141 1554 1239 1613 herois
1267 1574 1303 1613 ne
1331 1554 1454 1612 deorum

178 1645 297 1721 quidem
321 1664 455 1723 pugnam
478 1645 673 1703 detrectantis
696 1644 846 1701 narranda
869 1644 1019 1719 abripitur
1041 1636 1189 1718 (κθ-σὼ
1217 1643 1268 1702 sed
1296 1642 1333 1701 ab
1361 1643 1453 1718 impio

177 1734 231 1793 hoc
255 1733 378 1793 consilio
401 1736 559 1793 revocatus
581 1736 712 1807 veterem
735 1734 848 1790 faniam
871 1732 974 1808 stirpis
996 1733 1096 1810 regiae
1121 1731 1322 1808 Opuntiorum
1345 1732 1453 1790 Locro-

177 1842 252 1899 rum,
276 1822 313 1880 ab
336 1823 518 1882 Deucalione
543 1826 574 1881 et
597 1822 712 1898 Pyrrha
735 1824 908 1899 prognatae,
931 1822 1024 1880 refert
1047 1826 1138 1897 atque
1162 1821 1348 1897 splendorem
1372 1819 1454 1878 urbis

178 1910 238 1970 filio
262 1911 460 1989 Protogeniae
484 1915 515 1970 et
537 1911 617 1970 Iovis
641 1910 678 1969 ab
702 1911 795 1969 Locro
819 1930 888 1987 rege
912 1910 1056 1986 adoptato
1080 1911 1292 1970 resuscitatum
1316 1914 1345 1968 et
1368 1910 1453 1968 novis

179 2000 283 2059 incolis
312 2003 435 2058 auctum
463 2000 598 2059 illustrat
621 1991 765 2080 (κει-79).
812 1999 885 2058 Post
911 1999 1107 2075 principalem
1130 1999 1207 2058 hanc
1230 2004 1346 2074 partem
1371 1998 1453 2075 odae,

178 2089 317 2165 mythicis
344 2088 428 2147 illam
456 2088 568 2147 fabulis
596 2091 783 2164 exornatam,
811 2089 849 2145 ad
876 2089 1047 2164 praesentia
1070 2088 1148 2147 redit
1171 2091 1202 2147 et
1224 2088 1453 2163 Lampromachi

178 2181 269 2253 atque
301 2178 495 2253 Epharmosti
527 2178 638 2236 multas
672 2177 812 2237 victorias
843 2181 976 2236 recenset
1008 2170 1128 2258 (all—99
1137 2186 1152 2235 l.
1203 2177 1339 2251 Denique
1369 2196 1453 2252 prae-

178 2266 291 2325 stantia
312 2267 439 2325 innatae
462 2267 585 2326 virtutis
613 2267 766 2325 illustrata
794 2269 824 2324 et
852 2266 889 2324 a'd
911 2266 1060 2342 poeticam
1084 2285 1204 2342 quoque
1228 2269 1323 2324 artem
1347 2269 1453 2342 tracta,

178 2355 298 2415 altiores
326 2355 381 2413 sub
408 2355 497 2414 finem
525 2355 650 2431 spiritus
678 2356 782 2432 sumit,
810 2357 845 2413 ut
873 2355 1009 2432 egregias
1036 2355 1164 2414 virtutes
1187 2355 1394 2430 Epharmosti,
1422 2355 1453 2413 in

178 2463 230 2503 ara
251 2444 353 2504 Aiacis
376 2464 516 2504 coronam
540 2445 600 2503 iam
623 2444 807 2521 deponentis,
831 2443 936 2501 laudet
958 2448 1049 2520 atque
1072 2443 1227 2520 praeconis
1251 2443 1348 2502 instar
1369 2462 1453 2519 prae·

177 2533 262 2593 dicet.
280 2565 317 2575 -
336 2534 430 2593 Totus
456 2537 546 2609 poeta
573 2534 603 2591 in
632 2538 731 2593 vetere
759 2535 840 2592 lama
867 2533 968 2610 regiae
996 2532 1101 2592 domus
1125 2533 1288 2592 Locrorum
1313 2538 1344 2591 et
1369 2552 1453 2608 prae·

177 2622 265 2682 claris
287 2623 422 2683 victoriis
445 2622 638 2699 Epharmosti
662 2622 850 2681 illustrandis
868 2624 1013 2681 versatur.
1049 2623 1128 2681 Haec
1148 2624 1250 2680 autem
1269 2622 1350 2681 laeta
1369 2641 1453 2697 prae

177 2710 286 2771 dicatio
311 2711 342 2769 in
365 2711 465 2771 tristia
487 2716 624 2788 tempora
647 2713 718 2770 anni
737 2714 800 2771 456
820 2731 928 2787 parum
952 2711 1099 2787 quadrare
1117 2712 1246 2771 videtur.
1278 2711 1355 2769 Tum
1375 2711 1453 2770 enim

177 2802 246 2876 post
272 2820 406 2878 pugnam
430 2800 468 2859 ad
492 2799 670 2877 Oenophyta
693 2801 855 2860 Locrorum
879 2801 1033 2859 civitatem
1056 2801 1093 2859 ab
1117 2800 1350 2859 Atheniensibus
1374 2802 1452 2860 atro-

177 2888 293 2949 cissime
317 2889 462 2948 afflictam
484 2908 547 2949 esse
571 2893 723 2948 testantur
746 2889 934 2965 Thucydides
958 2895 969 2946 l
995 2900 1058 2947 108:
1087 2886 1137 2947 καί
1160 2888 1237 2971 μάχῃ
1260 2885 1292 2946 ἕν
1319 2887 1452 2963 Οἰνοφύ-

178 2999 239 3049 τοις
262 2977 332 3050 τοὺς
355 2977 503 3049 Βοιωτοὺς
528 2977 699 3054 νικήσαντες
722 2986 773 3055 τῆς
796 2999 825 3036 τε
848 2975 943 3055 χώρας
966 2974 1129 3055 ἐκράτησαν
1158 2985 1208 3054 τῆς
1232 2976 1374 3047 Βοιωτίας
1404 2976 1453 3037 καί

180 3066 317 3137 Φωκίδος
340 3065 389 3126 καί
416 3067 608 3146 Ταναγραίων
632 3065 664 3126 τὸ
687 3071 779 3145 τεῖχος
802 3069 947 3140 περιεῖλον
971 3064 1020 3124 καί
1043 3071 1171 3143 Λοκρῶν
1194 3073 1252 3123 τῶν
1273 3058 1454 3125 Ὀπουντίων

176 3151 289 3234 ἄνδρας
320 3151 451 3233 ὁμήρους
481 3155 550 3227 τοὺς
579 3155 815 3225 πλουσιωτάτους
843 3152 964 3233 ἔλαβον,
987 3159 1018 3213 et
1040 3154 1189 3213 Diodorus
1212 3172 1244 3211 xl
1270 3165 1317 3211 83:
1341 3151 1373 3212 ἕν,
1401 3161 1452 3231 τῆς

176 3244 318 3316 Βοιωτίας
347 3241 507 3317 ἀναζεύξας
534 3242 720 3323 ἐστράτευσεν
743 3236 962 3324 (Μυρωνίδης)
984 3241 1032 3303 ἐπὶ
1054 3243 1193 3322 Λοκροὺς
1218 3241 1286 3314 τοὺς
1310 3238 1423 3319 ὀνομαζ
1440 3279 1452 3286 -

178 3329 288 3410 μένους
309 3325 511 3410 Ὀπουντίους,
534 3333 657 3405 τούτους
677 3329 707 3392 δὲ
727 3330 755 3406 ἐξ
775 3330 888 3409 ἐφόδου
906 3331 1117 3411 χειρωσάμενος
1134 3330 1184 3391 καί
1202 3329 1302 3410 λαβὼν
1322 3328 1452 3409 ὁμήρους

177 3419 314 3501 ἐνέβαλεν
337 3421 379 3493 εἰς
403 3421 456 3499 τὴν
480 3422 664 3501 Παρνασίαν.
710 3424 811 3498 Atque
833 3440 880 3481 res
904 3421 1133 3498 diversissimas,
1164 3421 1279 3481 cladem
1302 3421 1453 3497 publicam

176 3514 206 3570 et
236 3510 385 3570 laetitiam
415 3512 624 3588 epiniciorum,
654 3511 856 3585 Luebbertus‚
883 3512 927 3570 De
956 3511 1084 3571 Pindaro
1114 3511 1277 3570 Locrorum
1305 3510 1452 3585 Opuntio-

174 3619 242 3658 rum
265 3600 360 3660 amioo
384 3604 415 3660 et
437 3605 576 3677 patrono,
607 3601 728 3659 Bonnae
755 3602 854 3677 1883,
884 3601 978 3659 amice
1006 3600 1197 3674 conciliabat,
1228 3599 1290 3675 ipse
1320 3599 1350 3656 in
1379 3599 1452 3658 Her·

175 3689 277 3748 manni
311 3690 490 3759 sententiam
521 3689 661 3749 victorias
693 3689 886 3765 Epharmosti
919 3687 1106 3765 Olympicum
1140 3687 1184 3747 Ol.
1211 3690 1265 3765 78,
1293 3687 1452 3763 Pythicam

176 3778 265 3854 Pyth.
291 3780 333 3838 30
358 3804 399 3826 =
424 3776 469 3838 Ol.
491 3782 540 3854 77,
566 3781 584 3839 3
608 3782 777 3854 reportatas
800 3797 863 3838 esse
887 3778 1034 3837 censentis
1057 3797 1182 3853 ruerem,
1206 3777 1264 3837 nisi
1287 3776 1451 3836 auctoritas

176 3867 282 3927 scholii
304 3867 496 3927 Ambrosiani
522 3869 546 3925 A
570 3872 600 3926 et
625 3867 749 3926 traditio
773 3867 881 3927 codicis
904 3867 1029 3926 Medicei
1052 3867 1076 3924 F
1099 3886 1145 3924 me
1169 3867 1339 3924 retinerent.
1386 3865 1451 3934 Qua

176 3955 211 4015 de
239 3975 331 4015 cansa
359 3975 392 4015 eo
420 3957 576 4034 confugio,
603 3966 639 4014 ut
670 3957 725 4015 hoc
757 3956 919 4031 epinicium
951 3975 1069 4015 carmen
1101 3974 1160 4013 non
1192 3958 1261 4030 post
1293 3955 1450 4014 vict-oriam

176 4043 363 4121 Olympicum
387 4045 492 4122 ipsam,
515 4045 566 4105 sed
590 4044 745 4121 aliquanto
770 4046 912 4122 temporis
935 4047 1004 4121 post
1026 4044 1114 4103 rebus
1137 4043 1335 4103 Locrensibus
1354 4044 1450 4103 denuc

175 4133 429 4195 efflorescentibus
452 4135 651 4210 compositum
675 4138 705 4194 et
727 4136 883 4193 canutum
906 4153 969 4193 esse
993 4134 1108 4192 ducam.
1190 4204 1197 4222 ρ

718 4279 763 4343 De
785 4279 907 4345 metris.

262 4399 409 4460 Carminis
442 4400 532 4460 huius
559 4400 676 4460 numeri
704 4404 775 4459 sunt
804 4400 982 4478 logaoedici,
1013 4399 1124 4459 similes
1155 4400 1320 4459 carminum
1352 4400 1387 4457 N.
1413 4418 1451 4456 iv.

171 4488 196 4547 Ι.
211 4506 262 4565 vn,
282 4488 341 4548 nisi
360 4489 441 4565 quod
459 4489 549 4547 huius
568 4489 707 4549 carminis
726 4493 842 4548 tractus
865 4480 995 4569 (ἀγωγή)
1019 4489 1129 4548 lentior
1152 4492 1250 4549 tactus
1274 4494 1319 4548 est
1342 4487 1451 4546 crebris

172 4577 310 4637 admissis
338 4577 520 4653 ancipitibus
548 4578 685 4655 syllabis,
713 4584 749 4636 ut
775 4598 834 4637 non
862 4579 993 4637 multum
1021 4579 1058 4636 ab
1082 4579 1274 4655 epitritorum
1301 4577 1450 4655 gravitate

174 4665 308 4727 distaret.
337 4666 515 4726 Communia
530 4670 630 4727 autem
650 4668 757 4726 horum
776 4667 942 4726 carminum
961 4671 1124 4727 metrorum
1145 4669 1204 4726 tria
1223 4670 1301 4742 sunt,
1321 4666 1450 4741 primum

173 4755 253 4831 quod
272 4756 407 4832 plerique
430 4775 531 4815 versus
553 4777 587 4815 cx
608 4757 777 4833 tetrapodia
796 4759 825 4814 et
844 4756 1035 4816 breviuscula
1053 4757 1356 4830 clausula‘constant,
1377 4754 1451 4812 alte·

172 4862 240 4903 rum
255 4845 336 4922 quod
351 4862 456 4905 cursus
472 4846 677 4905 trochaeorum
693 4846 816 4922 syllabis
836 4846 1018 4923 ancipitibus
1032 4846 1062 4904 in
1079 4846 1174 4921 primo
1193 4844 1267 4921 pede
1283 4838 1361 4924 (basi
1378 4842 1450 4901 ller-
