3442 5550
747 1168 901 1222 ΠΤΘΙΟΝ.
921 1169 964 1222 Z'.

493 1332 845 1415 ΜΕΓΑΚΛΕΙ
886 1330 1222 1417 ΑΘΗΝΑΙΩι

752 1527 962 1580 rhamnum.

767 1812 943 1882 Strophae.

547 1947 963 1973 ..-U-VWUWU-
1036 1965 1052 1972 -

737 3634 978 3715 Argumentum.

307 3763 431 3823 Carmen
463 3765 518 3824 hoe
551 3766 696 3842 seriptum
729 3767 775 3824 est
807 3765 836 3822 in
870 3765 1010 3823 honorem
1042 3763 1169 3840 Pythiae
1202 3762 1345 3821 uictoriae
1379 3761 1492 3821 cumulis

219 3853 361 3929 Megaelis
385 3854 576 3929 Hippocratis
600 3854 798 3914 Atheniensis.
846 3851 938 3913 Ortus
966 3854 992 3911 is
1020 3858 1084 3912 erat
1112 3853 1147 3911 da
1176 3851 1380 3910 illustrissima
1403 3854 1492 3929 gente

219 3942 321 4000 Attica
344 3943 639 4019 Alcmaeonidarum‚
667 3945 703 4002 de
727 3963 788 4021 qua
811 3943 958 4001 uberrime
982 3943 1053 4002 olim
1077 3941 1245 4000 Boeehhius
1268 3941 1353 4016 Expl.
1374 3950 1427 3999 300
1446 3958 1492 4018 ss,

218 4050 314 4106 nuper
337 4032 508 4109 Toepl'erus,
531 4033 667 4092 Attisehe
692 4033 871 4109 Genealogie
896 4044 947 4090 225
964 4032 992 4089 ff.
1016 4032 1252 4107 disputaverunt.
1299 4030 1399 4106 Atque
1423 4029 1493 4089 Ala·

219 4120 391 4179 maeonidae
415 4122 536 4198 quidem
559 4142 616 4181 non
642 4122 737 4181 solum
759 4140 876 4180 summa
894 4122 925 4179 in
944 4120 1097 4196 republica
1116 4119 1291 4178 Atheniensi
1310 4118 1492 4178 auctoritate

218 4212 249 4269 et
276 4210 411 4284 potentia
440 4211 598 4288 florebant,
627 4211 677 4270 sed
706 4211 796 4269 etiam
827 4230 979 4269 sacrorum
1008 4210 1146 4268 ludorum
1178 4209 1333 4285 splendore
1363 4206 1492 4285 gloriam

219 4318 290 4357 snae
314 4299 419 4357 domus
442 4320 622 4377 magnopere
647 4301 806 4378 augebant,
830 4299 977 4375 siqnidem
996 4303 1027 4358 et
1045 4299 1190 4374 templum
1210 4296 1368 4373 Apollinis
1387 4316 1493 4357 cuma

217 4388 415 4447 Pisistratidis
434 4389 464 4446 in
484 4389 605 4447 exilium
624 4390 721 4448 exacti
740 4392 846 4466 essent,
866 4386 1021 4466 magnifice
1041 4387 1310 4446 exaedificaverunt
1329 4379 1376 4466 (P.
1392 4405 1434 4445 vn
1451 4396 1492 4445 10.

218 4477 287 4538 Her.
307 4496 326 4535 v
346 4489 387 4536 62.
411 4478 534 4536 Pausa
554 4490 579 4555 5,
600 4471 646 4558 13)
666 4481 697 4537 et
716 4479 856 4538 Alcmaeo
876 4476 921 4537 Ol.
937 4480 977 4536 47
995 4470 1110 4556 (potius
1126 4480 1165 4537 57
1183 4496 1238 4535 see.
1257 4475 1444 4535 Boeelrhium
1462 4477 1493 4534 et

218 4566 362 4653 Herodoti
381 4559 523 4648 interpp.)
541 4566 757 4626 nobilissimam
771 4567 927 4627 victoriam
943 4544 1130 4641 Olymstam
1146 4565 1301 4643 quadrigis
1316 4568 1493 4625 consecutus

218 4658 264 4713 est
278 4656 320 4733 (v.
335 4656 425 4714 schol.
440 4656 477 4714 ad
497 4656 582 4713 inser.
599 4659 629 4714 et
648 4656 755 4716 Herod.
770 4676 802 4715 vr
819 4649 892 4737 125).
920 4656 949 4714 Is
969 4674 1097 4730 quoque,
1112 4655 1165 4730 qui
1182 4655 1239 4714 hoe
1257 4653 1388 4714 carmine
1407 4673 1491 4731 prae·

217 4743 342 4821 dicatur,
365 4744 513 4823 Megaoles
532 4748 601 4803 unte
621 4745 760 4820 Pythiam
779 4745 935 4805 victoriam
955 4743 1030 4802 alias
1048 4743 1190 4803 victorias
1210 4743 1366 4804 Isthmicos
1386 4746 1417 4803 et
1434 4743 1491 4819 Py·

219 4831 314 4891 thicas
336 4837 551 4912 reportaverat,
575 4854 772 4912 quamquam,
795 4853 856 4910 qua
879 4832 1077 4911 ambignitate
1101 4833 1218 4893 dicendi
1241 4832 1389 4892 Pindarus
1411 4851 1438 4893 v.
1459 4843 1492 4891 17
