3442 5550
340 412 392 471 LII
839 414 1119 473 Puounconunl.

341 582 423 666 Equ.
450 582 514 647 559
535 603 582 666 sq.
611 581 683 646 cola
711 580 872 647 similiter·
889 580 1115 668 conglutinata
1142 585 1284 664 exstant,
1316 579 1425 647 nescio
1455 603 1497 645 an
1525 577 1629 645 etiam

340 709 396 753 eos
416 711 542 773 versus,
566 710 704 774 quorum
724 689 839 754 ultimo
859 689 978 754 cretico
998 688 1049 753 vel
1069 688 1204 773 epitrito
1223 688 1378 753 catalexis
1398 688 1521 753 anteire
1540 688 1629 753 vide-

339 800 406 881 tur,
437 796 485 861 ita
517 801 685 881 percutere
717 796 828 882 liceat,
859 800 898 860 ut
929 795 1078 883 neglecta
1110 795 1248 861 catalexi
1265 795 1391 860 'cretici
1420 796 1470 860 vel
1498 795 1627 880 epitriti

338 903 428 989 prior
450 926 526 988 pars
550 904 590 969 ad
614 904 709 970 colon
733 905 927 969 antecedens
950 903 1150 987 retrahatur,
1173 907 1210 966 ut

669 1007 1290 1096 -2ao-om-ori-a(P.16).

427 1126 510 1192 'lum
533 1149 635 1212 paene
658 1128 792 1192 dimidia
814 1150 890 1212 pars
912 1126 1128 1212 tripodiarum
1147 1125 1408 1190 catalecticarum
1428 1148 1502 1191 cum
1520 1125 1627 1191 altera

337 1234 480 1318 tripodia
507 1235 681 1300 coniuncta
708 1240 772 1320 est,
799 1239 836 1298 ut
859 1232 1000 1299 O.1vl.
1029 1250 1090 1296 mv
1111 1233 1139 1295 7.
1172 1231 1205 1296 P.
1225 1250 1251 1295 11
1274 1255 1322 1317 ep.
1344 1234 1372 1297 1.
1391 1235 1421 1299 3.
1449 1251 1499 1296 vu
1523 1256 1572 1317 ep.
1594 1237 1625 1298 1.

337 1340 410 1405 P.x
429 1344 459 1405 4.
481 1359 518 1405 xi
538 1343 566 1407 6.
590 1340 630 1405 N.
650 1343 761 1426 111'ep.
781 1343 809 1407 3.
834 1341 863 1405 4.
888 1358 924 1404 vi
944 1343 1046 1405 (t'vu
1065 1362 1114 1425 ep.
1134 1341 1163 1405 3.
1183 1342 1212 1404 4.
1236 1338 1261 1404 Ι.
1280 1357 1343 1403 vm
1362 1341 1392 1404 5.
1424 1339 1493 1404 Has
1513 1346 1624 1405 autem

337 1448 494 1533 tripodiae
523 1449 552 1515 si
579 1428 775 1535 coniungere
804 1429 952 1533 audebis,
978 1470 1018 1511 ex
1042 1446 1166 1511 duabus
1190 1431 1341 1530 tripodiis
1365 1469 1449 1511 unus
1474 1446 1626 1511 trimeter

337 1557 465 1642 evadet,
489 1562 526 1621 ut

448 1661 1514 1748 :o-2oi·--croo-=·'o-ooi..:.o.oc-(l.v1n5).

428 1779 551 1844 Deinde
580 1778 740 1862 dactylica
767 1779 910 1862 tripodia
935 1777 1074 1862 dipodiis
1097 1777 1249 1842 immixta
1270 1777 1400 1842 facilius
1423 1777 1502 1843 ferri
1525 1800 1623 1863 posse

338 1885 466 1950 videtur
497 1908 594 1970 quam
626 1884 816 1969 logaoedica
849 1891 881 1951 et
909 1886 1089 1970 trochaica,
1121 1885 1273 1969 quoniam
1302 1884 1464 1970 tripodiea
1485 1884 1622 1973 ,scansio

337 2014 448 2057 versus
472 1993 624 2077 dactylici
647 1991 827 2057 hexametri
851 1992 925 2056 inde
948 1993 989 2056 ab
1012 1991 1248 2076 antiquissimis
1269 1991 1470 2076 temporibus
1489 1992 1623 2076 propria

336 2098 413 2182 fuit,
436 2104 469 2162 et
493 2099 578 2183 apud
597 2098 742 2164 scenicos
760 2102 875 2183 poetas
891 2097 1032 2163 Graecos
1052 2098 1230 2181 dactylicae
1250 2097 1409 2182 tripodiae
1429 2097 1622 2180 tetrapodiis

335 2204 548 2290 logaoedicis,
576 2228 649 2271 cum
674 2210 811 2289 utraque
839 2205 1023 2270 duodenum
1051 2209 1235 2289 temporum
1259 2209 1359 2290 esset,
1385 2204 1523 2269 nonita
1546 2226 1620 2269 raro

336 2312 500 2377 admixtae
524 2319 609 2377 sunt.

425 2417 572 2503 Denique
603 2419 637 2484 in
670 2420 759 2485 omni
791 2420 852 2485 hac
885 2418 1075 2505 quaestione
1107 2418 1146 2483 de
1175 2418 1326 2504 tripudiis
1353 2419 1446 2483 iuxta
1473 2417 1621 2502 dipodias

335 2526 476 2591 ferendis
504 2526 644 2592 multum
668 2527 789 2610 differt,
817 2532 923 2592 stetne
947 2527 1033 2591 inter
1057 2526 1236 2591 canendum
1260 2526 1378 2591 chorus
1402 2548 1443 2590 an
1465 2525 1621 2610 procedat

334 2633 531 2718 paribusque
559 2633 709 2718 passibus
739 2634 908 2724 spatietur.
956 2633 1000 2699 Ut
1028 2633 1114 2697 enim
1142 2656 1258 2719 passus
1282 2633 1512 2698 choreutarum
1536 2633 1622 2698 inter

336 2740 517 2805 canendum
544 2740 788 2825 procedentium
816 2741 998 2826 dipodicam
1024 2741 1266 2825 percussionem
1292 2744 1419 2805 tantum
1442 2762 1509 2804 non
1532 2739 1622 2825 flagi-

336 2851 423 2933 tant,
450 2847 499 2910 ita
526 2845 561 2911 in
590 2847 731 2912 carmine
759 2871 778 2911 a
807 2851 914 2912 stante
943 2846 1041 2911 choro
1070 2847 1121 2911 vel
1149 2852 1281 2913 cantore
1307 2851 1437 2912 cantato
1461 2846 1620 2930 tripodiae
1686 2930 1689 2935 Ι

335 2954 427 3018 iuxta
459 2954 607 3039 dipodias
639 2953 717 3019 ferri
744 2976 841 3039 posse
871 2958 905 3019 et
936 2954 1002 3019 iam
1030 2977 1049 3017 a
1075 2953 1223 3020 Lesbicis
1250 2955 1355 3039 poetis
1383 2955 1418 3018 in
1447 2953 1621 3019 notissima

335 3062 484 3147 stropha,
512 3084 594 3147 quae
619 3061 659 3125 ab
678 3059 800 3126 Alcaeo
823 3084 943 3127 nomen
966 3061 1080 3148 traxit,
1110 3062 1267 3127 admissas
1291 3084 1362 3126 esse
1384 3060 1466 3126 mihi
1491 3061 1620 3144 quidem

334 3191 526 3253 persuasum
550 3175 607 3234 est.
654 3168 769 3253 Neque
792 3192 843 3234 me
866 3169 902 3234 in
924 3192 1019 3234 versu
1044 3167 1079 3233 0.
1098 3170 1200 3235 xrvb

714 3287 953 3327 women-5
977 3288 1048 3326 uh.
1074 3288 1245 3327 ῑυυ-υ-

335 3373 417 3438 duae
445 3373 604 3457 tripodiae
633 3377 803 3458 tantopere
833 3374 1013 3457 offendunt,
1040 3378 1077 3437 ut
1104 3374 1255 3459 neglecta
1282 3374 1371 3438 omni
1399 3374 1619 3440 concinnitate

335 3484 368 3544 et
391 3479 581 3565 symmetria
603 3502 731 3544 versum
754 3479 841 3544 hunc
863 3479 899 3544 in
920 3480 1053 3544 modum

708 3586 1243 3638 :chevanes-Quae-

334 3690 502 3769 percutere
521 3685 666 3750 audeam.
698 3684 785 3750 Nam
802 3685 865 3749 hoc
884 3706 1011 3770 quoque
1030 3683 1100 3748 fieri
1119 3704 1215 3768 posse
1231 3682 1388 3768 arbitror,
1406 3688 1443 3747 ut
1457 3683 1617 3750 saltantes

334 3814 401 3857 non
418 3792 532 3858 iisdem
552 3797 649 3877 atque
668 3793 853 3878 gradientes
872 3792 999 3876 legibus
1014 3795 1192 3857 teneantur.
1225 3789 1423 3856 Praesertim
1437 3790 1471 3854 in
1487 3791 1620 3857 mimica

335 3899 508 3965 saltatione
527 3921 592 3965 non
606 3900 699 3965 rideo
715 3922 772 3965 cur
786 3899 963 3985 tripodicas
977 3900 1099 3985 figuras
1115 3899 1273 3983 dipodicis
1287 3899 1471 3965 immiscere
1484 3921 1618 3983 prorsus

334 4027 401 4071 non
425 4006 561 4071 licuerit.
604 4005 728 4082 Quibus
751 4008 789 4071 de
814 4006 923 4072 causis
947 4012 1072 4071 utnon
1095 4006 1201 4072 facilis
1225 4007 1273 4071 lui
1295 4007 1331 4071 in
1353 4007 1504 4091 tripodiis
1526 4007 1620 4072 iuxta

335 4111 482 4196 dipodias
501 4112 720 4200 admittendis,
738 4114 786 4178 ita
802 4113 1084 4179 artificiosioribus
1099 4114 1250 4178 remediis
1265 4113 1424 4199 tripodiae
1439 4137 1478 4178 ex
1492 4113 1618 4179 melicis

335 4223 368 4283 et
396 4218 690 4305 hyporchematicis
716 4220 914 4285 carminibus
943 4242 1144 4285 summovere
1174 4220 1297 4286 veritus
1327 4243 1408 4285 sum.
1463 4221 1617 4306 Inprimis

335 4326 439 4390 sicubi
472 4327 554 4391 duae
585 4327 733 4411 pluresve
765 4326 925 4412 tripodiae
959 4331 1028 4392 ses'e
1061 4327 1241 4413 excipiunt,
1272 4350 1292 4391 a
1320 4327 1617 4393 vehementioribus

336 4432 495 4497 machinis
514 4433 743 4498 abstinendum
762 4433 875 4519 putavi
893 4456 998 4519 neque
1017 4434 1049 4498 in
1071 4434 1246 4499 schematis
1265 4435 1410 4501 metricis
1429 4458 1501 4501 eam
1520 4458 1617 4520 quam

335 4561 434 4624 supra
457 4540 637 4625 significavi
660 4540 747 4606 viam
770 4542 848 4607 duas
873 4541 1033 4626 tripodias
1053 4541 1087 4605 in
1110 4545 1177 4607 tres
1196 4542 1343 4626 dipodius
1362 4543 1617 4609 transformandi

333 4645 461 4733 ingredi
489 4670 587 4712 ausus
614 4670 694 4713 sum.
742 4646 787 4712 Ut
810 4649 896 4713 enim
919 4648 953 4713 in
977 4648 1105 4714 creticis
1129 4654 1162 4712 et
1186 4648 1414 4716 choriambicis
1437 4650 1616 4735 ionicisque

335 4755 482 4820 versibus
514 4756 630 4819 umbra
662 4756 820 4840 quaedam
853 4756 1056 4842 rhythmicae
1085 4755 1327 4840 aequabilitatis
1359 4757 1427 4823 ictu
1460 4757 1614 4843 primario

334 4860 425 4944 pedis
450 4862 623 4948 compositi
646 4863 828 4930 catalectici
851 4886 954 4950 aequo
977 4862 1150 4928 intervallo
1173 4865 1327 4929 redeunte
1351 4865 1492 4931 efficitur
