3442 5550
697 383 855 433 OLYMPIA
875 384 933 433 ΥΠ.
1415 382 1452 443 ἵ)1

182 550 294 609 latente
322 553 365 626 et,
396 569 464 608 omn
493 550 523 606 in
554 550 651 608 lucem
675 553 778 608 evecta
801 552 892 625 esset,
922 549 985 608 Soli
1009 549 1063 608 deo
1087 549 1198 608 donata
1222 542 1366 630 (64-76),
1413 550 1460 608 Ad

183 644 366 715 postremum
397 639 496 697 varias
525 638 667 698 victorias
698 638 847 716 Diagorae
878 643 1010 697 recenset
1040 641 1071 696 et
1100 658 1153 714 pro
1182 639 1287 697 futura
1315 640 1460 698 felicitate

183 729 281 805 gentis
304 729 511 804 Eratidarum,
539 728 588 786 cui
612 727 671 786 iam
695 731 761 786 luni
784 728 916 803 pericula
940 746 958 785 a
981 728 1177 803 popularibus
1201 728 1383 787 factionibus
1408 729 1459 787 im·

184 818 366 894 pendebant,
396 817 447 893 pia
477 821 548 875 vota
578 817 652 875 facit
682 809 825 897 (tl-95).
857 849 899 857 --
928 816 1056 894 Egregie
1088 817 1232 876 orationis
1262 822 1364 893 partes
1395 837 1462 876 cum

184 907 320 982 partibus
343 906 475 965 metricis
498 906 542 964 ita
565 909 654 982 poeta
675 905 874 982 concinnavit,
893 908 929 963 ut
947 905 1081 982 quinque
1105 906 1237 981 partium
1262 926 1462 983 unaquaeque

184 996 341 1054 triadicam
359 995 514 1071 periodmn
533 995 672 1071 strophae
692 995 898 1071 antistrophae
917 994 1004 1069 epodi
1024 995 1232 1073 amplectatur,
1254 1015 1315 1072 qua
1339 996 1374 1053 de
1399 1000 1463 1054 arte

184 1103 202 1142 a
226 1085 354 1144 Pindaro
378 1087 519 1160 provecta
544 1088 642 1143 aetate
666 1085 786 1143 exculta
802 1084 876 1155 ,ride
901 1084 946 1142 ad.
963 1082 997 1142 Ο.
1013 1102 1076 1141 xm.

731 1220 776 1285 De
801 1219 921 1285 metris.

276 1333 311 1392 In
339 1333 578 1409 splendidissimo
606 1333 661 1393 hoc
685 1333 816 1392 carmine
840 1352 858 1391 a
881 1332 1057 1411 vulgaribus
1081 1333 1184 1392 formis
1207 1334 1373 1393 carminum
1397 1334 1465 1394 dac·
1514 1407 1518 1415 .

187 1423 484 1499 tylo-epitriticorum
508 1427 664 1498 tantopere
688 1423 837 1480 Pindarus
860 1422 994 1497 recessit,
1022 1426 1057 1479 ut
1080 1421 1228 1498 quomodo
1252 1443 1355 1483 versus
1381 1443 1464 1483 scan-

188 1512 275 1570 dendi
299 1516 330 1570 et
354 1513 469 1571 numeri
493 1512 631 1588 explendi
656 1512 717 1570 sint
740 1531 828 1587 saepe
852 1511 979 1570 dubites.
1016 1511 1157 1587 Inprimis
1175 1511 1230 1570 hoc
1250 1513 1400 1588 peculiare
1420 1520 1466 1571 est

186 1601 276 1659 huius
306 1602 458 1678 carminis,
488 1602 568 1677 quod
597 1620 685 1676 saepe
713 1620 765 1676 pes
793 1601 823 1658 in
855 1600 912 1658 fine
942 1601 1146 1676 praecedentis
1174 1620 1278 1661 versus
1308 1602 1465 1661 inchoatus

189 1690 218 1748 in
249 1690 396 1766 principio
427 1690 580 1766 sequentis
611 1709 714 1748 versus
744 1689 910 1767 perficitur,
941 1691 1025 1748 velut
1055 1693 1105 1750 str.
1129 1710 1175 1750 vv.
1200 1702 1215 1748 ‘2
1240 1694 1270 1748 et
1294 1703 1323 1766 3,
1347 1703 1363 1747 3
1387 1696 1418 1749 et
1440 1704 1466 1767 4,

186 1791 201 1837 5
221 1785 252 1837 et
271 1790 295 1857 6,
315 1800 359 1856 ep.
380 1792 395 1838 4
415 1783 446 1839 et
466 1790 490 1856 6,
510 1792 525 1837 6
541 1782 571 1838 et
586 1791 611 1856 6,
630 1780 708 1837 unde
728 1779 827 1838 nescio
847 1798 885 1836 an
904 1778 1043 1854 strophae
1063 1797 1166 1838 versus
1181 1791 1259 1856 ‘2-4,
1279 1791 1358 1856 6-6,
1378 1780 1464 1855 epodi

187 1887 290 1927 versus
313 1880 383 1926 4-6
408 1869 438 1927 in
462 1868 598 1946 singulas
622 1869 759 1944 periodos
783 1868 981 1945 coniungendi
1006 1868 1079 1945 sint,
1103 1871 1134 1926 et
1156 1868 1295 1927 versiculi
1318 1869 1465 1929 monocoli

187 1962 238 2016 str.
263 1970 278 2015 a
303 1962 334 2016 et
356 1978 400 2033 ep.
424 1970 455 2033 4,
479 1977 496 2016 a
520 1958 676 2016 maiestate
707 1957 752 2015 illi
783 1957 949 2016 camrinum
979 1957 1344 2032 dactylo-epitriticomm
1375 1977 1466 2034 quam

188 2047 315 2105 maxime
340 2047 430 2105 alieni
458 2038 509 2126 (cf.
534 2046 683 2106 Censorin.
709 2047 744 2105 de
768 2065 843 2104 mus.
866 2066 895 2121 p.
915 2057 981 2122 666,
1004 2058 1020 2103 3
1044 2046 1089 2104 ed.
1113 2039 1176 2127 K),
1203 2047 1336 2105 colorum
1364 2047 1466 2122 potius

188 2155 279 2211 quam
303 2155 444 2194 versuum
467 2136 563 2194 vicem
586 2136 750 2194 obtineant.
795 2135 880 2205 Quod
904 2139 1005 2193 autem
1030 2135 1059 2192 in
1084 2134 1141 2193 fine
1164 2136 1375 2212 plerorumque
1399 2156 1466 2195 ver-

187 2243 276 2283 suum
305 2224 500 2302 perexiguum
524 2228 643 2301 tempus
670 2244 782 2301 pausae
811 2228 901 2300 poeta
924 2224 1060 2301 reliquit,
1084 2223 1139 2283 hoc
1163 2242 1232 2282 cum
1254 2225 1411 2285 alacritate
1435 2230 1466 2282 et

187 2315 302 2373 fervore
326 2314 483 2373 modorum
505 2314 595 2373 huius
618 2315 758 2372 carminis
782 2313 929 2390 cohaeret,
953 2332 1030 2389 quae
1050 2313 1142 2372 etiam
1160 2314 1299 2372 anacrusi
1317 2314 1465 2390 bisyllaba

184 2403 274 2478 primi
297 2422 400 2462 versus
419 2406 450 2461 et
468 2403 638 2478 frequentia
656 2403 874 2479 dactylicomm
892 2403 1026 2462 colorum
1045 2420 1183 2478 expressa
1201 2409 1279 2461 sunt.
1320 2403 1464 2479 Dactylos

187 2492 265 2550 enim
289 2492 363 2550 adeo
386 2495 476 2567 poeta
499 2493 698 2569 praeoptavit,
722 2494 758 2549 ut
781 2494 885 2551 contra
903 2494 1032 2550 veterem
1052 2491 1298 2551 consuetudinem
1317 2491 1466 2568 dactylica

187 2581 326 2658 tripodia,
349 2600 407 2639 non
432 2581 582 2657 epitritico
606 2600 695 2641 versu
720 2582 874 2656 stropham
900 2581 1053 2640 clauderet
1071 2574 1123 2662 (cf.
1143 2580 1177 2640 Ο.
1197 2600 1215 2638 x
1236 2585 1286 2640 str.
1307 2582 1339 2642 P.
1360 2600 1390 2639 rx
1410 2603 1466 2658 ep,

185 2670 221 2727 N.
240 2688 271 2727 xi
291 2674 341 2729 atr.
361 2675 392 2727 et
410 2663 479 2751 ep).
507 2670 677 2730 Admodum
695 2690 765 2729 vero
792 2671 918 2729 dubium
941 2674 994 2748 est,
1017 2668 1121 2728 utrum
1145 2670 1249 2730 finales
1272 2672 1348 2730 duae
1373 2672 1464 2746 sylla-

186 2758 240 2817 bae
269 2760 390 2818 secundi
417 2777 522 2817 versus
549 2761 636 2835 epodi
664 2759 733 2818 hnic
761 2759 861 2817 versui
889 2760 1092 2819 concedendae
1128 2779 1166 2818 an
1196 2761 1331 2836 proximo
1364 2760 1465 2819 versui

186 2847 392 2927 praefigendae
415 2848 489 2923 sint,
512 2849 659 2924 equidem,
683 2868 749 2907 cum
774 2848 902 2907 iambica
925 2849 1079 2908 anacrusis
1105 2868 1123 2907 a
1148 2850 1298 2927 gravitate
1323 2869 1464 2909 versuum

185 2937 538 3014 dactylo-epitriticomm
566 2937 738 3014 abhorreat,
767 2936 889 3014 Bergkii
913 2956 1004 3012 qnam
1027 2937 1171 2996 Boeckhii
1194 2939 1362 3015 veterisque
1386 2939 1464 2997 colo·

186 3027 309 3085 metriae
332 3026 464 3086 rationes
488 3026 572 3102 sequi
596 3027 691 3085 satius
714 3025 798 3103 duxi,
829 3026 1005 3101 praesertim
1032 3046 1100 3084 cum
1128 3026 1220 3084 etiam
1248 3027 1464 3086 sententiamm

186 3116 382 3175 confomratio
407 3116 437 3173 in
456 3135 502 3175 vv.
519 3128 552 3172 33
572 3120 603 3174 et
622 3128 654 3173 52
675 3115 784 3174 nostris
808 3114 975 3173 rationibus
998 3116 1107 3173 laneat.
1154 3115 1289 3191 Denique
1314 3117 1349 3173 de
1373 3116 1464 3175 versi·

186 3203 242 3262 bus
260 3205 420 3283 acephalis,
436 3205 578 3281 aquibus
597 3205 720 3280 stropha
739 3203 856 3263 orditur
875 3206 905 3262 et
923 3202 953 3260 in
973 3222 1048 3279 quos
1068 3203 1185 3280 desinit,
1199 3205 1300 3263 confer
1319 3203 1352 3264 Ο,
1368 3223 1424 3262 xm
1441 3218 1464 3263 1.

186 3292 339 3370 Prepa.
356 3306 534 3369 ineptam
552 3306 575 3350 1.
592 3291 1081 3369 ep.9.N.x1etvideProl.x1x.
1098 3311 1115 3348 ι,
1139 3292 1313 3352 -Carmen
1327 3294 1382 3353 hoc
1397 3312 1465 3353 can-

187 3385 286 3440 tatum
311 3388 357 3441 est
379 3382 497 3458 publice
521 3401 539 3440 a
564 3382 714 3458 frequenti
737 3382 826 3441 choro
851 3381 929 3439 inter
947 3382 1051 3457 epulas
1070 3400 1089 3439 a
1107 3384 1195 3458 gente
1215 3382 1408 3442 llratidarum
1428 3384 1466 3441 ad

188 3471 395 3530 celebrandam
427 3472 584 3531 victoriam
614 3472 737 3549 gentilis
767 3471 916 3548 Diagorae
947 3471 1108 3529 edomatas
1135 3465 1177 3551 (v.
1202 3463 1265 3550 94),
1295 3472 1465 3532 consociato

187 3564 279 3618 cantu
302 3560 407 3620 fidium
430 3563 462 3618 et
489 3560 632 3619 tibiarum
662 3552 704 3640 (v.
730 3552 786 3640 12).
832 3559 996 3618 Pindarum
1020 3560 1119 3637 ipsum
1141 3560 1279 3619 Rhodum
1303 3581 1371 3621 cum
1394 3562 1466 3620 Dia-

187 3668 260 3725 gora
283 3649 395 3709 victore
419 3649 543 3727 venisse,
566 3653 602 3707 ut
625 3650 748 3707 eborum
772 3649 891 3707 doceret
915 3652 945 3707 et
968 3649 998 3706 in
1017 3649 1149 3707 canendo
1168 3649 1307 3726 praeiret,
1326 3670 1414 3710 versu
1433 3662 1465 3708 13

188 3737 388 3815 significatum
416 3757 479 3797 esso
508 3739 639 3814 videtum
667 3739 718 3798 sed
746 3757 814 3795 cum
842 3737 965 3796 verbum
992 3734 1116 3815 πέμπων
1139 3759 1165 3799 v.
1190 3754 1205 3795 6
1230 3740 1259 3797 in
1284 3739 1465 3798 contrariam

188 3828 366 3886 sententiam
396 3828 475 3887 trabi
504 3829 599 3904 possit
626 3831 656 3884 et
684 3827 786 3885 eodem
815 3846 893 3885 anno
922 3827 1111 3903 Xenophonti
1139 3828 1293 3886 Corinthio
1326 3847 1466 3905 pmesens

188 3914 335 3975 Pindarus
354 3917 511 3976 victoriam
531 3918 704 3995 gratulatus
724 3908 1118 3997 ossedicatur(O.x1113l,
1142 3916 1214 3974 nihil
1236 3918 1308 3975 certi
1333 3920 1466 3977 statuere

188 4005 293 4082 ausim,
317 4006 372 4063 nisi
399 4007 478 4082 quod
507 4010 626 4082 poetam
657 4005 785 4062 insulam
818 4004 915 4078 ipsum
944 4004 1052 4064 vidisse
1081 4008 1111 4062 et
1134 4005 1267 4064 homines
1291 4007 1465 4084 cognovisse

187 4094 249 4153 veri
272 4095 458 4154 simillimum
483 4101 535 4154 est.

1227 4184 1308 4264 Στρ.
1332 4179 1375 4245 α’.

403 4286 533 4351 Φιάλαν
556 4287 600 4363 ὡς
623 4293 725 4362 εἴτις
748 4285 887 4369 ἀφνειᾶς
910 4283 973 4349 ἀπὸ
997 4284 1105 4369 χειρὸς
1129 4282 1213 4349 ἑλὼν

400 4394 500 4459 ἔνδον
523 4394 669 4478 ἀμπέλου
693 4393 911 4477 καχλάζοισαν
935 4392 1045 4478 δρόσῳ

262 4568 342 4602 vanu
360 4570 464 4606 aromo.
503 4552 585 4607 lnacr.
623 4548 749 4623 Διαγόρᾳ
766 4546 861 4621 Ῥοδίῳ
880 4549 970 4619 πύκτῃ
990 4550 1125 4615 MOI),
1144 4552 1292 4619 praeterea
1311 4551 1418 4603 addunt
1438 4553 1464 4603 A

190 4619 240 4692 vici
264 4622 448 4692 Δαμαγήτου,
468 4624 629 4697 131)va
649 4630 720 4691 dorp.
742 4621 888 4688 νικήσαντι
908 4620 958 4689 τὴν
978 4620 1027 4673 oe'
1049 4621 1100 4687 (οζ’
1122 4621 1209 4673 minio
1229 4622 1293 4674 adel.
1314 4623 1354 4690 D)
1371 4621 1409 4673 ὀὶ,
1431 4653 1464 4660 -

260 4784 448 4820 comminui.
487 4786 511 4821 v.
534 4774 609 4822 1-6.
634 4766 779 4839 praeclara
798 4761 972 4831 comparatio
992 4763 1123 4817 carminis
1143 4780 1206 4817 cum
1226 4762 1323 4832 phiala
1342 4760 1400 4814 vini
1418 4763 1464 4828 (cf.

189 4833 260 4889 O.v1
272 4839 310 4906 or)
328 4839 440 4907 egregie
460 4839 578 4893 carmini
596 4840 726 4894 convenit
744 4839 773 4891 in
792 4833 920 4889 convivio
940 4835 1093 4899 cantando;
1113 4836 1147 4888 cf.
1164 4835 1197 4887 N.
1213 4854 1242 4886 m
1258 4851 1292 4888 rs.
1329 4834 1384 4887 Rea
1404 4833 1466 4903 ipsa

1217 4923 1254 4974 48
