3442 5550
828 408 1104 461 PROLEGOMENA.

947 639 980 694 Β.

526 767 604 834 Vita
626 767 760 833 metrioa
782 785 822 832 ex
846 765 1011 832 Eustathfi
1033 766 1106 832 vita
1128 763 1219 831 Pind.
1242 767 1401 849 ετοεερῖο

459 914 635 997 Πίνδαρον
657 911 833 995 ὑψαγόρην
856 910 1049 995 Καδμηίδος
1072 909 1166 975 οὔδει·
1189 911 1300 993 Θήβης

458 1021 617 1103 Κλειδίκη
639 1018 818 1102 εὐνηθεῖσα
841 1015 1067 1106 μενεπτολέμω
1091 1016 1274 1103 Δαῖφάντηι

458 1130 604 1211 γείνατο,
627 1125 825 1192 ναιετάουσα
850 1126 962 1201 Κυνὸς
984 1130 1129 1209 κεφαλῆς
1150 1125 1239 1210 παρὰ
1262 1124 1372 1210 χώρῳ,

336 1258 345 1275 ·
459 1234 520 1300 ούκ
544 1229 628 1299 οἷον·
653 1233 720 1318 ἅμα
743 1242 788 1321 τῷ
811 1230 866 1297 καὶ
887 1231 1053 1318 Ἐρίτιμον
1076 1232 1187 1297 εἰδότα
1209 1233 1332 1318 θῆρης,

459 1342 570 1407 εἰδότα
593 1343 779 1424 πυγμαχίης
801 1363 836 1404 τε
857 1340 1129 1424 παλαισμοσύνης
1151 1336 1182 1402 τ’
1203 1337 1379 1421 άλεγεινῆς.

458 1449 518 1513 τὸν
541 1445 611 1532 μέν,
635 1447 688 1513 ὅτε
711 1447 904 1511 κνώσσοντα
926 1444 1003 1511 ποτὶ
1026 1449 1135 1531 χθόνα
1156 1445 1298 1509 κάτθετο
1321 1446 1427 1529 μῆτηρ

460 1553 560 1621 εἰσέτι
582 1555 725 1621 παιδνὸν
748 1551 859 1637 ἐόντα,
882 1551 1021 1638 μέλισσά
1044 1577 1094 1629 τις
1117 1552 1162 1628 ὡς
1185 1549 1238 1617 έπί
1261 1554 1387 1638 σίμβλῳ

460 1666 580 1748 χείλεσι
603 1660 793 1746 νηπιάχοισι
816 1661 1087 1745 τιθαιβώσσουσα
1110 1668 1241 1724 ποτᾶτο.

459 1779 504 1858 τῷ
530 1766 565 1834 δέ
590 1772 833 1853 λιγυφθόγγων
856 1767 961 1833 έπέυν
983 1766 1109 1852 μελέων
1132 1765 1169 1832 θ’
1189 1766 1377 1849 ὑποθήμωυ

460 1880 574 1942 ἔπλετο
598 1877 654 1941 δῖα
678 1879 842 1963 Κόριννα,
865 1880 1016 1960 θεμείλια
1041 1872 1072 1939 δ’
1095 1876 1205 1939 ώπασε
1228 1874 1349 1956 μύθων

460 1964 642 2070 τοπρῶτον·
666 1984 746 2067 μετὰ
769 1984 831 2066 τῆν
854 1981 886 2047 δ’
906 1980 1125 2065 Ἀγαθοκλέος
1148 1984 1289 2065 ἔμμορεν
1312 1980 1431 2063 αὐδῆς,

460 2090 496 2166 ὅς
518 2089 561 2175 όά
584 2088 662 2171 <τέ>
686 2090 721 2154 οί
741 2088 925 2167 κατέδειξεν
947 2088 1029 2155 δδὸν
1052 2086 1107 2153 καί
1130 2086 1251 2173 μέτρον
1275 2086 1398 2170 ἀοιδῆς.

460 2192 533 2262 εὖτε
557 2194 589 2260 δ’
608 2193 836 2281 Ἀλεξάνδροιο
863 2196 1088 2261 Φιλιππιάδαο
1112 2203 1247 2279 μευοινῆ

462 2304 640 2387 Καδμείων
662 2301 824 2386 ἀφίκοντο
849 2305 1049 2387 Μακηδύνες
1071 2304 1170 2367 ἄστεα
1193 2299 1325 2386 πέρσαι,

464 2408 663 2494 Πινδαρέων
686 2409 839 2495 μεγάρων
863 2409 924 2494 οὐχ
947 2411 1053 2493 ῆψατο
1076 2405 1255 2484 θεσπιδαὲς
1277 2418 1354 2493 πῦρ.

460 2515 544 2581 άλλδι
568 2518 605 2582 τὸ
628 2513 689 2600 μὲν
711 2520 922 2601 μετόπισθεν.
968 2520 1016 2582 ἔτι
1041 2517 1155 2594 ζώοντι
1180 2514 1211 2579 δ’
1233 2515 1336 2603 ἀοιδῷ

464 2625 588 2707 Φοῖβος
610 2622 691 2701 ἅναξ
716 2622 863 2688 ἐκέλευσε
886 2624 1100 2706 πολυχρύσου
1123 2623 1212 2707 παρὰ
1236 2627 1379 2698 Πυθοῦς

460 2729 516 2810 ῆια
538 2726 594 2793 καί
617 2729 704 2814 μέθυ
729 2731 833 2813 λαρὸν
856 2727 907 2794 ἀεὶ
933 2729 1084 2813 Θήβηνδε
1107 2732 1261 2813 κομίζειν.

460 2833 515 2900 καὶ
538 2833 650 2920 μέλος,
674 2836 719 2913 ώς
742 2828 932 2919 ἐνέπουσιν,
956 2835 993 2900 έν
1016 2836 1153 2920 οὔρεσιν
1175 2837 1323 2920 ῆύκερως
1346 2836 1422 2901 Πάν

461 2942 636 3028 Πινδάρου
661 2939 733 3008 αἰέν
755 2944 844 3009 ἄειδε
868 2941 923 3007 καί
947 2943 1008 3008 οὐκ
1032 2941 1189 3028 ἐμέγηρεν
1211 2943 1343 3008 ἀείδων.

458 3045 541 3136 ῆμος
563 3049 596 3115 δ’
618 3049 654 3115 ἐν
678 3056 870 3137 Μαραθῶνι
893 3049 949 3115 καί
973 3049 1010 3115 έν
1033 3055 1201 3135 Σαλαμῖνι
1224 3050 1392 3135 παρέσταν

459 3157 629 3244 αἰναρέται
653 3157 781 3244 Πέρσαι
803 3159 883 3242 μετὰ
903 3157 1050 3233 Δάτιδος
1073 3156 1304 3242 άγριοφώνου,

459 3275 559 3350 τῆμος
582 3269 630 3330 ἔτι
654 3266 806 3348 ζώεσκεν,
830 3263 878 3330 ὅτ’
901 3266 1068 3348 Αἰσχύλος
1090 3260 1132 3347 ῆν
1155 3264 1192 3330 έν
1212 3263 1377 3347 Ἀθήναις.

459 3381 504 3458 τῷ
528 3368 565 3435 δὲ
593 3371 764 3455 Τιμοξείυη
787 3369 1000 3454 παρελέξατο,
1025 3372 1081 3435 δῖα
1104 3383 1288 3454 γυναικῶν,

459 3477 480 3560 ῆ
503 3475 594 3542 τέκεν
618 3479 768 3563 Εὔμητιν
790 3481 996 3564 μεγαλήτορα
1019 3476 1074 3543 καί
1093 3483 1305 3563 Δαΐφαντον,

460 3585 689 3674 Πρωτομάχην
712 3584 743 3651 δ’
765 3584 818 3651 έπί
841 3597 957 3650 τοῖσιν.
1003 3588 1120 3669 ἕμελύε
1144 3584 1181 3650 δέ
1204 3586 1305 3662 κῦδος
1329 3586 1474 3668 ἀγώνων

458 3703 527 3757 τῶν
549 3694 714 3778 πισύρωυ,
737 3693 895 3778 μακάρων
917 3694 1092 3775 παιῆονας,
1116 3692 1153 3758 ἐν
1176 3692 1217 3758 δέ
1236 3717 1270 3758 τε
1293 3695 1454 3778 θρήνους,

459 3796 515 3863 καὶ
537 3798 634 3884 μέλος
657 3801 856 3885 ὀρχηθμοῖο,
879 3804 971 3864 θεῶν
994 3798 1023 3864 τ’
1045 3798 1215 3886 ἐρικυδέος
1238 3800 1380 3885 ὕμνους,

461 3901 520 3987 ἠδέ
543 3910 782 3990 μελιφθόγγων
805 3907 1012 3990 μελεδήματα
1034 3907 1281 3992 παρθενικάων.

461 4023 550 4087 τοῖος
573 4012 636 4077 ἐών
659 4012 713 4078 καί
737 4015 837 4079 τόσσα
861 4013 985 4077 παθὼν
1007 4011 1063 4078 καί
1086 4017 1187 4081 τόσσα
1211 4013 1365 4090 τελέσσας

461 4117 642 4201 κάτθανεν,
667 4119 857 4201 ὀγδώκοντα
880 4119 1096 4205 τελειομένων
1119 4120 1290 4187 ἐνιαυτῶν.

418 4371 441 4418 1.
461 4364 525 4419 Var.
546 4364 610 4420 leet.
629 4365 713 4420 huius
732 4366 867 4421 metrioae
885 4366 963 4421 vitae
982 4384 1015 4421 ex
1035 4369 1094 4423 cod.
1111 4368 1183 4422 Med.
1199 4374 1241 4435 32,
1258 4375 1291 4422 35
1311 4372 1356 4438 (γ)
1375 4369 1524 4440 exscripsit
1539 4368 1611 4424 Abel

327 4435 380 4491 Rh.
395 4435 431 4489 Μ.
447 4441 490 4503 34,
506 4441 571 4502 369;
590 4436 624 4491 cs.
640 4437 774 4492 Ludwich
793 4437 863 4492 ibid.
879 4458 906 4507 p.
922 4445 972 4491 357
984 4456 1019 4491 οε.
1041 4470 1072 4478 -
1095 4446 1135 4493 12.
1155 4437 1299 4504 κατέλεξεν
1317 4440 1397 4494 codd.
1418 4472 1451 4481 -
1471 4446 1514 4495 27.
1534 4440 1565 4497 ἐν
1579 4444 1610 4495 δε

327 4526 356 4561 τε
380 4506 507 4575 θρήνους
527 4524 579 4562 em.
600 4508 807 4571 Schneidewin,
833 4509 863 4564 ἐν
883 4510 912 4564 δὲ
933 4510 1105 4578 θρονισμούς
1123 4509 1194 4566 coni.
1214 4511 1319 4581 Bergk,
1344 4510 1374 4567 έν
1393 4511 1565 4582 δεδογμένος
1583 4514 1613 4565 ελ

328 4577 553 4647 ἀναδεδεγμένος
576 4579 670 4648 οοδδ.;
695 4580 729 4634 δε
753 4580 869 4634 met-rico
893 4580 963 4634 vitio
987 4598 1042 4649 quo
1066 4578 1278 4637 emendationes¹
1299 4583 1457 4655 propositas
1481 4582 1610 4637 laborare

329 4649 401 4704 dicit
419 4649 553 4706 Ludwich
572 4670 597 4706 v.
617 4651 670 4709 Rh.
685 4652 721 4707 M.
737 4657 781 4722 34,
796 4658 856 4708 366.
