3442 5550
756 379 904 430 rsraun
926 383 974 434 ru.
1436 388 1501 452 343

1301 548 1384 615 Ἀντ.
1404 551 1447 617 α’.

281 646 423 712 εὐκλέων
447 646 476 710 δ’
504 651 612 734 ἔργον
635 650 755 714 άποινα
779 652 840 735 χρὴ
863 647 924 734 μὲν
946 651 1091 736 ὑμνῆσαι
1115 655 1173 719 τὸν
1197 655 1303 740 έσλόν,

280 755 342 838 χρὴ
366 751 402 819 δὲ
425 753 601 839 κωμάζοντ’
630 755 769 839 ἀγαναῖς
791 762 980 843 χαρίτεσσιν
1002 761 1172 843 βαστάσαι.

280 863 347 946 ἔστι
371 858 407 926 δὲ
430 860 485 926 καὶ
509 862 660 947 διδύμων
682 862 816 950 ρἰέθλιον
839 869 997 954 Μελίσσῳ

227 985 260 1031 10
279 980 377 1055 μοῖρα
399 970 483 1054 πρὸς
505 969 718 1055 εὐφροσύναν
741 971 857 1057 τρέψαι
882 977 1037 1054 γλυκεῖαν

279 1070 373 1162 ἦτορ,
398 1075 434 1141 ἐν
457 1076 633 1160 βάσσαισιν
654 1077 790 1163 Ἰσθμοῦ
814 1079 979 1164 δεξαμένῳ
1004 1082 1202 1168 στεφάνους,
1226 1085 1265 1150 τά
1289 1083 1325 1151 δὲ
1348 1091 1415 1153 κοί-

322 1188 364 1270 λᾳ
387 1183 519 1260 λέοντος

279 1289 315 1354 έν
338 1290 569 1375 βαθυστέρνου
593 1293 682 1380 νάπᾳ
704 1293 823 1379 κάρυξε
849 1297 963 1378 Θήβαν

278 1525 479 1611 ίπποδρομίᾳ
502 1525 657 1608 κρατέων.
682 1525 868 1612 ἀνδρῶνδ’
897 1528 1016 1615 ἀρετάν

278 1632 454 1717 σύμφυτον
477 1632 518 1695 οὐ
540 1632 732 1717 κατελέγχει.

225 1755 257 1801 15
278 1744 345 1803 ίστε
368 1741 434 1822 μάν
459 1740 661 1824 Κλεωνύμου

277 1845 378 1924 δόξαν
400 1848 545 1911 παλαιάν
568 1849 726 1933 άρμασιν·
1463 1874 1497 1921 ab

276 1951 330 2017 καὶ
358 1957 506 2038 ματρόθε
536 1957 798 2038 Λαβδακίδαισιν
826 1958 987 2042 σύννομοι
1014 1960 1161 2024 πλούτου
1189 1960 1371 2044 διέστειχον
1395 1986 1444 2027 τε-

1072 2077 1231 2153 τραοριᾶν
1253 2071 1377 2146 πόνοις.

276 2151 359 2214 αίὼν
382 2146 417 2214 δὲ
441 2151 695 2236 κυλινδομέναις

320 2256 454 2344 ἁμέραις
476 2257 547 2323 ἄλλ’
569 2259 680 2324 ἄλλοτ’
702 2260 886 2340 ἐξάλλαξεν·
910 2264 1054 2346 άτρωτοί
1070 2287 1106 2346 γε
1125 2264 1192 2348 μδιν
1209 2265 1325 2340 παῖδες
1342 2273 1442 2332 θεῶν.
1462 2284 1497 2331 3ο

819 2494 899 2578 [ΝῘΙ

300 2617 392 2684 Ἔστι
415 2644 470 2703 μοι
494 2627 585 2684 θεῶν
608 2618 697 2685 ἕκατι
719 2622 821 2705 μυριά
844 2629 952 2707 παντᾷ
974 2618 1146 2704 κέλευθος,
1300 2627 1379 2708 Στρ.
1399 2621 1442 2706 β’.

293 2854 315 2900 7.
332 2849 451 2902 εὐκλεῶν
466 2850 527 2903 BIl
541 2882 574 2889 —
591 2855 631 2903 11.
648 2848 779 2922 βάσαισιν
793 2850 820 2904 Β
835 2881 868 2889 -
885 2854 925 2903 12.
941 2846 1136 2922 βαθυστέρνου
1150 2849 1243 2904 codd:
1263 2847 1446 2925 deductiores
1461 2870 1494 2906 ex

220 2919 334 2974 scholiis
348 2920 440 2990 Bergk
452 2951 484 2960 -
496 2926 536 2974 17.
551 2922 759 2993 Ααβδακίδαισι
773 2927 849 2986 ξυνν.
862 2921 1017 2975 Mommsen
1028 2953 1060 2960 -
1071 2919 1193 2974 πλούτου
1207 2920 1282 2975 BD:
1296 2921 1406 2995 πλούτῳ
1420 2923 1492 2978 coni.

221 2992 304 3044 Pauw
320 3023 352 3031 -
368 2991 505 3062 διέσει-χον
525 2993 594 3060 BD,
614 2991 765 3062 διέστειχον
785 2992 940 3046 Hermann:
961 2990 1115 3061 διέστιλβον
1134 2991 1205 3045 coni.
1226 2990 1315 3059 Bulle,
1335 2992 1494 3063 διέτρεσαν

219 3063 439 3132 interpretantur
463 3062 582 3129 scholia3
606 3063 715 3136 πλοάτιμ
741 3062 852 3133 διέσχον
877 3064 925 3116 καὶ
951 3082 1020 3130 τετρ.
1035 3061 1133 3126 πόνοις
1151 3063 1281 3133 Hartung
1305 3095 1340 3103 -
1364 3069 1406 3119 18.
1431 3065 1492 3120 ἄλλ’

219 3135 297 3189 ἄλλοι
314 3133 338 3188 τ’
355 3136 382 3188 Β
401 3169 434 3174 -
456 3141 496 3189 19,
511 3151 623 3189 carmen
638 3137 770 3203 quartum
784 3152 847 3189 cum
861 3134 944 3188 tertio
959 3134 1090 3189 cohaeret
1109 3134 1138 3188 in
1156 3135 1194 3203 D,
1214 3151 1304 3189 vacuo
1322 3134 1385 3191 loco
1405 3137 1441 3192 ab
1461 3155 1493 3193 eo

217 3278 346 3349 χρήματα
365 3277 461 3332 σθένει
480 3277 564 3332 οὐδὲν
579 3278 605 3332 εί
618 3278 654 3346 μὴ
665 3279 777 3360 βραχὺν
791 3276 919 3347 ὁμιλῆσαι
938 3273 1086 3346 χρόνον-
1105 3282 1127 3331 7.
1148 3275 1236 3346 ἔργων
1256 3277 1361 3333 άποινα
1381 3280 1491 3349 apposi-

217 3351 258 3403 tio
278 3349 471 3419 praedicativa
490 3353 533 3403 est
552 3353 708 3403 sententiae
727 3350 848 3419 ὑμνῆσαι
867 3348 916 3402 τὸν
935 3347 1021 3412 ἐσλόν,
1042 3351 1074 3401 ut
1093 3347 1123 3402 Ο.
1140 3368 1177 3401 vu
1192 3366 1224 3402 ie.
1246 3348 1273 3402 P.
1290 3367 1387 3404 119-
1403 3357 1426 3404 8.
1443 3352 1491 3421 ὑμ-

218 3430 301 3490 νῆσαι
320 3425 348 3475 et
367 3422 528 3490 κωμάζοντα
544 3421 613 3490 (scil.
628 3424 751 3491 poetam)
765 3423 906 3491 χαρίτεσσι
924 3418 1061 3493 βαστάσαι
1081 3420 1295 3490 coniunguntur,
1315 3424 1347 3474 ut
1361 3430 1448 3492 κῶμοι
1463 3427 1492 3477 et

217 3490 388 3547 terbellii
408 3510 432 3546 31
454 3524 485 3532 -
506 3498 529 3545 9.
551 3495 597 3545 nat
617 3493 750 3562 διδύμων,
769 3493 813 3547 vel
833 3492 962 3558 duorum;
989 3491 1060 3544 bene
1079 3495 1174 3545 autem
1193 3494 1278 3560 poeta
1296 3491 1415 3547 alteram
1434 3493 1490 3548 vic-

217 3564 319 3619 toriam
337 3564 519 3629 Nemeaeum,
538 3581 610 3632 quae
629 3581 703 3617 nova
721 3567 889 3630 accesserat,
910 3561 1030 3632 amplius
1048 3566 1210 3632 persecutus
1230 3568 1273 3616 est
1292 3595 1326 3602 -
1346 3570 1387 3617 10.
1407 3573 1491 3633 μοῖρα

217 3634 397 3704 ...τρέψαι
423 3635 534 3689 dicendi
558 3653 608 3688 usu
633 3635 754 3689 Pindaro
778 3635 912 3688 familiari
934 3651 984 3703 pro
1024 3643 1087 3702 οῑρα
1110 3635 1224 3703 τοιαύτη
1249 3633 1316 3688 ὥστε
1334 3633 1438 3703 τρέψαι
1457 3669 1490 3676 -

218 3715 259 3762 11.
283 3706 318 3761 τά
342 3707 386 3776 δὲ,
410 3707 502 3761 altera
525 3723 557 3760 ex
580 3710 672 3776 parte;
697 3707 731 3761 cf.
748 3707 778 3761 0.
794 3726 821 3759 rx
835 3723 861 3760 oe
880 3739 912 3746 —
932 3705 967 3758 τὰ
986 3655 1023 3759 dt
1037 3704 1152 3775 κάρυξε·
1180 3723 1229 3759 suo
1253 3722 1328 3759 more
1352 3706 1490 3760 Pindarus

215 3779 310 3832 variat
328 3779 446 3833 formam
465 3777 615 3841 orationis,
635 3781 666 3831 ut
686 3778 717 3832 O.
736 3798 746 3830 1
766 3795 790 3832 ιι
805 3796 845 3846 sq.
864 3811 898 3818 -
917 3775 1028 3840 λέοντος
1047 3776 1124 3831 νάπα
1142 3776 1218 3832 valle
1236 3777 1369 3832 Nemeaei
1389 3778 1490 3845 leonis3

216 3849 347 3904 similiter
360 3851 389 3905 P.
405 3870 433 3903 vr
447 3870 459 3903 o
474 3850 546 3903 dixit
560 3849 590 3904 ἐν
607 3849 771 3903 Ἀπολλωνία
787 3848 864 3903 νάπα
883 3882 915 3889 -
932 3855 972 3902 12.
991 3848 1097 3921 Θήβαν,
1109 3834 1236 3902 'Phebam
1250 3852 1400 3919 patronam
1413 3850 1490 3904 urbis

215 3921 375 3976 Thebarum
395 3926 430 3990 (v.
451 3922 471 3976 l.
491 3941 500 3974 1
521 3940 539 3975 1.
560 3941 597 3974 vn
616 3939 635 3977 1.
664 3921 696 3975 fr.
717 3905 792 3990 σο,ὀ)
816 3905 910 3974 ut‘rum
929 3919 1100 3973 intellexerit
1123 3937 1160 3974 an
1182 3920 1280 3974 urbem
1298 3920 1389 3990 ipsam
1408 3926 1444 3991 (v.
1459 3921 1490 3977 P.

215 4013 243 4046 ιν
263 4010 309 4047 εον.
337 3994 371 4047 fr.
391 4011 438 4059 res,
457 3997 493 4061 ι),
519 3993 649 4047 dubitare
672 3993 762 4062 possis
787 4024 818 4031 -
845 3998 885 4046 14.
911 3993 943 4045 οὐ
969 3990 1140 4061 κατελέγχει,
1164 4008 1220 4044 non
1243 3990 1390 4061 indignum
1414 3993 1491 4046 fama

216 4064 355 4118 maiorum
374 4081 402 4118 ae
421 4065 550 4134 praebet;
569 4064 603 4118 ef.
620 4064 650 4118 Ο.
667 4083 715 4117 vm
731 4083 762 4118 ni.
792 4065 811 4118 I.
826 4083 875 4116 τοι
894 4080 919 4118 sa
939 4096 971 4103 -
993 4069 1033 4117 17,
1053 4064 1101 4115 καὶ
1120 4060 1264 4131 ματρόθεν
1283 4060 1491 4135 Λαβδακίδαισι

215 4135 363 4205 σύννομοι·
385 4135 483 4190 schol:
503 4137 539 4197 ὡς
558 4135 629 4189 κατὰ
648 4134 752 4205 μητέρα
771 4135 828 4189 eut
846 4135 999 4208 Λαβδάκου
1018 4135 1066 4187 καὶ
1088 4131 1240 4194 Οἰδίποδος
1257 4142 1307 4187 τοῦ
1322 4135 1491 4204 Κλεωνύμου

217 4207 297 4270 ὄντος
316 4241 348 4247 -
367 4208 489 4261 πλούτου
508 4207 660 4277 διέστειχον
678 4226 747 4274 τετρ.
767 4205 876 4271 πόνοις·
896 4206 982 4260 verba
1002 4205 1025 4258 si
1044 4204 1167 4276 genuina
1186 4207 1264 4272 sunt,
1284 4204 1376 4258 simile
1394 4204 1491 4261 valent

217 4281 302 4347 atque
321 4280 406 4352 ἀρετᾷ
426 4278 588 4331 κατάκειται
607 4276 767 4347 ἀμφότερον
786 4277 928 4340 δαπάναις
946 4297 975 4330 τε
995 4278 1042 4330 καὶ
1060 4273 1159 4339 πόνοις
1177 4277 1196 4330 Ι.
1212 4295 1222 4328 1
1236 4292 1274 4330 εει
1295 4276 1409 4330 divitias
1423 4293 1489 4401 χισε-

216 4350 370 4404 metiuntur
389 4367 444 4403 non
463 4350 568 4419 ignavi,
587 4351 635 4403 sed
655 4350 799 4404 laboribus
818 4349 961 4403 curulibus
976 4365 1089 4418 operam
1103 4349 1253 4414 navantes3
1273 4347 1320 4401 vix
1335 4347 1409 4402 enim
1434 4350 1491 4402 icet

216 4424 340 4476 statuere
364 4425 393 4475 et
415 4421 543 4474 dativum
566 4423 773 4494 Λαβδακίδαισι
796 4425 825 4475 et
846 4420 1007 4491 genetivum
1031 4419 1152 4474 πλούτου
1174 4436 1193 4472 a
1216 4419 1327 4473 nomine
1356 4419 1490 4488 σύννομοι

215 4494 345 4563 pendere,
365 4510 535 4561 quamquam
550 4493 681 4562 σύννομοι
696 4510 760 4546 cum
773 4492 904 4562 genetivo
919 4495 1019 4562 poetae
1034 4494 1062 4544 et
1076 4491 1225 4573 scriptores
1240 4491 1367 4559 iungunt.
1392 4491 1490 4545 Finem

215 4581 281 4619 vero
308 4564 439 4618 carminis
463 4563 539 4617 tertii
563 4563 592 4616 in
615 4564 713 4618 eodem
732 4581 786 4633 quo
806 4564 917 4616 initium
937 4562 1030 4630 quarti
1051 4563 1182 4616 carminis
1202 4564 1268 4617 orbe
1287 4562 1491 4617 sententiarum

215 4636 287 4691 verti
306 4639 390 4706 poeta
409 4634 511 4697 voluit,
531 4652 585 4702 quo
605 4635 716 4689 facilius
736 4637 791 4688 duo
810 4633 935 4688 carmina
959 4633 1090 4705 coniungi
1116 4638 1145 4688 et
1169 4633 1295 4703 copulari
1317 4637 1433 4705 possent
1456 4666 1489 4675 -

217 4716 258 4763 18.
278 4710 378 4770 παῖδες
397 4712 481 4774 θεῶν,
500 4723 550 4775 pro
569 4705 642 4773 θεοί,
661 4710 693 4760 ut
711 4706 857 4761 παίδεσσιν
873 4703 1014 4759 Ἑλλάνων
1031 4722 1081 4776 pro
1095 4703 1226 4760 Ἕλλασιν
1240 4725 1266 4760 τ.
1282 4722 1306 4761 51
1322 4710 1351 4760 et
1364 4705 1413 4761 τὸν
1427 4705 1490 4761 νλδν

216 4789 265 4834 τοῦ
284 4781 440 4846 ἀνθρώπου
459 4796 509 4848 pro
528 4777 576 4831 τὸν
595 4778 750 4846 ἄνθρωπον
770 4797 813 4849 ap.
832 4777 1005 4831 Matthaeum
1024 4777 1236 4847 evangelistam.

288 4857 329 4903 19.
349 4850 448 4919 incipit
468 4867 570 4903 novum
589 4867 710 4917 carmen,
729 4850 814 4904 sinuli
829 4849 950 4903 formula
964 4851 1049 4918 atque
1064 4865 1176 4903 carmen
1191 4849 1222 4903 Ο,
1237 4867 1265 4902 n
1279 4848 1441 4905 inchoatum
1456 4881 1489 4890 -
